1794 3158
315 115 433 181 454
811 132 1245 174 ANNOTA'noNEs·

315 250 401 289 cap.
436 237 515 289 24,
546 238 616 292 qui
648 238 800 286 aiebat,
832 239 863 275 si
893 237 1050 277 vicisset
1078 236 1235 283 hostes,
1278 234 1566 289 elegantissimo
1595 248 1757 290 quoque

314 299 458 331 ornatu
481 307 522 332 sc
550 295 716 346 dignum
750 306 856 342 esso,
897 298 953 342 et,
984 293 1017 330 si
1044 293 1171 331 vitam
1198 292 1240 329 in
1273 292 1356 330 acie
1396 292 1619 340 amitteret,
1661 306 1755 331 cum

315 347 490 399 quodam
518 348 659 386 decore
688 348 960 399 oppetiturum
1000 347 1042 384 in
1082 352 1285 385 armatura
1321 344 1542 399 splendida.
1597 347 1754 384 Merno-

313 409 377 440 rat
405 402 496 440 item
527 403 690 441 Curtius
728 401 800 440 lib.
833 401 872 444 5.
909 400 1184 440 Alexandrum
1223 407 1334 439 scuta
1364 400 1522 440 laminis
1559 402 1756 454 argenteis

315 459 548 509 operuisse,
589 471 712 509 equos
739 456 888 495 fraenis
917 457 1049 495 aureis
1081 457 1298 496 ornavisse.
1357 454 1462 495 Vide
1493 469 1654 494 causam
1683 455 1756 494 ibi.

312 511 514 563 Praecipit
533 513 627 550 item
646 511 885 550 Onosander
907 512 1155 564 imperatori,
1185 517 1309 560 curet,
1336 517 1383 549 ut
1414 510 1606 548 exercitus
1633 512 1754 551 armis

312 566 611 618 splendentibus
643 567 860 605 instructus
889 566 1051 619 fulgeat.
1108 566 1229 617 Quod
1257 563 1364 604 facili
1394 566 1554 618 negotio
1581 565 1650 604 fiet
1667 595 1679 617 ‚
1721 567 1755 605 si

313 620 539 673 gladiorum
568 635 780 660 mucrones
807 622 934 675 probe
961 629 1156 660 acuantur
1189 628 1227 660 et
1258 618 1393 673 galeae
1422 619 1648 673 loricaeque
1673 621 1754 660 fre-

312 682 483 727 quenter
521 676 810 729 abstergantur.
866 676 1012 715 Milites
1051 679 1159 716 enim
1196 677 1309 729 quasi
1345 674 1588 714 micantibus
1619 689 1755 715 armo-

309 744 402 769 rum
431 730 611 770 scintillis
636 730 897 771 terribiliores
924 739 1136 784 apparent,
1165 730 1396 782 multaeque
1422 743 1494 783 per
1510 728 1646 769 oculos
1665 745 1758 784 spe-

310 785 390 824 cies
418 785 459 823 in
486 787 639 825 animos
670 786 869 839 delapsae,
898 794 1119 839 perterrere
1147 786 1394 826 adversarios
1422 785 1564 824 solent.
1615 785 1757 825 Adda-

310 853 402 879 mus
430 847 468 879 et
488 842 588 880 istuc
609 855 683 894 pro
707 841 930 881 corollario.
963 841 1048 880 Leo
1066 843 1282 894 imperator
1309 840 1359 879 de
1390 847 1586 893 apparatu
1613 839 1760 880 bellico

310 909 399 947 cap.
412 895 450 934 6.
484 896 639 949 Quanto
659 895 858 935 decentior·
882 898 924 935 in
952 906 1156 935 armatura
1182 910 1252 935 saa
1282 896 1392 934 miles
1419 904 1490 942 est,
1507 904 1614 934 tanto
1629 897 1763 936 maior

311 950 376 988 illi
408 951 611 999 ala01·z'taS‚
651 960 689 989 et
714 952 879 990 hostibus
892 952 1080 1004 Jbrmido
1107 951 1376 990 vehementior
1401 951 1543 989 aderit.
1581 964 1757 991 Pom-An.

442 1005 545 1058 Pag.
567 1005 663 1054 526,
689 1004 750 1056 ¹4·
795 1003 833 1044 οἱ
861 1006 938 1055 μὲν
976 1002 1163 1058 θώραξιν
1190 1005 1235 1045 ἐκ
1262 1002 1422 1057 βύρσης
1449 1004 1756 1057 πεποιημένοις,

309 1055 351 1098 οἱ
379 1058 426 1098 δὲ
461 1058 772 1107 ἄλυσειδωτοῖς,
811 1059 1005 1112 Virgilius
1034 1061 1072 1103 5.
1119 1061 1288 1100 Aeneid.
1315 1066 1434 1098 vocat
1472 1058 1637 1099 loricam
1664 1075 1758 1100 eon-

310 1123 455 1153 sertam
476 1116 616 1155 Izamis.
672 1115 855 1168 Explicat
883 1117 1041 1168 Lipsius
1067 1115 1144 1155 hoc
1174 1130 1297 1169 genus
1322 1114 1495 1161 loricae,
1534 1114 1585 1153 de
1615 1114 1758 1155 militia

311 1169 429 1211 Rom.
458 1167 530 1208 lib.
560 1172 601 1210 5.
628 1169 724 1208 dial.
755 1171 794 1211 6.
850 1170 1014 1209 Lot-icas
1052 1171 1235 1210 lzamatas
1271 1171 1462 1209 dederunt
1495 1170 1661 1220 Latini,
1690 1172 1754 1209 in-

311 1225 399 1276 quit
417 1253 429 1274 ,
469 1226 565 1279 qaia
595 1226 734 1263 cir-culi
774 1235 813 1264 et
847 1236 1006 1264 catenae
1032 1240 1162 1265 nexae
1189 1226 1343 1265 hamali
1363 1226 1529 1279 speciem
1549 1225 1757 1264 dimidiati

311 1279 556 1326 refer-ebant.-
587 1281 653 1318 vel
672 1282 767 1335 qaia
787 1289 825 1319 et
848 1282 961 1318 hami
987 1282 1187 1320 catenulas
1216 1281 1434 1333 izmgebant.
1492 1279 1635 1319 Lorica
1663 1282 1755 1333 qui-

310 1333 403 1371 dem
431 1334 594 1373 hamata
621 1349 737 1374 versa
768 1350 790 1374 a
815 1337 948 1380 ¹,veteri
977 1334 1194 1374 bibliorum
1225 1337 1456 1388 interprete,
1485 1333 1556 1377 lib.
1580 1347 1623 1374 Ἰ1.
1652 1336 1751 1389 Reg.

311 1402 402 1440 cap.
440 1403 516 1442 17.‚
547 1390 619 1428 ubi
648 1390 687 1428 in
721 1390 878 1429 Graeco
910 1389 1055 1442 θώραξ
1086 1387 1367 1440 α’λυσιδωτὸς,
1412 1389 1464 1428 ad
1491 1387 1662 1429 verbu'm
1691 1391 1754 1428 lo-

312 1444 398 1482 rica
417 1453 608 1487 catenata.
665 1445 719 1484 Et
751 1459 834 1484 non
862 1445 973 1484 aliud
999 1445 1102 1495 fuit,
1144 1460 1265 1498 quam
1308 1444 1448 1483 circuli
1499 1445 1582 1484 sive
1612 1444 1753 1485 annuli

311 1497 430 1536 ferrei
458 1500 562 1538 inter
592 1513 634 1539 se
664 1501 781 1551 nexi,
811 1514 922 1539 more
949 1514 1068 1553 quem
1098 1500 1218 1539 hodie
1250 1499 1356 1539 Galli
1382 1507 1422 1539 et
1449 1499 1641 1539 Germani
1667 1514 1752 1540 ser-

311 1566 464 1602 vamuS‚
495 1555 568 1593 etsi
601 1554 899 1598 exolescentem.
933 1569 1106 1597 PONTAN.

422 1609 526 1661 Pag.
550 1610 645 1663 327,
670 1610 733 1651 25.
753 1625 852 1664 per
885 1611 1198 1665 phalangas.
1225 1610 1417 1663 Vegetius
1444 1609 1514 1653 lib.
1542 1624 1580 1649 2.
1607 1624 1694 1663 cap.
1711 1625 1751 1654 2.

312 1662 549 1702 Macedones
565 1694 575 1711 ‚
611 1665 774 1712 Graeci,
803 1665 996 1703 Dardani
1021 1666 1240 1719 phalanges
1266 1667 1490 1708 habuerunt.
1533 1665 1639 1705 Vide
1665 1666 1758 1705 Ste-

310 1718 443 1756 vechii
463 1726 678 1758 comment.
709 1719 937 1759 Alexander
957 1719 1010 1759 ab
1025 1719 1254 1759 Alexandro
1273 1721 1344 1760 lib.
1363 1721 1401 1760 6.
1431 1734 1518 1772 cap.
1542 1721 1604 1759 1-5.
1637 1721 1761 1775 Quod

310 1772 412 1824 legio
440 1774 642 1826 quondam
669 1775 782 1828 apud
794 1775 992 1813 Romanos
1003 1777 1107 1827 fiat,
1134 1776 1181 1814 id
1200 1777 1439 1830 phalangem
1458 1775 1635 1825 Graecis,
1658 1776 1751 1814 Ma-

309 1827 517 1866 cedonibus
544 1837 583 1867 et
620 1829 829 1868 Dardanis
875 1831 1082 1884 ceterisque
1114 1832 1338 1870 nationibus
1381 1831 1548 1870 valuisse
1563 1860 1573 1877 ,
1618 1844 1758 1870 mona-

310 1884 450 1921 mentis
471 1883 675 1936 proditum
705 1894 772 1923 est.
828 1885 896 1923 Ea
925 1886 1031 1924 enim
1056 1887 1098 1924 in
1125 1886 1246 1924 libero
1276 1900 1440 1941 campo,
1473 1894 1512 1924 et
1535 1885 1571 1924 si
1596 1886 1756 1939 quando

309 1939 538 1990 exspatiari
563 1939 674 1978 licuit
691 1968 703 1990 ‚
738 1954 887 1992 magno
915 1941 1000 1978 usai
1020 1941 1124 1991 ficit.
1181 1942 1277 1979 Cum
1305 1956 1400 1980 vet-0
1425 1942 1546 1980 aretis
1566 1941 1757 1991 ⁴faucibus

309 2000 349 2030 et
373 1995 600 2046 praeruptis
626 1996 738 2033 saxis
757 2025 768 2046 ‚
798 2004 866 2034 ant
894 1995 996 2033 inter·
1021 2005 1185 2046 angusta
1226 1997 1383 2035 viarum
1415 1997 1610 2050 premitur
1625 2025 1637 2046 ,
1676 2009 1758 2036 non

310 2055 366 2084 est
392 2059 444 2086 ea
470 2048 532 2085 vis
557 2058 804 2104 potestasque
824 2068 836 2088 .·
880 2052 1023 2104 quippe
1062 2050 1324 2089 Macedonica
1358 2052 1545 2106 phalanx
1571 2051 1755 2089 immobi-

311 2100 378 2150 lis,
406 2116 559 2157 semper
581 2118 634 2143 ex
659 2106 793 2143 stabili
812 2105 992 2159 peditam
1020 2107 1191 2157 agmine,
1220 2120 1290 2144 nec
1312 2107 1466 2159 partiri
1484 2135 1497 2157 ,
1527 2119 1598 2144 nec
1623 2105 1759 2143 dividi

293 2155 448 2209 facilis
477 2166 564 2196 erat
579 2188 590 2206 ‚
621 2160 730 2212 quod
753 2161 796 2199 in
823 2161 1005 2199 Romana
1037 2160 1186 2213 legione
1213 2161 1324 2213 longe
1351 2175 1455 2200 secas
1483 2167 1556 2202 etc.
1590 2160 1755 2213 Optime

309 2209 563 2265 Phalangem
601 2214 769 2267 explicat
798 2215 962 2254 Curtius
989 2215 1061 2259 lib.
1087 2217 1143 2267 5„
1167 2229 1260 2254 cum
1296 2215 1346 2257 de
1374 2214 1661 2255 Macedonibus
1691 2214 1753 2254 lo-

309 2266 462 2319 quitur.
491 2280 658 2309 PONTAN.

421 2322 523 2374 Pag.
541 2321 638 2371 528,
658 2321 696 2364 8.
725 2316 863 2377 ὥσπερ
899 2325 955 2366 Μ.
985 2339 1064 2378 mg.
1092 2339 1167 2378 pro
1195 2320 1263 2371 ὦς.

425 2375 530 2428 Pag.
556 2376 651 2427 528,
680 2392 739 2417 12.
781 2381 998 2419 instare
1037 2380 1359 2422 cedentibus.
1426 2378 1561 2419 Etiam
1602 2380 1753 2420 bestiae

308 2430 504 2486 quaedam
520 2431 715 2485 fugientes
742 2443 1050 2486 persequuntur,
1071 2442 1349 2488 persequentes
1376 2433 1546 2486 fugiunt.
1575 2435 1630 2474 Et
1650 2450 1752 2488 quo-

307 2489 417 2526 niam
445 2485 606 2525 barbari
637 2501 780 2539 parum
808 2489 998 2529 differunt
1026 2505 1049 2529 a
1076 2490 1205 2529 brutis
1237 2489 1521 2539 animantibus,
1543 2491 1637 2542 quia
1665 2490 1753 2529 bar-

306 2541 413 2592 bari,
442 2541 519 2580 hoc
538 2549 596 2581 est
614 2542 754 2581 inculti
774 2573 786 2593 ,
818 2553 1004 2595 agrestes,
1035 2545 1244 2584 inhumani
1273 2552 1379 2591 sunt,
1405 2558 1486 2582 non
1515 2547 1663 2584 mirum
1683 2560 1751 2585 eos

307 2598 348 2636 in
378 2597 454 2636 hoc
479 2611 642 2650 quoque
673 2597 819 2637 bestias
846 2600 1010 2651 imitari,
1034 2614 1229 2653 sensuque
1256 2602 1386 2652 potius
1407 2599 1513 2649 duci,
1532 2614 1654 2653 quam
1682 2615 1751 2639 ra-

307 2653 415 2692 tione
446 2653 551 2704 regi,
580 2667 672 2691 cum
701 2654 800 2707 quid
828 2656 988 2694 virtutis
1030 2663 1150 2708 atque
1185 2655 1428 2694 fortitudinis
1460 2656 1511 2694 sit
1530 2684 1541 2706 ‚
1573 2670 1653 2694 non
1686 2658 1748 2695 vi-

308 2709 441 2759 deant,
467 2714 507 2747 et
531 2715 692 2760 gustum
719 2723 836 2750 verae
873 2709 1022 2764 gloriae
1053 2710 1212 2750 nullum
1241 2710 1426 2752 habeant.
1462 2723 1637 2752 Ponun-
