1794 3158
307 120 422 188 468
814 139 1226 182 ANNOTATmNFs

300 249 411 295 ptem
444 242 568 281 colles
610 241 962 295 Constantinopolis
1003 249 1042 280 et
1081 240 1279 293 Bithynia
1323 249 1362 280 et
1395 255 1547 296 semper
1584 243 1740 281 nivosus·

309 296 516 350 Olympus.
555 296 737 352 Denique
753 297 944 351 aedificia
965 310 1043 335 non
1069 296 1184 335 modo
1226 298 1270 335 in
1310 296 1408 335 colle
1442 297 1651 346 Galacum,
1671 296 1744 335 sed

303 352 419 389 etiam
440 352 482 389 in
509 352 668 390 collibus
693 361 730 389 et
750 353 922 390 vallibus
941 351 1223 390 circumvicinis
1245 352 1326 390 sitis
1343 352 1385 390 in
1404 352 1529 391 littore
1548 352 1740 391 Calatino

296 407 424 459 posito
444 415 577 444 contra
592 406 963 460 Constantinopolim
980 436 990 452 ‚
1015 415 1070 445 tot
1095 407 1209 445 colles
1235 415 1272 444 et
1295 407 1418 444 valles
1445 407 1605 446 habente
1620 437 1629 453 ‚
1650 413 1743 462 quot

305 461 658 515 Constantinopolis
674 489 685 511 ,
725 471 765 499 ut
802 463 887 500 iam
927 462 1039 513 longe
1080 461 1247 500 dimidio
1281 462 1471 500 maiorem
1487 491 1499 512 ‚
1537 476 1656 517 quam
1690 462 1743 500 sit

307 516 456 553 Galata
471 545 481 562 ‚
515 516 644 554 urbem
685 515 847 569 efficere
879 526 1058 570 possent,
1100 530 1147 554 ac
1173 517 1209 554 si
1234 526 1381 555 centum
1420 530 1543 555 annos
1556 518 1740 568 filicitas

301 571 464 624 imperii
494 570 712 621 Byzantini
735 571 962 622 duraverit,
993 572 1119 610 altera
1148 571 1502 626 Constantinopolis
1513 573 1660 623 sutura
1688 578 1744 610 est

306 626 474 663 Galata.
509 625 617 664 Haec
633 625 805 679 Gyllius.
848 626 977 665 Porro
1005 625 1151 680 quibus
1164 626 1411 679 temporibus
1433 625 1529 664 haec
1549 626 1743 680 gereban-

299 687 384 728 tur,
412 678 548 718 multis
571 681 750 733 partibus
769 683 900 719 mInor
915 689 954 720 et
979 682 1269 734 infrequentior
1287 682 1362 720 fuit
1383 679 1539 720 Galata.
1567 695 1740 720 pomum.

408 735 700 788 Pag.585,12.
731 736 849 774 Clzii
873 738 1258 790 pontificatus.
1290 736 1742 789 HuncepiscopumGe-

298 802 469 829 nuenses
490 790 748 842 induxerunt,
764 791 1006 831 catholicum
1028 792 1179 844 utique,
1201 806 1274 844 pro
1286 791 1547 832 schismatico.
1564 804 1739 836 venun.
1791 818 1794 827 ι

408 844 621 896 Pag.385‚
646 859 707 884 12.
743 845 1019 898 ἐπετέτραπτο
1050 848 1107 888 Μ.
1136 854 1258 886 recte.

407 899 513 952 Pag.
529 899 626 950 586,
650 900 711 939 16.
741 899 919 947 βασιλέα
954 902 1013 940 Μ.
1037 915 1158 954 supra
1185 902 1346 941 lineam.

409 953 670 1008 Pag.387,5.
702 951 838 1006 λόγοις
859 956 919 994 Μ.
951 970 1071 1008 supra
1098 956 1244 998 lineam
1274 971 1351 1011 pro
1381 958 1602 1010 λογισμοῖς.

407 1009 512 1062 Pag.
528 1009 622 1063 389,
646 1009 705 1049 15.
735 1009 951 1049 ἐκέλευσεν
985 1013 1042 1050 Μ.
1060 1025 1143 1065 mg.

408 1063 689 1118 Pag.391,8.
730 1066 783 1102 in
831 1066 1054 1106 morbum
1099 1077 1319 1108 acutum.
1374 1067 1438 1107 De
1466 1082 1583 1108 causa
1613 1068 1745 1108 morbi

297 1118 420 1158 huius
441 1149 452 1168 ‚
484 1126 524 1158 et
542 1119 651 1172 quod
679 1126 814 1158 noster
843 1119 940 1158 dicit
970 1121 1218 1174 cephalicum
1257 1130 1501 1176 symptoma‚
1545 1125 1746 1178 Gregoras
1788 1122 1792 1126 ’

298 1176 353 1213 sic
373 1189 384 1212 :
428 1171 575 1213 Paucis
593 1174 730 1212 diebus
757 1175 900 1228 elapsis
912 1204 923 1223 ‚
956 1177 1174 1231 imperator
1201 1179 1481 1230 Didymoticlzi
1511 1193 1631 1231 agens
1649 1209 1659 1227 ‚
1703 1181 1747 1219 in

297 1229 472 1268 morbum
518 1230 797 1282 gravissimum
823 1230 972 1269 incidit.
1030 1232 1138 1271 Nam
1169 1248 1256 1273 cum
1295 1235 1455 1273 lavisset
1499 1243 1538 1273 et
1571 1236 1613 1274 in
1639 1246 1772 1273 sum-'

295 1298 358 1322 mo
385 1285 516 1336 rigore
539 1285 679 1322 hiemis
690 1285 829 1336 fiigus
857 1299 884 1323 a
911 1286 1050 1325 balneo
1081 1302 1160 1328 non
1190 1290 1358 1328 cavisset
1371 1319 1381 1336 ‚
1425 1302 1512 1328 cum
1550 1290 1749 1345 reliquum.
1787 1296 1789 1301 ’

294 1353 435 1393 corpus
462 1347 519 1377 est
544 1339 749 1377 densatum
768 1368 779 1389 ,
820 1349 903 1378 tum
930 1355 1025 1380 vero
1052 1351 1090 1380 et
1116 1354 1233 1398 caput
1259 1345 1316 1383 ita
1349 1344 1546 1395 afflictum
1562 1374 1573 1390 ‚
1605 1346 1742 1383 maxi-
1788 1350 1791 1379 ·]

295 1408 362 1431 ma
383 1402 501 1447 parte
531 1394 632 1431 mali
658 1408 702 1432 eo
731 1395 968 1446 inclinante,
1012 1405 1054 1434 ut
1083 1412 1162 1436 non
1195 1400 1313 1438 modo
1339 1400 1582 1452 gravissimis
1628 1400 1746 1440 dolo·
1787 1416 1791 1438 J

297 1449 401 1487 ribus
433 1449 672 1487 cruciaretur
685 1478 696 1499 ‚
726 1448 796 1487 sed
822 1459 860 1488 et
884 1460 1009 1489 mente
1033 1452 1282 1493 alienaretur.
1309 1467 1483 1494 ΡοΝΤΔΝ.

409 1503 513 1555 Pag.
537 1504 633 1557 592,
659 1517 718 1545 ιο,
748 1498 801 1544 ἄν
823 1506 882 1543 Μ.
907 1519 1028 1558 supra
1056 1506 1204 1547 lineam
1232 1522 1306 1561 pro
1333 1507 1385 1548 εἶ.

409 1557 512 1609 Pag.
529 1558 675 1612 593,6.
710 1556 886 1622 ω’φελεῖν
922 1562 979 1599 Μ.
1006 1576 1088 1614 mg.
1118 1577 1190 1615 pro
1217 1558 1496 1615 εὐεργετῆσαι.

407 1611 513 1665 Pag.
532 1611 628 1665 394,
646 1614 681 1654 5.
716 1613 794 1667 υιῷ
827 1614 917 1653 add.
933 1616 989 1655 Μ.
1016 1631 1094 1669 mg.
1122 1625 1213 1670 post
1239 1615 1528 1670 Ἀλεξάνδρου.
1786 1663 1791 1669 ‚

409 1666 513 1719 Pag.
531 1666 629 1721 394,
650 1681 710 1722 ¹9·
742 1667 1060 1724 ἀνανεῳγμένων
1079 1674 1135 1711 Μ.
1159 1688 1236 1727 mg.
1258 1687 1328 1726 pro
1356 1672 1742 1719 ἀναπετασθεισῶν.
1787 1678 1791 1721 ’ἱ

411 1720 514 1773 Pag.
533 1722 626 1776 595,
648 1737 708 1762 12.
738 1724 867 1762 κακοῦ
897 1726 956 1764 Μ.
986 1740 1064 1780 mg.
1099 1742 1174 1781 pro
1207 1727 1361 1771 δεινοῦ.
1785 1725 1791 1741 ”

412 1775 516 1828 Pag.
530 1775 625 1830 395,
649 1792 712 1831 19.
740 1778 801 1817 de
830 1779 901 1818 Xe
915 1795 978 1819 na
1008 1792 1183 1822 matre.
1214 1784 1412 1837 Gregoras
1439 1783 1510 1828 lib.
1522 1800 1588 1840 9.:
1611 1787 1741 1828 Nulla

299 1844 395 1869 vero
423 1839 504 1870 tum
519 1832 643 1883 facta
671 1842 726 1871 est
750 1836 894 1873 mentio
933 1849 1006 1875 nec
1035 1839 1107 1876 avi
1130 1838 1401 1893 imperatoris,
1445 1855 1515 1880 nec
1555 1842 1745 1883 dominae

299 1887 464 1935 matris,
497 1900 602 1942 quae
633 1888 928 1929 Thessalonicae
956 1899 1045 1931 tunc
1071 1893 1234 1945 agebat,
1269 1897 1392 1947 gravi
1420 1896 1562 1950 efficta
1608 1898 1745 1938 dolore

299 1949 339 1979 et
365 1941 534 1980 sollicita
560 1955 612 1981 ac
643 1942 852 1998 desperata
876 1947 998 1984 etiam
1020 1949 1104 1986 vita
1137 1963 1230 1999 sua,
1266 1952 1311 1998 si,
1343 1951 1522 2002 deficncto
1552 1951 1646 2006 filio
1659 1982 1670 2002 ,
1704 1968 1745 1993 se

293 1997 514 2050 praeterita
529 2025 541 2047 ,
581 1999 740 2053 imperii
781 2013 879 2038 cura
917 2002 1014 2040 aliis
1048 2003 1330 2044 mandaretur.
1385 2006 1571 2060 Negabat
1609 2009 1714 2047 enim
1729 2037 1742 2058 ,
1782 2010 1784 2014 '

293 2064 410 2104 posse
443 2051 536 2097 fieri
549 2081 560 2099 ‚
602 2062 646 2091 ut
676 2055 771 2104 sibi,
805 2070 905 2110 quae
936 2057 1098 2096 domina
1134 2067 1228 2097 esset
1243 2089 1253 2106 ‚
1300 2060 1387 2099 vita
1416 2063 1692 2102 concederetur
1716 2077 1746 2102 a

299 2118 445 2156 magno
468 2106 683 2147 domestico
717 2109 983 2150 Cantacuzeno
1011 2121 1050 2151 et
1088 2123 1211 2152 matre
1242 2114 1349 2153 illius
1366 2145 1376 2162 ‚
1402 2127 1564 2170 praeter
1588 2131 1746 2157 omnem
1775 2118 1779 2120 ’

299 2162 632 2214 exspectationem
658 2178 833 2203 summae
860 2180 990 2206 rerum
1014 2169 1223 2222 praefectis
1259 2178 1297 2207 et
1323 2171 1438 2222 longo
1466 2173 1546 2211 iam
1574 2181 1745 2226 tempore
1781 2166 1783 2171 ¹

299 2215 377 2252 sibi
401 2216 576 2255 inimicis
602 2224 676 2257 etc.
734 2219 879 2269 Vides,
914 2223 1117 2275 quomodo
1158 2222 1309 2262 bonum
1338 2226 1472 2264 virum
1501 2228 1746 2266 Cantacuze-

298 2282 400 2307 num
426 2284 518 2308 cum
547 2279 676 2311 matre
706 2273 878 2314 adducat
919 2278 1116 2330 Gregoras
1158 2280 1198 2317 in
1246 2278 1468 2319 invidiam?
1523 2282 1606 2320 Cur
1635 2282 1744 2320 enim
1776 2286 1779 2287 ⁷

300 2324 460 2372 Xenae,
489 2326 724 2388 pmhitiosae
748 2329 934 2381 feminae,
967 2340 1067 2372 esset
1097 2333 1277 2373 inimicus
1296 2364 1307 2382 ‚
1336 2336 1421 2386 ipse
1447 2335 1499 2374 ab
1527 2336 1749 2376 ambitione
1776 2360 1779 2366 »

300 2381 590 2420 remotiss1mus
610 2386 630 2421 ’ἓ
680 2387 834 2437 quoties
870 2387 978 2427 enim
1021 2387 1198 2428 delatum
1236 2388 1311 2428 sihi
1349 2390 1563 2444 imperium
1607 2391 1743 2444 fugit?
1772 2441 1773 2444 Ἰ

301 2446 478 2474 ΡοΝΤΛΝ.
1773 2445 1776 2451 ’

413 2489 676 2544 Pag.396‚2.
706 2492 915 2535 Annam
944 2498 1358 2552 imperatricem.
1391 2500 1611 2551 Gregoras:
1660 2500 1745 2540 Ore

295 2558 421 2600 porro
442 2546 672 2598 mandavit,
699 2558 742 2589 ut
765 2562 895 2590 omnes
921 2553 1092 2592 Romani
1117 2555 1310 2602 iurarent,
1333 2570 1373 2594 se
1398 2557 1596 2608 coniugem
1623 2556 1745 2610 ipsius

302 2609 344 2638 ut
369 2600 576 2639 dominam
613 2614 864 2644 veneraturos
887 2621 966 2645 esse
979 2638 988 2655 ‚
1018 2617 1058 2646 et
1089 2610 1197 2663 (ipsa
1235 2610 1341 2649 enim
1390 2610 1532 2649 aderat
1568 2610 1743 2662 gravida
1771 2638 1774 2640 -

304 2669 430 2709 eaque
457 2656 581 2718 νει-[ζα
609 2658 821 2710 audiebat)
838 2675 1030 2714 puerum,
1048 2664 1085 2701 si
1089 2665 1209 2719 filius
1235 2674 1456 2704 nasceretur
1471 2695 1482 2715 ‚
1502 2674 1544 2704 ut
1568 2666 1742 2719 impera-

303 2717 427 2750 torem
441 2740 451 2758 ,
481 2724 586 2750 cuius
615 2721 718 2752 tutor
743 2724 837 2754 esset
863 2716 1153 2760 Cantacuzenus
1177 2733 1338 2772 magnus
1364 2719 1590 2760 domesticus
1604 2749 1615 2770 ,
1638 2732 1745 2774 quae
1766 2773 1769 2779 .
