1800 3164
300 138 373 204 42
834 155 1204 198 CANTACUZENI

102 260 182 295 ΑΒ.
201 260 287 307 ι347
302 258 509 311 σωτηρίας
537 259 792 309 καταμελεῖν.
850 254 919 299 ἵνα
950 258 995 298 δὲ
1023 255 1250 311 μηδοκοίη
1276 255 1336 311 μή
1365 257 1438 312 τῆς
1463 256 1600 312 κοινῆς
1628 257 1742 313 ‹Arpe-

300 323 415 370 λείας
451 322 567 363 ἕνεκα
587 354 597 372 ‚
629 321 734 364 ἄλλα
773 322 847 364 τοῦ
884 325 1160 376 προσκεῖσθαι
1186 317 1313 379 ’Ἀννῃ
1353 325 1403 378 τῇ
1429 324 1616 376 βασιλίδι
1642 322 1742 371 τούς

301 382 458 441 ἄνδρας
477 384 674 443 πρότερον
692 385 950 440 ἀμυνόμενος
978 381 1164 439 κολάζειν
1190 387 1464 442 εὐπροσώπου
1490 387 1741 443 προφάσεως

301 451 538 509 εὐπορήσας
555 484 567 506 ‚
587 451 742 501 αὐτούς
768 468 811 495 τε
838 452 957 509 ἠφίει
981 453 1267 508 ἀτιμωρήτους
1293 453 1366 496 καί
1382 455 1454 508 τῆς
1482 448 1608 508 ἄλλης
1633 451 1741 508 προί-

302 522 402 569 ξεως
431 517 592 572 ἁπάσης
620 519 835 572 κατημέλει
852 551 863 570 ,
883 518 1014 561 πολλὰ
1042 519 1282 573 ἀγανακτῶν
1309 521 1382 561 καί
1408 514 1778 571 α’νιιόμενος,ὁ’τι5

299 582 360 638 μή
392 583 833 637 προπαρασκευάζοιτο
853 583 954 640 πρὸς
973 584 1074 634 τούς
1102 587 1465 640 ε’πιφυησομένους
1496 586 1749 639 πολεμίους,-

301 650 395 690 ‘Im'
424 645 513 700 ἅμα
556 649 921 704 ἀναγκασθήσεται
961 657 1047 700 τοῖς
1077 666 1121 692 τε
1153 653 1365 702 πολεμιόις
1398 649 1738 704 ἀντιτάττεσθαι,

302 715 374 755 καί
411 713 611 768 χρήματα
652 714 726 757 καὶ
759 713 812 756 τοὶ
856 709 964 757 ἄλλα
1001 715 1049 758 τά
1083 714 1190 771 πρὸς
1226 714 1298 758 τὸν
1326 715 1506 768 πόλεμον
1533 715 1739 769 ἀναγκαῖα

257 778 546 834 Βὲκπορίζειν.
601 777 691 822 τότε
728 781 806 833 μὲν
845 777 919 823 οὖν
957 780 1027 823 διὰ
1067 784 1206 823 ταῦτα
1243 782 1327 823 τῶν
1362 783 1498 832 καλῶς
1534 777 1739 835 οἷπέσχετο

297 847 669 902 βεβουλευμένων,
714 842 816 901 ὅπερ
859 843 1033 903 ὕστερον
1073 847 1147 891 οῦκ
1191 844 1327 902 ὄλίγον
1355 846 1515 902 ἔβλαψε
1551 845 1606 889 τὰ
1634 845 1739 903 πρά-
1757 860 1800 887 ιο

299 927 469 965 maara„
506 911 546 953 εἰ
570 910 673 968 γὰρ,
703 910 844 968 ὥσπερ
889 911 911 953 ὅ
934 913 1134 967 βασιλεὺς
1164 915 1355 957 διενοεῖτο
1383 911 1503 968 τότε,
1544 911 1741 969 ναυτικήν

168 984 209 1018 V.
221 985 288 1019 582
301 975 479 1029 δύναμιν
508 980 682 1033 συνίστη
710 981 782 1020 καί
806 977 988 1035 τριήρεις
1020 976 1198 1030 ὥπλιζεν
1229 981 1301 1021 ἑπί
1325 982 1399 1035 τῆς
1426 978 1637 1033 θαλάττης
1664 978 1745 1034 τὴν.

299 1041 437 1098 α’ρχὴν
454 1076 468 1094 ,
509 1042 585 1084 οὔκ
612 1037 662 1085 ἂν
688 1046 874 1086 τοσαῦτα
903 1042 984 1086 ὑπὸ
1018 1046 1219 1088 Λατίνων
1247 1048 1331 1087 τῶν
1363 1045 1466 1087 κατὰ
1495 1043 1566 1086 τὸν
1596 1046 1637 1087 Γ
1634 1047 1741 1086 αλα-

297 1110 375 1150 τᾶν
414 1107 466 1150 τὰ
499 1108 718 1162 Ῥωμαίων
763 1112 964 1152 ἐκακοῦτο
992 1110 1228 1166 πράγματα.
1284 1109 1387 1164 μετὰ
1417 1109 1566 1166 μικρὸν
1596 1111 1643 1152 δὲ
1669 1107 1743 1151 καί

299 1168 404 1230 ἄλλη
429 1190 493 1224 τις
521 1173 726 1232 ἐπεφύετο
755 1177 968 1232 ἐπιβουλή.
1025 1178 1107 1221 τῶν
1136 1175 1218 1232 γάρ
1251 1177 1533 1232 συγκλητικῶν
1559 1191 1665 1224 τινες
1693 1176 1739 1216 ἐκ
1757 1177 1800 1220 15

298 1242 383 1284 τῶν
411 1239 615 1297 πρότερον
647 1242 935 1295 πολεμούντων
961 1245 1156 1296 βασιλεῖ’,
1202 1242 1278 1284 καί
1313 1237 1465 1292 ἄλλους
1502 1244 1578 1296 τῆς
1607 1242 1740 1296 αὐτῆς

299 1306 522 1363 κεραμείας
540 1306 959 1363 προσεταιρισάμενοι
972 1342 984 1362 ,
997 1307 1175 1362 βασιλέα
1197 1306 1272 1350 τὸν
1296 1309 1388 1350 νέον
1404 1305 1596 1363 Ἰωάννην
1616 1306 1740 1361 ἐβού-

171 1384 196 1419 Ρ
221 1386 288 1430 726
299 1377 440 1427 λοντο,
470 1374 589 1416 ου’δὲν
617 1374 834 1428 βασιλίδος
861 1375 1102 1423 συνειδυίας
1132 1375 1205 1430 τῆς
1234 1373 1425 1429 μητρὸς,
1453 1371 1740 1428 ἐξαπατήσαν-

296 1454 388 1491 τες,
417 1435 487 1483 οἷα
514 1438 604 1481 νέον
631 1438 704 1481 καί
730 1434 847 1481 οὔπω
878 1439 1146 1496 φρονήματος
1174 1439 1300 1495 α’νδρί
1325 1439 1596 1495 προσήκοντος
1626 1439 1757 1480 emh>

297 1507 528 1560 λημμὲνον,
571 1502 653 1547 σύν
683 1505 795 1562 αὐτῷ
829 1506 888 1554 εἰς
914 1503 959 1547 τό
991 1506 1033 1547 Γ
1031 1506 1165 1547 αλατᾶ
1196 1501 1398 1561 φρούριον
1427 1501 1738 1559 διαδιδράσκειν
1751 1512 1800 1549 20]

296 1572 372 1613 καί
397 1569 577 1623 πόλεμον
605 1569 803 1626 αἴρεσθαι
838 1568 942 1625 πρὸς
974 1573 1154 1624 βασιλέα
1179 1570 1251 1613 τὸν
1279 1570 1482 1627 κηδεστὴν
1510 1572 1574 1615 ἐπ’
1600 1570 1753 1611 ἐλπίδι.

298 1638 378 1679 τοῦ
409 1635 587 1685 πολλοὺς
626 1635 948 1691 προσθήσεσθαι
982 1638 1065 1679 τῶν
1093 1636 1353 1688 Βυζαντίων.
1404 1637 1664 1692 μηνυθείσης
1691 1637 1755 1678 δὲ.

296 1705 372 1757 τῆς
396 1703 622 1758 ἐπιβουλῆς
662 1704 720 1760 τῷ
746 1706 939 1756 βασιλεῖ,
985 1704 1103 1752 δίκας
1131 1700 1283 1746 ἔδοσαν
1309 1705 1381 1758 τῆς
1407 1703 1659 1757 κακουργίας
1698 1699 1755 1755 οἱ,

297 1765 655 1822 συσκευασάμενοι
674 1802 687 1822 ,
732 1770 792 1819 εἰς
846 1767 1111 1825 δεσμωτήρια
1159 1770 1456 1825 ἐμβληθέντες·
1499 1765 1656 1824 χρόνου
1691 1767 1759 1809 δὲ.

390 1849 425 1882 9.
450 1836 572 1871 καλῶν
595 1836 630 1869 P.

301 1894 462 1929 omnium
488 1894 641 1928 salutem
667 1894 769 1928 flocci
794 1895 963 1941 pendere.
989 1895 1121 1929 Verum
1137 1896 1232 1929 enim
1249 1905 1345 1935 vero,
1369 1906 1415 1929 ne
1431 1895 1528 1936 illos,
1543 1904 1618 1927 non
1636 1904 1736 1928 com-

299 1943 402 1974 muni
424 1945 584 1987 spectato
610 1942 871 1983 emolumento,
900 1942 963 1975 sed
992 1942 1091 1986 quod
1114 1944 1212 1986 prius
1237 1942 1283 1975 ab
1308 1943 1409 1975 Anna
1434 1940 1592 1986 Augusta
1617 1944 1739 1975 stetis-

300 1993 395 2029 sent,
420 1990 583 2032 specioso
610 1988 768 2034 quodam
793 1993 980 2034 praetextu
1006 1987 1051 2020 ad
1082 1999 1237 2033 poenam
1262 1999 1388 2022 vocare
1425 1998 1575 2034 seseque
1611 1988 1737 2021 ulcisci

298 2040 518 2081 putaretur,v
537 2035 582 2067 iis
607 2036 809 2080 plectendis
848 2035 1072 2080 supersedit,
1110 2041 1300 2081 totumque
1335 2036 1520 2080 negotium
1555 2035 1738 2079 reliquum

300 2082 481 2126 neglectui
510 2080 663 2122 habuit,
696 2083 849 2115 multum
874 2083 984 2115 iratus
1010 2093 1051 2116 ac
1073 2089 1252 2122 moestus,
1279 2082 1377 2127 quod
1401 2093 1438 2114 se
1464 2086 1587 2114 contra
1614 2081 1750 2115 hostes·

300 2139 500 2162 emersuros
526 2129 704 2161 instruere
730 2139 804 2162 non
831 2134 977 2173 posset,
1002 2129 1066 2164 sed
1097 2130 1204 2162 simul
1227 2128 1300 2162 illis
1326 2129 1514 2169 resistere,
1539 2129 1646 2161 simul
1674 2138 1739 2173 pe-

300 2175 442 2208 cuniam
483 2180 519 2207 et
553 2174 625 2207 alia
659 2174 757 2208 bello
793 2181 996 2219 opportuna
1030 2177 1242 2221 conquirere
1281 2176 1571 2219 compelleretur.
1635 2174 1738 2208 Hanc

300 2221 349 2255 ob
379 2232 516 2253 causam
542 2226 618 2254 tum
644 2233 664 2254 a
691 2221 785 2255 bene
810 2223 975 2265 cogitatis
1002 2222 1167 2264 destitit,
1205 2222 1305 2268 quod
1338 2227 1463 2266 postca
1490 2222 1541 2255 rei
1569 2221 1739 2266 publicae

299 2267 435 2312 insigni
459 2273 676 2301 nocumento
701 2268 782 2302 suit.
831 2268 870 2300 Si
897 2270 1005 2310 enim,
1030 2269 1127 2316 quod
1146 2269 1388 2303 meditabatur
1404 2294 1413 2310 ‚
1440 2268 1559 2302 navali
1577 2271 1738 2302 exercitu

300 2319 521 2358 comparato,
547 2315 711 2347 triremes
734 2315 779 2348 ad
805 2313 1045 2349 obtinendum
1070 2327 1168 2350 mare
1193 2317 1400 2357 ornavisset,
1426 2327 1498 2349 non
1521 2315 1572 2348 ita
1598 2326 1653 2350 res
1666 2316 1738 2348 Ro-

301 2372 407 2394 mana
434 2360 610 2394 avLatinis
626 2361 810 2396 Galataeis
835 2363 1063 2406 pessumdata
1089 2363 1226 2396 fuisset.
1274 2363 1377 2395 Brevi
1396 2367 1476 2406 post
1500 2373 1615 2397 novae
1631 2373 1739 2396 exor-

302 2413 363 2442 tae
385 2411 470 2441 sunt
493 2406 660 2441 insidiae.
709 2406 868 2451 Quidam
893 2419 1049 2455 namque
1073 2409 1119 2444 de
1138 2410 1344 2454 proceribus
1366 2409 1548 2454 palatinis,
1571 2407 1739 2451 hostibus

308 2459 415 2488 antea
442 2459 480 2488 et
504 2454 814 2499 oppugnatoribus
838 2455 1080 2499 imperatoris,
1110 2457 1191 2490 aliis
1215 2457 1303 2491 item
1328 2466 1371 2488 cx
1396 2456 1520 2489 eadem
1549 2455 1672 2499 figlina
1699 2456 1750 2488 in-

304 2506 447 2535 coctum
478 2501 662 2545 pellectiS,
702 2501 873 2536 loannem
898 2502 1171 2546 imperatorem,
1195 2508 1307 2537 matre
1342 2502 1567 2547 imperatrice
1606 2501 1741 2542 nescia,

305 2553 347 2583 ut
371 2547 636 2582 adolescentem
660 2559 727 2582 nec
758 2547 877 2581 adhuc
901 2548 1040 2582 iudicio
1063 2555 1253 2591 maturum,
1282 2550 1448 2594 decipere
1480 2547 1671 2589 volebant,
1702 2554 1741 2582 et

305 2606 385 2629 cum
411 2605 454 2627 eo
480 2595 518 2628 in
546 2594 721 2640 oppidum
752 2594 917 2628 Galatam
946 2596 1244 2639 transfugientes,
1267 2596 1402 2631 bellum
1426 2595 1610 2629 adversum
1638 2603 1739 2628 soce-

305 2653 384 2676 rum
409 2642 659 2685 imperatorem
687 2641 828 2681 moliri,
854 2652 931 2674 cum
957 2653 1043 2688 spe,
1074 2643 1323 2686 Byzantiorum
1350 2643 1549 2686 complures
1573 2651 1650 2675 sese
1676 2651 1749 2674 so-·

307 2690 380 2723 cios
405 2687 601 2724 addituros.
652 2688 799 2722 Insidiis
819 2688 962 2730 delatis,
987 2689 1095 2722 huius
1122 2690 1309 2723 machinae
1334 2690 1567 2723 fabricatores
1592 2688 1741 2722 sceleris

308 2737 363 2770 sui
386 2745 542 2782 poenam
566 2736 604 2770 in
629 2746 806 2772 carcerem
827 2735 955 2772 traditi
982 2737 1252 2782 persolverunt:
1287 2749 1376 2784 quos
1403 2749 1476 2772 nou
1508 2736 1613 2782 longo
1645 2739 1738 2769 tem-
