1794 3158
322 138 430 193 530
826 155 1238 196 ANNOTATioNEs

319 266 545 312 praetorem
581 258 715 298 mittit.
768 258 866 296 Eius
904 265 1122 307 montana,
1170 271 1313 311 magna
1343 258 1504 298 Blachia
1542 267 1749 304 vocantur.

319 329 493 353 PONTAN.

432 370 539 420 Pag.
565 367 660 418 544,
677 382 743 406 22.
776 367 848 407 καί
873 365 1131 406 κινδυνεύσει
1152 363 1198 406 τὸ
1217 367 1293 406 τοῦ
1323 367 1448 421 φίλου
1475 368 1634 423 σκάφος
1668 363 1748 409 αὕ-
1790 393 1794 396 -

317 423 492 473 τανὸρος
524 421 797 472 ἀπολωλέναι,
835 423 873 461 id
901 431 970 471 est,
1002 424 1095 477 quin
1117 423 1405 462 Cantacuzenus
1432 438 1517 463 una
1555 440 1642 464 cnm
1671 425 1750 463 suis

318 480 493 518 omnibns
514 479 688 518 intereat.
745 478 1024 517 Conditionem
1061 492 1106 516 ac
1134 485 1281 517 statum
1309 492 1426 518 suum
1458 482 1551 519 navi
1579 495 1649 519 seu
1677 494 1751 519 na—

319 533 532 585 vigationi,
568 541 606 571 et
638 534 844 572 adversam
873 533 1142 572 conditionem
1171 536 1254 572 sive
1285 541 1431 572 sortem
1461 535 1606 574 infelici
1634 536 1752 574 navi-

319 589 467 640 gationi
509 603 554 627 ac
584 591 808 641 tempestati
836 589 1121 641 naufragioque
1162 603 1418 641 comparare,
1464 592 1653 629 usitatum
1694 598 1752 630 est

318 645 434 682 bonis
457 644 730 696 scriptoribus,
752 652 837 682 tum
858 645 996 697 poetis,
1028 651 1113 682 t'um
1137 644 1387 695 oratoribu53
1417 646 1525 698 quod
1545 645 1610 684 hic
1630 646 1752 684 Amu·
1792 673 1794 696 5

317 701 402 738 rius
433 699 706 738 Cantacuzeno
750 700 856 741 facit.
915 701 1042 738 Naves
1083 713 1221 752 porro,
1252 714 1354 752 quae
1396 714 1489 738 cum
1524 700 1754 740 vectoribus

318 761 387 793 aut
428 754 708 806 deprimuntur
749 763 818 794 aut
858 756 1096 806 capiuntur,
1138 755 1310 793 Graecos
1338 769 1444 794 nunc
1474 769 1571 794 voce
1616 756 1753 795 iuncta

319 804 607 859 αὐτάνδρους,
645 824 751 848 nunc
799 811 988 862 separatis
1025 810 1189 849 vocibus
1230 806 1309 850 σὺν
1349 814 1435 857 τοῖς
1462 807 1662 863 ἀνδράσιν
1690 811 1754 850 di-

318 865 434 913 xisse,
463 864 636 903 ostendit
665 864 869 903 Victorius
898 865 965 904 lib.
989 863 1052 904 25.
1087 878 1171 916 cap.
1201 863 1241 903 8.
1276 878 1445 905 Ponun-
1792 868 1794 874 '

442 919 544 971 Pag.
575 918 670 970 344,
700 922 765 962 25.
814 920 1187 970 undetriginta
1237 921 1493 961 millibus
1548 920 1755 960 Trecentis

318 975 490 1013 navibus
519 981 675 1013 tantum
706 990 921 1014 numerum
952 976 1158 1028 imposuit.
1216 974 1295 1013 Sed
1324 989 1369 1013 ex
1397 975 1656 1029 sequentibus
1681 976 1756 1014 tri-

317 1032 427 1082 ginta
462 1044 588 1068 unum
618 1030 743 1069 millia
774 1030 1030 1083 colliguntur.
1089 1030 1132 1068 Si
1180 1031 1286 1069 enim
1324 1030 1437 1069 iussit
1475 1031 1585 1083 sequi
1612 1044 1654 1070 se
1690 1030 1754 1070 vi-

317 1086 416 1137 ginti
458 1085 582 1124 millia
623 1099 715 1124 cum
759 1086 911 1124 selectis
950 1085 1060 1124 mille
1090 1086 1338 1138 quingentis,
1382 1092 1422 1124 et
1452 1100 1596 1124 novem
1630 1085 1755 1125 millia

319 1141 558 1192 quingentos
587 1141 637 1179 ad
669 1144 831 1180 navium
874 1141 1095 1179 custodiam
1131 1141 1325 1193 reliquit3
1356 1154 1449 1194 ergo
1476 1155 1630 1180 summa
1658 1155 1756 1180 con-

318 1195 400 1234 ficit
427 1196 591 1247 triginta
620 1210 762 1235 unum.
817 1196 896 1235 Sed
930 1196 993 1236 vel
1019 1203 1196 1235 erratum
1231 1195 1385 1235 librarii
1411 1202 1470 1236 est
1499 1198 1541 1235 in
1569 1209 1756 1249 numero,

317 1250 384 1290 vel
423 1258 563 1289 auctor
599 1250 731 1303 lapsus
760 1258 818 1290 est
847 1253 1053 1290 memoria.
1082 1266 1258 1290 PONTAN.

436 1304 655 1358 Pag.346,
682 1307 716 1346 ὅ.
762 1308 1093 1361 laboremque
1123 1308 1592 1346 communicantem.
1647 1304 1757 1343 Lau-

318 1360 453 1399 dabile
478 1360 628 1399 factum
662 1361 846 1412 Amurii,
889 1364 1139 1414 exaequantis
1181 1376 1221 1400 se
1262 1361 1454 1400 militibus
1490 1362 1606 1411 suis,
1659 1360 1757 1399 dum

320 1430 423 1468 equo
453 1416 680 1467 repudiato,
711 1431 792 1454 una
821 1430 913 1454 cum
940 1417 1020 1455 illis
1050 1417 1218 1469 pedibus
1243 1417 1404 1455 incedit.
1437 1417 1481 1453 In
1519 1415 1560 1454 6.
1591 1415 1758 1454 Aeneid.

319 1479 438 1523 poeta
471 1471 648 1509 Aeneam
692 1486 783 1509 cum
819 1472 1004 1510 Troianis
1040 1472 1120 1510 suis
1148 1472 1309 1510 arbores
1356 1471 1584 1509 caedentem
1624 1478 1663 1509 et
1702 1470 1757 1509 ad

321 1527 468 1565 Miseni
509 1526 679 1565 cadaver
724 1526 983 1565 cremandum
1023 1526 1304 1566 advolventem
1357 1526 1465 1564 facit.
1551 1525 1635 1564 Nec
1675 1539 1755 1564 non

320 1581 477 1620 Aeneas
521 1594 649 1635 opera
686 1582 793 1620 inter
834 1582 939 1620 talia
978 1583 1130 1636 primus
1166 1583 1344 1620 hortatur·
1385 1582 1510 1620 socios
1526 1609 1538 1631 ,
1566 1580 1752 1634 paribus-

322 1650 396 1691 que
422 1637 642 1688 accingitur
678 1638 813 1679 armis.
872 1638 916 1675 ln
959 1638 1077 1689 quem
1112 1637 1242 1675 locum
1273 1645 1332 1676 sat
1359 1636 1487 1675 multa
1517 1636 1756 1674 adduximus

320 1693 364 1729 in
391 1691 582 1744 symbolis
604 1693 762 1739 nostris,
793 1692 939 1744 quibus
968 1693 1347 1743 demonstraremus,
1377 1691 1496 1730 duces
1526 1699 1565 1729 et
1590 1692 1755 1742 impera·

322 1753 444 1796 tores,
476 1747 544 1799 qui
572 1761 656 1785 sese
688 1747 881 1786 militibus
910 1762 1198 1800 nonnunquam
1216 1778 1227 1796 ‚
1260 1748 1371 1786 velut
1398 1746 1511 1785 obliti
1541 1753 1659 1798 atque
1677 1746 1756 1783 im-

321 1815 517 1840 memores
545 1816 640 1841 suae
666 1817 857 1855 personae
889 1817 934 1841 ac
963 1802 1192 1855 dignitatis,
1232 1803 1402 1842 ferendis
1444 1800 1649 1840 laboribus
1693 1807 1756 1839 at-

323 1871 402 1908 que
445 1857 635 1896 oneribus
694 1857 860 1910 aliisque
896 1858 1014 1896 rebus
1055 1858 1201 1897 vilibus
1229 1858 1424 1897 obeundis
1465 1871 1511 1895 ac
1553 1855 1756 1909 patiundis

322 1919 621 1965 exaequassent‚
650 1927 833 1965 magnam
861 1913 1020 1952 laudem
1046 1914 1215 1966 adeptos,
1245 1927 1412 1954 Pom-AN.

437 1966 543 2017 Pag.
567 1967 662 2021 349,
682 1967 722 2006 8.
750 1969 799 2006 in
824 1968 1056 2019 Odyssea
1092 1982 1121 2007 a
1149 1970 1377 2021 cyclope.
1404 1966 1510 2006 Vide
1539 1963 1757 2019 Odyss.77'.‚

323 2021 664 2073 quemadmodum
699 2028 922 2062 tractentur
950 2038 973 2062 a
1011 2023 1261 2077 Polyphemo
1291 2023 1449 2076 Ulyssis
1486 2022 1596 2060 socii.
1651 2020 1757 2059 Vide

323 2077 443 2115 etiam
480 2084 700 2116 extremum
735 2080 898 2117 tertium
929 2077 1096 2120 Aeneid.
1123 2087 1188 2129 et,
1234 2079 1265 2118 si
1300 2077 1482 2131 placebit,
1524 2074 1646 2114 Ovid.
1695 2073 1756 2125 14.

322 2131 593 2185 Metamorph.
623 2132 674 2171 ab
702 2147 752 2172 eo
782 2134 896 2173 loco:
930 2135 1027 2188 quid
1041 2136 1141 2173 mihi
1159 2144 1248 2174 tunc
1269 2133 1396 2173 animi
1423 2140 1498 2171 etc.
1531 2129 1660 2170 Paulo
1679 2129 1758 2168 hu-

322 2188 482 2225 manius
510 2188 629 2226 fuisse
659 2188 817 2228 habitos
849 2189 960 2237 dicit,
990 2191 1102 2242 quasi
1123 2190 1292 2238 diceret,
1333 2196 1490 2227 tantum
1520 2201 1600 2225 non
1637 2186 1757 2223 etiam

323 2239 376 2279 ab
401 2240 478 2279 illis
507 2242 687 2280 devorati
714 2251 823 2294 sunt,
853 2244 961 2297 quod
989 2245 1103 2283 sociis
1136 2245 1288 2298 Ulyssis
1317 2244 1483 2282 faciebat
1510 2240 1610 2280 illud
1639 2253 1757 2278 mon-

326 2302 454 2333 strum
483 2295 742 2348 horrendum,
771 2299 967 2349 informe,
997 2301 1148 2352 ingens.
1204 2299 1430 2338 Visceribus
1458 2300 1564 2337 enim
1592 2296 1757 2334 misero-

322 2364 415 2388 rum
442 2357 482 2388 et
511 2352 702 2403 sanguine
729 2361 816 2392 atro
844 2355 1090 2394 vescebatur.
1119 2369 1289 2397 PONTAN.
1445 2402 1448 2405 ,

436 2404 655 2458 Pag.351‚
682 2407 720 2448 5.
758 2411 1006 2463 siquidem
1045 2419 1096 2448 et
1142 2425 1241 2449 mus
1272 2407 1585 2464 aliquando.
1647 2405 1757 2443 Haec

324 2459 486 2510 fabula,
514 2468 559 2499 ut
590 2461 782 2512 arbitror,
804 2478 877 2502 nec
904 2465 1010 2515 apud
1044 2465 1271 2518 Aesopum,
1310 2480 1382 2503 nec
1413 2463 1519 2516 apud
1547 2460 1756 2511 Gabriam‚

324 2515 505 2554 ullumve
543 2515 665 2554 alium
694 2518 1030 2571 mythographum
1070 2521 1279 2573 reperitur.
1338 2521 1412 2558 Est
1438 2526 1571 2556 tamen
1603 2515 1654 2554 ad
1682 2515 1756 2553 do-

324 2570 495 2608 cendum
523 2572 666 2610 idonea
689 2601 701 2623 ‚
744 2587 804 2612 res
843 2588 1007 2626 magnas
1049 2582 1087 2612 et
1126 2575 1306 2614 homines
1334 2580 1515 2627 potentes
1541 2570 1757 2624 aliquando

324 2638 541 2676 parvarum
563 2641 704 2666 rerum
731 2635 770 2667 et
796 2628 1004 2667 hominum
1035 2631 1198 2669 minime
1218 2631 1438 2682 potentium
1458 2626 1603 2665 auxilio
1623 2639 1752 2677 egere.

325 2679 435 2729 Quid
466 2681 572 2719 enim
607 2696 722 2721 mure
748 2683 962 2735 abiectius,
999 2684 1250 2724 invalidius?
1292 2683 1388 2738 quid
1425 2683 1539 2722 leone
1566 2679 1754 2731 nobilius,

324 2734 559 2774 robustius?
587 2751 756 2778 ΡοΝΤΑΝ.
