1794 3158
394 168 467 209 AD
507 165 878 210 CANTAcUthl
923 169 1020 208 Lm.
1061 170 1094 208 1.
1360 148 1470 205 383

35 273 246 325 optimates
274 283 319 310 ac
342 270 451 308 viros
477 269 649 310 illustres
686 271 975 324 primariosque
1002 270 1057 309 sic
1086 269 1271 324 appellat.
1332 271 1472 324 Itaque

35 340 128 366 raro
154 325 431 365 transtulimus
459 334 611 364 senatus
631 354 643 376 ‚
673 335 890 374 senatores,
913 340 964 365 ne
995 326 1084 378 quis
1112 325 1162 364 de
1193 324 1299 365 civili
1331 334 1471 365 senatu

35 388 75 421 et
103 381 352 420 senatoribus
380 394 467 419 rem
497 379 794 434 intelligendam
824 386 1016 433 putaret3
1058 381 1245 434 fugienda
1277 388 1334 419 est
1363 383 1471 420 enim

36 433 271 487 ὅμωνυμία.
327 435 416 474 Hoc
444 436 563 475 etiam
590 434 695 484 loco,
725 437 757 475 si
792 434 946 488 placet,
977 443 1200 475 senatorem
1227 436 1360 475 virum
1394 451 1470 476 no-

34 489 160 532 bilem
204 490 435 531 Palatinum
479 498 548 529 aut
575 489 846 535 consiliarium
873 491 1123 544 imperatoris
1143 520 1156 543 ‚
1199 491 1311 530 einen
1337 491 1470 531 Kam-

34 546 234 586 merherm
254 576 266 595 ‚
296 547 572 600 interpretare.
631 545 814 585 Porum.

145 601 248 654 Pag.
283 601 350 650 26,
389 615 450 644 ιο.
480 601 555 639 ου’κ
585 595 904 652 ἐξαναστήσεται
929 601 986 640 M.

146 655 250 709 Pag.
278 655 347 708 26,
372 655 432 696 18.
460 655 616 695 intra
642 655 1071 706 Byzantiisines.
1101 656 1206 695 Urbs
1225 656 1323 696 haee
1351 656 1469 696 nobi-

34 709 183 750 lissima
225 711 307 751 duo
366 711 529 750 nomina
566 709 742 760 habuit,
771 711 975 763 antiquius
1020 711 1283 765 Byzantium,
1330 726 1468 751 recen-

34 767 114 806 tius
142 765 539 819 Constantinopolis:
571 764 622 803 de
657 771 829 818 utroque
856 765 1082 804 dicendum.
1135 766 1263 806 Vetus
1290 766 1364 806 fuit
1395 781 1470 820 op-

34 821 176 875 pidum
214 823 256 860 in
297 821 472 860 Thracia
517 819 568 859 ad
596 820 880 873 Propontidem
899 849 910 870 ‚
951 821 1061 874 quod
1088 821 1306 874 Byzantes‚
1335 821 1470 861 classis

34 877 335 929 Megarensium·
372 890 419 915 eo
451 874 651 914 coloniam
678 876 960 914 deducentium
989 875 1095 925 dux,
1124 876 1300 914 condidit
1320 907 1331 924 ‚
1360 877 1470 930 quod

32 931 239 971 conditum
273 932 490 972 Pausanias
518 931 738 984 Spartanus
776 932 1017 970 instaurasse
1056 938 1095 969 et
1123 930 1380 984 amplificasse
1407 933 1471 970 di·-

33 988 150 1027 citur.
203 986 347 1026 Tradit
373 987 573 1035 Zonaras,
604 986 909 1025 Constantinum
940 987 1131 1038 Magnum
1161 993 1363 1039 parantem
1399 1002 1471 1026 ur·-

31 1041 126 1080 bem
167 1042 229 1081 sui
277 1042 450 1080 nominis
494 1041 728 1091 aedificare,
772 1042 902 1094 primo
944 1041 1153 1080 Sardicum
1183 1055 1351 1095 agrum,
1381 1050 1471 1095 post

31 1096 219 1149 sigaeum
245 1097 596 1151 promontorium,
633 1096 796 1135 tandem
830 1095 1124 1135 Calchedonem
1157 1104 1197 1136 et
1239 1097 1472 1150 Byzantium

33 1150 238 1205 delegisse.
293 1151 500 1191 Cedrenus
532 1158 672 1191 auctor
690 1158 750 1190 est
765 1181 776 1202 ‚
794 1150 1101 1190 Thessalonicae
1127 1151 1262 1191 fecisse
1287 1153 1442 1192 initium
1457 1184 1470 1206 ,

32 1207 102 1247 sed
130 1213 240 1260 peste
268 1206 563 1260 interpellatum
582 1237 595 1256 ,
616 1206 823 1260 reliquisse
840 1205 973 1245 locum
994 1213 1034 1246 et
1059 1206 1353 1246 Calchedonem
1377 1223 1470 1261 pro·

32 1262 194 1302 fectum.
250 1263 385 1314 Quam
416 1277 439 1301 a
471 1262 605 1301 Persis
633 1275 812 1301 eversam
833 1290 845 1312 ‚
883 1276 978 1300 cum
1019 1264 1228 1301 restituere
1254 1263 1469 1317 inciperet,

32 1317 86 1357 ab
117 1316 261 1371 aquilis
289 1317 539 1357 admonitum
567 1316 711 1366 fuisse,
733 1316 805 1355 ubi
831 1316 1219 1370 Constantinopolim
1253 1318 1437 1358 conderet
1455 1335 1468 1360 t

31 1373 141 1427 quod
169 1371 261 1412 illae
280 1372 590 1412 architectorum
617 1371 775 1426 regulas
800 1379 840 1410 et
868 1371 1069 1411 funiculos
1103 1374 1259 1426 saepius
1285 1383 1471 1427 raperent

32 1427 350 1483 Byzantiumque
374 1428 643 1482 deportarent.
698 1427 942 1466 Sozomenus
983 1434 1023 1466 et
1057 1428 1242 1467 Zosimus
1283 1436 1471 1478 narrant,

32 1485 273 1538 cogitantem
302 1483 444 1523 urbem
474 1484 534 1523 sui
562 1482 734 1522 nominis
762 1482 964 1533 condere,
991 1497 1094 1536 quae
1121 1483 1275 1523 honore
1302 1484 1472 1525 Romam

31 1546 247 1593 aequaret,
276 1541 381 1579 inter
414 1537 537 1579 llium
557 1546 597 1578 et
628 1537 933 1592 Hellespontum
955 1539 1127 1592 spatium
1148 1539 1343 1580 invenisse
1362 1554 1472 1580 com-

30 1595 222 1646 modum,
251 1594 308 1634 ibi
328 1594 588 1634 fundamenta
626 1594 786 1642 iecisse,
823 1601 979 1646 partem
1013 1595 1120 1632 muri
1146 1595 1189 1633 in
1220 1594 1472 1636 altitudinem

29 1651 211 1691 eduxisse
231 1663 242 1700 3
266 1657 358 1703 post
383 1650 517 1689 sedem
540 1648 857 1688 commodiorem
888 1649 1020 1688 visum
1042 1650 1292 1702 Byzantium.
1337 1651 1472 1702 Quam

29 1714 122 1746 eum
147 1706 318 1745 Severus
350 1706 567 1758 imperator
594 1703 866 1756 superioribus
894 1704 1034 1752 annis,
1079 1706 1209 1744 occiso
1249 1705 1472 1746 Pescennio

30 1761 158 1814 Nigro
177 1790 188 1808 ‚
228 1761 298 1814 qui
333 1760 545 1814 imperium
577 1760 743 1798 orientis
778 1759 999 1805 invaserat,
1032 1758 1218 1798 diruisset
1250 1767 1288 1798 et
1322 1762 1364 1799 in
1395 1763 1471 1802 vici

29 1815 429 1869 formam'redegisset
442 1845 453 1866 ,
476 1816 574 1868 ipse,
595 1814 750 1852 Licinio
762 1813 935 1859 devicto,
952 1814 1036 1852 eius
1061 1814 1257 1853 ambitum
1275 1815 1472 1868 dilatavit,

29 1884 167 1911 muros
201 1870 355 1921 extulit,
388 1871 573 1910 aedificiis
592 1867 763 1923 publicis
793 1869 1038 1922 privatisque
1060 1868 1110 1907 ad
1139 1883 1258 1909 usum
1286 1877 1326 1909 et
1353 1871 1474 1911 decus

29 1925 187 1980 explere
213 1927 400 1969 instituit.
458 1926 600 1965 Postea
627 1931 799 1978 utroque
831 1925 999 1977 imperio
1027 1924 1067 1962 in
1099 1924 1246 1964 multas
1273 1927 1476 1979 portiones

33 1981 189 2033 diviso,
218 1981 473 2022 occidentalis
499 1982 694 2027 Romam,
728 1979 932 2019 orientalis
960 1979 1206 2019 domicilium
1237 1981 1476 2034 Byzantium

29 2045 114 2077 esse
139 2036 295 2089 voluit,
324 2037 554 2090 vocatisque
586 2036 748 2075 orientis
777 2035 995 2088 episcopis,
1044 2048 1189 2087 magna
1233 2037 1475 2077 caerimonia

29 2091 172 2132 urbem
199 2106 348 2134 novam
376 2092 464 2132 Deo
492 2106 538 2130 ac
568 2091 713 2145 virgini
743 2091 865 2129 Matri
897 2092 1149 2130 consecravit
1171 2120 1183 2141 ‚
1204 2105 1371 2145 eamque
1399 2106 1476 2131 no-

30 2160 124 2188 vam
152 2148 322 2188 Romam
349 2155 389 2188 et
414 2145 805 2199 Constantinopolim
827 2145 1075 2200 indigitavit,
1094 2153 1133 2184 et
1159 2146 1210 2184 ad
1238 2146 1474 2200 dignitatem

30 2203 122 2242 urbi
154 2203 380 2244 addendam
410 2202 616 2243 ecclesiam
642 2204 726 2241 eius
749 2201 800 2240 ad
828 2201 1022 2240 honorem
1054 2200 1347 2254 patriarchatus
1379 2218 1473 2243 eve-

31 2259 88 2298 xit
128 2260 291 2312 eiusque
323 2258 557 2313 episcopum
595 2256 901 2311 Metrophanem
943 2263 1033 2311 post
1059 2256 1378 2297 Alexandrinum
1409 2273 1472 2298 se-

31 2312 126 2352 dere
154 2314 337 2354 instituit.
393 2314 595 2353 Hactenus
625 2312 699 2351 illi.
757 2311 800 2350 Si
828 2311 962 2363 lubet,
991 2311 1084 2351 vide
1126 2312 1247 2351 etiam
1283 2312 1334 2352 de
1376 2328 1473 2352 con-

32 2367 231 2409 ditoribus
263 2377 302 2410 et
329 2371 493 2410 nomine
524 2369 636 2407 urbis
664 2367 808 2415 huius,
840 2381 943 2420 quae
975 2366 1092 2406 affert
1119 2367 1264 2407 Petrus
1291 2369 1472 2420 nizarus,

31 2421 223 2464 historiae
251 2426 470 2464 Genuensis
499 2422 568 2465 lib.
597 2437 661 2462 12.
692 2423 731 2461 in
762 2436 868 2461 anno
903 2421 1016 2474 1453.
1073 2423 1257 2462 Vocatur
1293 2437 1410 2477 saepe
1448 2438 1474 2463 a

33 2478 195 2519 Graecis
221 2477 386 2531 βασιλὶς
414 2478 496 2518 τῶν
527 2474 701 2518 πόλεων.
760 2478 906 2517 Noster
947 2478 1052 2516 infra
1072 2492 1162 2531 cap.
1193 2492 1260 2517 21.
1286 2492 1334 2518 en
1350 2493 1473 2532 quam

33 2531 253 2575 honorifice
279 2535 330 2575 de
370 2549 440 2575 ea:
485 2529 608 2573 πόλιν
635 2527 745 2572 οὕτω
787 2530 971 2586 μεγάλην
1010 2532 1084 2571 καί
1108 2531 1437 2586 πολυάνθρωπον
1458 2564 1471 2585 ‚

34 2586 109 2628 καὶ
127 2584 316 2641 χρήμασι
338 2589 413 2629 καί
439 2583 580 2637 ὅπλοις
603 2584 676 2628 καί
690 2585 962 2641 στρατιώταις
990 2583 1291 2640 δυνατωτάτην.
1319 2590 1472 2628 Locum

0 2642 3 2673 s
20 2641 146 2683 *haud
175 2643 434 2698 inelegantem
463 2645 688 2684 adscribam
717 2657 762 2683 ex
790 2642 956 2696 epistola
987 2643 1181 2682 Matthaei
1203 2643 1469 2693 Camariotae‚

0 2716 2 2725 ν
35 2711 116 2751 qua
144 2699 536 2753 Constantinopolim
569 2715 591 2739 a
620 2700 764 2738 Turcis
794 2698 999 2738 subactam
1029 2698 1291 2737 lamentatur:
1325 2699 1470 2737 Cuncta

0 2767 2 2791 ι
36 2753 146 2793 nobis
166 2755 376 2808 praesidia
411 2765 448 2796 et
481 2763 712 2800 ornamenta
739 2754 855 2793 simul
908 2767 982 2794 uno
1020 2755 1169 2805 impetu
1206 2762 1338 2806 erepta
1370 2762 1466 2794 sunt.
