1800 3164
495 177 872 221 IUSTORIARUM
913 180 983 219 lv.
1013 182 1079 223 20.
1416 177 1434 212 1
1447 158 1521 232 39

21 288 32 338 ’ἦ
79 293 176 346 τὸς,
220 289 327 333 ἀλλὰ
359 290 432 332 καί
458 290 689 347 χρημάτων
719 292 885 333 πολλῶν
924 307 994 333 και
1025 288 1184 331 πόλεων
1209 303 1419 331 τοσουτων
1449 287 1523 330 καὶ
1532 295 1568 329 A
1582 295 1620 330 C.
1642 296 1729 331 1350

76 356 221 413 χώρας
249 357 401 409 πολλῆς
443 356 515 398 καί
540 357 708 411 ἀγαθῆς
733 354 806 411 τήν
833 355 911 410 σήν
940 354 1088 412 φιλίαν
1135 351 1404 410 προειλόμην,
1449 370 1520 395 και

11 431 37 499 ‚³¹
81 424 136 464 ου’
164 419 287 463 ιιόνον
335 437 382 461 ου
425 423 670 474 προδεδωκα
712 427 800 470 τοῖς
838 421 1081 480 πολεμίοις,
1123 422 1258 462 καίτοι
1295 417 1426 477 ῥᾶστά
1473 435 1519 473 γε

9 493 51 569 ’ξε
84 487 324 540 δυνάμενος,
356 488 427 541 (ου’
454 486 533 542 γὰρ
565 487 655 528 οὐδ’
686 486 813 536 αυτὸς
835 489 1004 541 ἀγνοεῖς,
1034 488 1079 528 έν
1106 482 1215 535 ὅτοις
1243 479 1358 541 ἦσθα
1388 484 1516 539 τότε,)

9 531 189 605 &Salia
217 551 290 595 καί
316 552 364 594 τό
395 568 441 607 γε
470 569 529 601 εις
559 554 632 606 ἐμὲ
662 547 786 607 ηκον,
829 569 898 594 και
928 554 990 601 δις
1019 551 1091 594 καὶ
1107 566 1212 608 τρις
1249 551 1320 593 ἐπι
1347 562 1648 606 ‹ruptum-1²7&

11 614 26 668 '3'
76 618 154 676 χιἀ
184 615 452 673 παρεσχόμην
480 617 694 672 στρατιάν.
767 634 826 660 ων
855 616 1049 670 ἐνόμιζον
1086 617 1279 660 ἁπάντων
1307 616 1519 672 μειινημέ-

78 697 161 736 νον,
195 685 390 726 ουδέποτε
421 683 719 739 βουλήσεσθαι,
749 682 827 726 κᾶν
853 681 1010 741 δυνήση
1032 681 1084 724 τὰ
1111 681 1273 737 μεγάλα
1291 715 1303 737 ,
1342 681 1419 731 τὰς
1446 679 1520 723 υπ’

77 751 153 804 ἐμὲ
179 749 379 799 τελούσας
406 749 547 799 πόλεις
575 755 835 804 κακουργεῖν.
892 747 945 792 σύ
982 751 1047 802 δ’,
1078 749 1134 798 ὥς
1161 748 1312 803 ἔοικεν,
1352 748 1519 791 ἐκείνων

6 817 30 872 γ’,
77 815 274 858 ἁπάντων
302 818 617 872 ἐπιλελησμένος
628 850 641 869 ,
670 811 784 871 ἥκεις
810 817 893 857 νῦν
912 814 1157 872 βαρβάρους
1188 809 1326 868 ἄγων,
1364 812 1420 863 ὥς
1449 815 1521 856 ἐπὶ

13 883 273 942 ζ,οπολέμιον
300 884 374 925 καί
419 883 471 925 τὰ
514 883 689 938 μέγιστα
727 879 979 937 ἠδικηκότα,
1036 882 1109 923 καί
1142 879 1284 930 πόλεις
1325 878 1402 928 τὰς
1441 881 1520 932 μὲν

77 953 163 997 τοῖς
192 946 335 999 ὅπλοις
363 947 494 1004 εἷλες,
525 946 672 1004 ἑτέρας
700 949 746 990 δὲ
774 949 926 1004 κλοπῇ,
969 948 1044 988 οὕκ
1072 943 1211 1002 ὀλίγας
1252 948 1300 988 δὲ
1335 946 1408 987 καί
1433 943 1514 985 ὑπὸ

78 1017 199 1064 δέους
222 1016 595 1071 προσχωρησάσας.
650 1013 723 1055 καί
744 1014 841 1063 τοὺς
867 1014 1127 1062 ἐνοικοῦντας
1153 1011 1416 1068 στρατιώτας
1447 1011 1521 1051 καί

29 1086 36 1095 “
77 1097 162 1124 των
191 1083 406 1137 ἐπιφανῶν
433 1080 614 1131 πολλοὺς
643 1079 744 1129 τούς
787 1081 864 1133 μὲν
903 1079 1144 1127 α’πέκτεινας
1185 1076 1294 1120 κατὰ
1320 1075 1397 1127 τὰς
1432 1077 1517 1130 μα’-

11 1192 28 1220 α
75 1163 175 1202 χας,
201 1146 298 1196 τούς
328 1149 372 1190 δὲ
408 1142 558 1197 α’λλους
585 1145 919 1204 ἀνδραποδισας,
949 1147 992 1187 ἐν
1025 1146 1262 1200 εὐεργεσίας
1294 1145 1415 1198 μέρει
1442 1140 1518 1197 τὴν

12 1199 66 1258 15
78 1215 322 1268 ελευθεοιαν
349 1215 431 1254 τῶν
455 1212 674 1267 σωμάτων,
706 1210 772 1255 ὅτε
788 1229 854 1255 σοι
881 1215 1040 1266 βέλτιον
1061 1213 1270 1268 ἐφαίνετο,
1298 1210 1517 1264 παρειγου,
1530 1213 1556 1245 Β

79 1279 130 1320 οὕ
156 1281 315 1332 μᾶλλον
341 1277 522 1334 ηδεσθαι
552 1295 684 1321 ποιων
717 1277 1003 1334 τυγχάνοντας
1040 1278 1312 1331 ἐλευθερίας,
1355 1270 1383 1330 ἢ
1424 1271 1521 1316 ὅσον

0 1373 3 1405 ῑ
76 1342 524 1400 ἐξανδραποδιζόμενος
550 1344 733 1394 ἐλύπεις·
791 1345 1023 1401 χρημάτων
1050 1359 1094 1386 τε
1132 1343 1421 1397 ἅπεστέρησας
1449 1339 1524 1381 καὶ

78 1411 369 1465 βοσκημάτων,
391 1411 492 1453 οὐδὲ
519 1412 778 1466 α’ριθμητῶν.
838 1407 866 1452 ἃ
894 1409 1032 1452 πάντα
1062 1405 1276 1463 ἄχθεσθαι
1316 1412 1431 1448 ποιεῖ’
1451 1407 1524 1446 καί

25 1526 28 1528 v
77 1473 232 1530 πολλήν
268 1492 343 1516 σου
382 1482 624 1530 κατηγορεῖν
663 1476 972 1530 ἀγνωμοσύνην.
1030 1472 1141 1528 ὅμως
1178 1476 1322 1527 μέντοι
1334 1507 1346 1526 ,
1388 1473 1522 1513 καίτοι

0 1489 261 1596 Ἀρτοσαῧτα
289 1541 368 1582 ὑπὸ
400 1544 481 1583 σοῦ’
506 1541 768 1595 ἠδικημένος,
799 1541 850 1582 οὔ
878 1543 1101 1593 πολέμιος,
1154 1538 1260 1581 ἄλλα
1293 1541 1414 1595 φίλος
1452 1538 1526 1578 καί

78 1605 317 1660 σύμμαχος,
345 1603 486 1661 ὥσπερ
518 1608 592 1647 καί
617 1606 832 1661 πρότερον,
856 1605 1059 1661 αἱροῦμαι
1084 1602 1190 1648 εἶναι
1221 1606 1308 1654 σός.
1336 1606 1409 1646 καί
1441 1604 1524 1645 πᾶ-

77 1687 156 1715 σαν
180 1672 440 1724 ἀποθέμενον
466 1674 659 1727 παραινῶ
678 1671 978 1727 ’μικροψυχίαν
996 1706 1010 1725 ,
1042 1670 1120 1726 τήν
1142 1674 1348 1728 προτέραν
1377 1671 1524 1726 φιλίαν

218 1773 252 1819 4.
276 1770 384 1809 ὅσοις
412 1771 454 1806 V.
597 1784 628 1818 7.
655 1770 859 1814 δυνήσηται
881 1771 1031 1818 μεγάλα
1056 1774 1092 1810 Ρ.

78 1854 166 1889 tiam
191 1857 379 1897 peterent,
405 1858 445 1886 ut
471 1858 508 1887 te
535 1854 695 1887 vinctum
736 1853 810 1886 illis
846 1853 1048 1892 traderem,
1083 1856 1147 1885 aut
1173 1852 1251 1897 ipse
1288 1853 1522 1887 constrictum

79 1907 268 1941 tenerem,
293 1899 410 1933 nihilo
439 1902 557 1933 minus
584 1900 731 1933 immani
758 1900 930 1944 pecuniae
955 1905 993 1933 et
1021 1903 1077 1932 tot
1100 1899 1245 1944 oppidis
1273 1905 1418 1946 tamque
1444 1911 1523 1933 am-

78 1947 161 1994 plae
186 1954 224 1981 ct
252 1947 368 1980 cultae
396 1947 534 1990 regioni
557 1947 861 1980 necessitudinem
889 1952 987 1979 tuam
1014 1947 1232 1990 anteposui:
1274 1958 1341 1979 nce
1367 1953 1522 1987 tantum,

79 1993 179 2040 quod
203 1993 376 2027 facillime
402 1998 577 2038 poteram,
602 1993 769 2027 hostibus
794 2005 869 2027 non
894 1993 1051 2037 prodidi,
1077 1993 1202 2036 (haud
1227 1994 1322 2025 enim
1353 1994 1422 2027 tibi
1447 2005 1523 2026 me-

43 2040 47 2047 ‘
78 2042 192 2075 moria
221 2040 357 2073 excidit
381 2041 443 2072 illc
469 2047 582 2075 status
609 2041 722 2087 tuus,)
747 2041 810 2073 scd
838 2041 959 2080 ctiam,
986 2039 1084 2084 quod
1111 2041 1148 2073 in
1173 2051 1229 2072 me
1254 2040 1337 2079 fuit,
1363 2040 1419 2074 bis
1448 2047 1523 2074 ter-

79 2099 151 2134 que
175 2088 310 2121 auxilia
335 2097 413 2120 mea
440 2087 510 2123 tibi
535 2088 697 2121 adiunxi.
734 2087 895 2131 Quorum
922 2087 1079 2120 omnium
1104 2086 1354 2120 existimabam
1379 2093 1416 2121 te
1440 2099 1524 2132 per-

107 2140 190 2168 etuo
206 2145 448 2174 memorem,
436 2146 623 2180 nunquam
645 2146 687 2167 eo
717 2145 999 2180 progressurum,
1026 2139 1079 2174 ut,
1107 2135 1268 2179 quamvis
1293 2139 1436 2179 potens,
1461 2146 1524 2167 ur-

79 2147 144 2214 Ees
169 2193 264 2215 meas
290 2182 476 2224 affligeres.
527 2183 584 2214 'l'u
609 2188 753 2222 autem,
782 2180 879 2226 quod
905 2185 1076 2234 apparet,
1110 2191 1235 2215 eorum
1269 2182 1430 2214 omnium
1456 2193 1523 2226 po-

79 2229 149 2262 sita
175 2230 361 2267 memoria,
387 2239 484 2264 nunc
508 2229 681 2262 barbaros
710 2230 748 2262 in
773 2239 849 2284 me,
887 2232 927 2260 ut
954 2228 991 2261 iu
1018 2227 1158 2260 hostem
1190 2228 1521 2267 iniuriosissimum,

81 2274 194 2309 ducis.
243 2276 287 2309 Et
311 2274 453 2308 urbium
473 2276 622 2323 quidem
651 2276 739 2308 alias
764 2276 870 2308 armis
899 2275 1040 2318 cepisti,
1070 2275 1159 2308 alias
1185 2274 1270 2307 dolo
1298 2280 1334 2309 et
1363 2275 1521 2315 insidiis,

81 2322 283 2368 aliquantas
308 2323 414 2356 etiam
443 2329 541 2356 metu
568 2323 753 2367 subegisti.
805 2322 961 2355 Militum
987 2332 1069 2354 vcro
1095 2322 1431 2365 praesidiariorum,
1455 2323 1518 2367 qui

81 2369 121 2401 in
148 2379 292 2416 quaque
318 2371 453 2414 reperti
485 2374 589 2409 sunt,
625 2375 734 2415 atque
770 2368 949 2403 nobilium
975 2369 1196 2408 multorum,
1233 2370 1365 2413 p·1rti1n
1398 2380 1518 2414 pugna

82 2415 269 2455 occidisti,
308 2417 437 2460 partim
462 2418 500 2450 in
535 2418 744 2450 servitutem
770 2415 964 2461 redegisti,
1002 2420 1038 2448 ct
1065 2393 1270 2449 libertzitem
1309 2415 1361 2449 eis
1389 2427 1519 2460 corpo-

81 2473 175 2503 rum,
200 2464 344 2509 quando
368 2463 437 2497 tibi
463 2464 595 2504 libuit,
622 2463 847 2507 praebuisti,
884 2473 957 2496 non
998 2461 1107 2516 magis
1146 2464 1426 2496 manumissione
1457 2473 1518 2495 cos

83 2508 303 2551 exhilarans,
331 2521 450 2557 quam,
476 2511 560 2545 dum
587 2522 704 2543 servos
729 2510 880 2549 faceres,
913 2509 1213 2543 contristawcras
1249 2509 1347 2554 quod
1372 2521 1445 2543 non
1467 2511 1518 2542 ita

82 2555 170 2600 ipsis
193 2557 348 2590 iucunda
378 2562 471 2591 esset
498 2563 580 2602 post
607 2558 817 2591 servitutem
844 2557 1013 2596 libertas,
1054 2567 1160 2601 quam
1187 2557 1300 2590 tristis
1326 2558 1443 2590 fuerat
1471 2557 1518 2589 li-

83 2601 213 2636 bertati
248 2605 417 2648 imposita
454 2606 617 2638 servitus.
689 2603 879 2637 Pecuniam
918 2614 1064 2648 quoque
1099 2604 1280 2637 infinitam
1319 2610 1356 2637 et
1390 2614 1518 2648 pecora

84 2648 362 2684 innumerabilia
386 2650 581 2686 abstulisti.
631 2650 733 2706 Quae
757 2651 878 2684 omnia
903 2662 958 2683 me
984 2651 1204 2690 excruciant,
1228 2651 1454 2697 faciuntque,
1479 2654 1519 2682 nt

84 2694 312 2731 vehementer
324 2699 501 2741 ingratum
526 2702 562 2731 te
587 2702 624 2731 et
655 2698 821 2743 iniquum
846 2696 1014 2731 iudicem.
1068 2698 1197 2731 Verum
1214 2701 1308 2732 enim
1334 2709 1429 2738 vere,
1462 2701 1516 2728 ta-

84 2742 190 2776 metsi
215 2743 278 2778 abs
303 2749 337 2778 te
362 2742 479 2779 laesus
499 2745 622 2788 toties,
648 2756 722 2779 non
746 2744 861 2779 hostis
887 2744 969 2787 tibi,
994 2743 1057 2779 sed
1082 2746 1215 2779 amicus
1237 2752 1274 2779 ct
1298 2745 1414 2779 socius
1440 2754 1516 2777 csse
