1800 3164
281 171 351 230 72
829 169 1202 214 CANTACUZEM

70 282 104 321 Α.
122 281 147 315 C
179 283 266 329 1348
281 270 535 329 προθύμως,
569 270 637 317 ὅτε
667 271 970 327 συνεβούλευεν
1002 270 1158 326 αὐτὸς,
1186 269 1263 314 ’καί
1286 274 1362 314 νῦν
1389 272 1590 323 Λατίνοις
1613 272 1737 315 οὐδὲν

280 335 333 383 ἂν
374 343 565 383 τοιοῦτον
606 342 825 393 ἐτολμᾶτο.
882 340 1005 380 τοῦτο
1047 337 1126 395 γάρ
1172 339 1218 380 ἐκ
1243 342 1316 394 τῆς
1344 337 1614 395 πολυπειρίας
1649 340 1735 381 τῶν
1794 338 1795 343 ’

278 406 536 460 πραγμάτων
569 402 865 461 προορώμενον
898 400 1051 458 αῦτὸν,
1073 403 1147 446 καί
1173 404 1272 461 πρὶν
1299 406 1520 459 γενέσθαι,
1544 406 1744 458 συμβου-’
1780 402 1782 404 ’

277 469 439 524 λεῦειν,
470 468 574 526 ἅπερ
606 466 707 528 ᾤετο
738 470 840 523 μετὰ
875 471 1027 526 μικρὸν
1055 469 1107 512 τὰ
1129 472 1303 526 μέγιστα
1337 469 1630 526 λυσιτελήσειν.
1689 466 1734 511 ὅ·

276 554 368 591 μως
399 538 473 579 καί
498 534 653 586 αὐτὸς,
692 537 785 578 ἐπεί
813 537 950 579 ἐδόκει
977 535 1084 592 πρὸς
1112 535 1183 579 τὸν
1211 535 1390 590 πόλεμον
1419 541 1600 591 χωρεῖν,
1625 536 1770 591 χρή-5

236 602 390 656 (ἴματά
422 618 467 645 τε
504 603 690 644 ἐκέλευεν
731 603 944 658 εἰσφέρειν
974 604 1266 656 Βυζαντίους,
1308 602 1382 644 καί
1409 605 1733 644 Κωνσταντῖνον
1783 612 1785 614 ’

275 669 350 711 τὸν
394 666 716 724 Ταρχανειώτην
754 670 903 725 ἐφίστη
941 667 1048 724 πρὸς
1088 668 1164 724 τήν
1207 667 1445 724 εἴσπραξιν,
1485 670 1560 710 καί
1603 666 1735 716 αὐτὸς

277 736 472 789 ἐτρέπετο
515 734 703 790 τριήρεις
730 735 1070 786 κατασκευάζειν.
1125 737 1197 790 τῆς
1224 733 1432 790 θαλάττης
1461 734 1508 776 δὲ
1539 731 1623 775 «ind
1651 735 1734 776 τῶν

277 802 318 842 Γ
316 801 500 842 αλατίων
528 802 942 855 κατεχομένης,ἐπει“
968 802 1011 843 ἐν
1040 799 1185 858 α’πόρῳ
1215 795 1268 855 ἦν
1298 800 1402 850 ξύλα
1434 799 1733 855 ναυπηγήσιμα

275 867 459 918 κομίζειν
492 868 539 908 ἐκ
558 864 798 922 θαλάττης,
837 865 1001 921 ζεύγεσι
1028 868 1101 908 καί
1129 863 1318 922 ἡμιόνοις
1351 867 1395 908 ἐκ
1437 868 1519 907 τῶν
1550 862 1657 907 κατὰ
1684 862 1731 908 τὸ
1751 870 1800 902 ῐᾱ

275 933 543 986 Σεργέντζιον
582 931 694 987 ὄρῶν
738 934 904 975 ἐκέλευε
945 935 1145 987 κομίζειν.
1212 931 1286 973 καί
1319 926 1466 987 ἤγοντο
1504 934 1735 988 μοχθηρῶς

275 993 384 1052 ἄγαν
412 1001 488 1040 καί
515 1000 749 1054 δυσέργως·
780 997 853 1041 καὶ
881 998 989 1054 πρὸς
1016 1001 1076 1057 τῷ
1108 1000 1313 1055 λεγομένῳ
1342 1000 1637 1056 Κοντοσκαλίῳ
1668 1013 1735 1040 νε-

274 1062 388 1121 ωρίῳ
430 1062 477 1106 αἶ
518 1062 707 1120 τριήρεις
740 1066 1063 1120 ἐναυπηγοῦντο.
1118 1064 1156 1107 οἱ
1190 1068 1235 1108 ἐν
1275 1066 1449 1123 sazau}
1476 1066 1523 1107 δὲ
1554 1068 1735 1108 Λατῖνοι

273 1123 450 1185 ἤλπιζον
483 1132 562 1184 μὲν
594 1131 742 1173 αὐτίκα
774 1131 956 1174 ἐλθόντα
987 1134 1165 1186 βασιλέα
1203 1131 1278 1174 τὸν
1305 1130 1411 1187 πρὸς
1444 1129 1600 1180 αὐτούς
1619 1133 1734 1173 -ἅπο-

272 1194 421 1250 γνόντα
442 1196 627 1249 πόλεμον
645 1229 656 1251 ,
686 1195 853 1239 πάντων
884 1198 1026 1247 αὐτοῖς
1058 1195 1387 1254 παραχωρήσειν
1409 1229 1421 1252 ,
1443 1192 1503 1241 ὧν
1536 1198 1733 1251 ἐβούλου·
1749 1196 1800 1243 15:

271 1276 346 1316 το,
384 1261 458 1304 καὶ
496 1262 709 1319 χωρήσειν
753 1263 856 1319 πρὸς
902 1262 1160 1319 συμβάσεις,
1204 1260 1411 1320 ἄρχοντας
1451 1261 1732 1306 καταλιπόντα

271 1329 348 1383 τῆς
384 1327 619 1384 θαλάσσης.
674 1329 732 1379 ὥς
774 1327 991 1385 δὀἷπήντα
1029 1329 1135 1373 κατὰ
1179 1329 1349 1386 γνώμην
1390 1330 1534 1380 αὐτοῖς
1574 1330 1728 1382 ου’δὲν,

226 1392 381 1438 Domo}
415 1397 518 1445 ναῦς
549 1391 694 1451 ἐώρων
718 1396 1065 1452 ναυπηγούμενον
1094 1399 1167 1439 καί
1183 1393 1606 1452 παρασκευαζόμενον
1626 1394 1733 1451 πρὸς

269 1458 415 1516 μάχην
434 1492 446 1515 ,
475 1461 791 1517 μεταβαλόντες
822 1465 1050 1519 πρεσβείαν
1085 1465 1301 1505 ἐποιοῦντο
1342 1462 1415 1504 καί
1439 1463 1539 1517 περὶ
1565 1461 1733 1518 εἰρήνης

271 1527 522 1581 διελέγοντο.
578 1526 779 1582 βασιλεῦς
807 1530 854 1570 δὲ
883 1529 1029 1579 αὐτοῖς
1055 1528 1132 1585 τήν
1153 1532 1357 1585 πονηρίαν
1387 1530 1460 1570 καί
1485 1527 1562 1584 τήν
1596 1528 1730 1583 οἷγνω-
1745 1531 1800 1578 zos

269 1591 461 1648 Ιιιοσῦνην
500 1592 737 1648 ὄνειὸίσας,
780 1591 848 1637 ὅτι
873 1597 1006 1651 μηδὲν
1037 1593 1141 1651 μήτε
1170 1595 1401 1652 πρότερον,
1434 1593 1540 1652 μήθ’
1553 1591 1731 1650 ὕστερον

268 1657 492 1702 ὑπἀὐτοῦ
524 1661 817 1716 ἀδικηθέντες,
853 1664 962 1718 μηδὲ
993 1660 1210 1719 πρόφασιν
1250 1663 1435 1715 πολέμου
1461 1663 1730 1718 παρεσχημέ-

368 1759 418 1783 12.
445 1748 486 1783 ἐν
510 1749 731 1797 ἑπτασκάλῳ
760 1751 808 1784 M.
835 1762 902 1797 pro
927 1752 1116 1799 λεγομένῳ
1140 1752 1420 1797 Κοντοσκαλίῳ.
1468 1752 1623 1798 Utrique
1646 1753 1727 1786 loco

359 1797 487 1830 navale
511 1797 717 1831 adiacebatss
746 1798 826 1832 Vid.
857 1800 1013 1844 Ducang.
1043 1799 1231 1834 Constant.
1259 1799 1389 1832 Christ.
1416 1799 1443 1831 1.
1462 1809 1498 1842 p.
1523 1801 1577 1833 56.
1606 1805 1644 1834 et
1667 1801 1726 1834 60.

362 1843 508 1876 Rectius
535 1848 681 1885 tamen,
708 1844 809 1890 quod
835 1847 869 1881 P.
885 1844 946 1880 hic
971 1852 1009 1881 et
1031 1846 1124 1882 infra
1138 1858 1176 1893 p.
1191 1846 1424 1892 74‚7.habet.
1447 1844 1531 1882 vid.
1547 1846 1728 1881 Cantacu-

361 1900 437 1924 zen.
466 1890 524 1924 IV.
548 1902 582 1935 p.
600 1893 680 1937 796.
709 1893 746 1925 Ρ.

266 1952 484 1996 tempestiva
511 1953 716 1998 cupiditate
753 1954 1034 1999 reprehendere.
1092 1956 1197 1990 Tunc
1221 1957 1318 1990 enim
1344 1959 1510 1999 prompte
1535 1953 1726 1988 conferen-

267 1998 350 2032 dam
375 1998 498 2039 fuisse,
524 2010 605 2032 cum
631 2001 710 2045 ipse
735 2008 862 2035 auctor
888 2003 1010 2036 fiebat.
1060 2003 1114 2034 Ita
1139 2015 1238 2036 nunc
1263 2003 1411 2036 Latinos
1437 2002 1531 2035 nihil
1555 2001 1631 2034 tale
1655 2012 1727 2034 au-

266 2056 369 2078 suros
394 2045 520 2082 fuisse.
580 2046 673 2080 Nam
713 2058 796 2082 cum
835 2048 905 2082 hoc
929 2050 1035 2094 longa
1066 2060 1185 2082 rerum
1212 2050 1438 2094 experientia
1464 2049 1591 2083 doctus
1617 2058 1727 2092 prae-

265 2091 420 2131 videret,
445 2096 640 2138 antequam
668 2095 783 2134 fieret,
808 2095 962 2129 suadere
983 2097 1152 2137 voluisse,
1179 2108 1270 2142 quae
1291 2096 1401 2141 paulo
1423 2101 1507 2140 post
1527 2095 1726 2141 plurimum

265 2137 458 2183 profutura
497 2145 652 2182 putaret.
715 2141 843 2174 Nihilo
876 2143 996 2176 minus
1035 2143 1192 2187 etipse,
1228 2149 1420 2188 postquam
1447 2143 1584 2175 bellum
1611 2142 1726 2174 visum

266 2190 323 2218 est
346 2185 624 2228 capessendum,
653 2187 843 2230 Byzantios
869 2190 1061 2234 pecuniam
1091 2202 1278 2223 numerare
1306 2190 1413 2223 iussit
1443 2196 1480 2223 et
1513 2189 1726 2222 Constanti-

265 2242 353 2264 num
378 2232 658 2266 Tarchaniotam
686 2236 868 2268 exactioni
897 2237 1087 2279 praefecit,
1118 2238 1225 2282 eique
1254 2237 1455 2270 triremium
1480 2235 1724 2270 aedificanda-

266 2289 345 2310 rum
369 2279 557 2321 negotium
581 2278 696 2313 dedit.
745 2282 973 2316 Tenentibus
999 2288 1119 2316 autem
1147 2295 1243 2317 mare
1270 2284 1466 2324 (inlaturus,
1492 2295 1570 2317 cum
1596 2293 1659 2327 per
1684 2282 1724 2315 id

265 2324 362 2368 ligna
389 2325 643 2359 construendis
671 2328 822 2361 navibus
847 2329 1049 2363 subvehere
1078 2331 1225 2364 difficile
1252 2337 1368 2371 esset,
1395 2330 1512 2364 bobus
1550 2335 1588 2364 et
1612 2330 1723 2362 mulis

265 2372 400 2405 iunctis
418 2398 427 2412 ‚
466 2381 511 2404 ex
536 2372 717 2419 Sergentii
746 2376 931 2409 montibus
957 2376 1088 2411 advehi
1120 2378 1245 2412 iussit:
1281 2378 1379 2423 quod
1414 2388 1564 2421 operose
1594 2377 1721 2410 admo-

265 2417 351 2452 dum
390 2424 428 2452 et
458 2418 652 2454 difficulter
678 2420 800 2462 fiebat,
827 2428 936 2468 atque
963 2425 1002 2457 in
1031 2425 1247 2469 Heptascalo
1274 2425 1395 2458 navali
1419 2425 1582 2458 triremes
1608 2423 1722 2457 fabri-
1761 2420 1765 2427 ‘

265 2465 450 2499 cabantur.
501 2466 671 2511 Ceterum
702 2468 868 2502 Galataei
894 2470 1162 2514 imperatorem,
1187 2477 1227 2504 ut
1254 2473 1365 2511 venit,
1392 2474 1512 2505 statim
1533 2472 1632 2505 bello
1653 2469 1723 2502 ad-

263 2523 387 2545 versus
418 2514 514 2556 ipsos
543 2513 796 2556 desperantem
815 2542 824 2557 ,
852 2527 946 2562 quae
973 2518 1134 2557 vellent,
1161 2520 1282 2551 omnia
1312 2529 1563 2552 concessurum
1602 2522 1639 2550 et
1676 2516 1744 2553 ad,

263 2564 369 2603 pacta
401 2559 658 2593 descensurum
697 2574 832 2608 eosque
871 2565 978 2596 maris
1017 2563 1183 2598 dominos
1210 2566 1419 2599 relicturum
1440 2591 1450 2606 ‚
1475 2564 1721 2598 confidebant.

265 2606 311 2639 At
347 2604 410 2638 ubi
448 2605 543 2639 nihil
577 2607 627 2640 eis
665 2619 729 2652 pro
757 2610 932 2654 opinione
960 2612 1106 2652 evenit,
1146 2613 1209 2645 sed
1235 2623 1340 2645 naves
1372 2613 1573 2656 compingi,
1611 2616 1648 2644 et
1676 2610 1723 2643 ad

262 2662 420 2697 pugnam
441 2654 572 2686 instrui
589 2654 769 2696 viderunt,
799 2662 936 2690 mutata
966 2659 1165 2697 voluntate,
1191 2659 1410 2701 legatIOnem
1437 2658 1480 2692 de
1506 2669 1593 2703 pace
1609 2660 1720 2692 mise-

264 2703 360 2732 runt.
409 2700 609 2744 Imperator
637 2703 688 2734 cis
716 2704 951 2749 iniquitatem
980 2706 1246 2750 stultitiamque
1273 2706 1506 2750 exprobrare,
1535 2705 1634 2751 quod
1660 2705 1719 2739 ni-

262 2744 316 2778 hil
351 2757 510 2793 unquam
536 2746 581 2780 ab
609 2758 651 2783 eo
676 2749 779 2792 laesi,
808 2762 874 2786 nec
900 2751 975 2784 ulla
1004 2749 1095 2786 belli
1124 2753 1313 2787 occasione
1340 2752 1435 2794 data,
1462 2758 1533 2787 tam
1558 2752 1718 2799 improbi
