1794 3158
303 122 417 190 466
650 141 665 173 t
826 136 1241 180 ANNOTATloNES

303 249 395 282 rent
431 254 526 281 eam
564 239 703 280 dicere
747 251 778 278 a
833 238 992 286 ficuum
1026 238 1138 278 lacte
1188 240 1254 279 ita
1303 240 1563 294 appellatam
1600 253 1699 280 esse
1716 266 1734 287 ,

301 310 500 352 suamque
544 304 628 335 tum
664 295 976 334 aberrationem
1003 307 1034 332 a
1072 307 1172 333 vero
1217 295 1327 334 tueri
1348 303 1517 348 possent
1553 296 1735 334 auctori-

299 361 389 391 tate
429 351 627 401 Dionysii
664 349 884 400 Byzantii,
921 350 1137 388 scribentis
1158 379 1170 400 ,
1214 349 1371 400 Sycam
1410 350 1673 405 appellatam
1705 362 1737 388 a

300 405 566 446 multitudine
595 412 633 442 et
658 402 968 458 pulchritudine
995 404 1188 442 arborum
1208 403 1371 461 ficuum
1398 405 1458 444 ibi
1490 406 1739 457 provenien-

302 463 418 506 tium.
477 461 646 512 Quanto
685 459 835 497 rectius
865 458 1193 506 coniectassent,
1239 460 1278 497 si
1307 471 1337 497 a
1368 458 1539 499 Galatis
1571 458 1739 513 populis

302 530 396 555 eam
437 514 644 552 Galatam
671 514 936 552 nominatam
969 512 1108 565 fuisse
1137 515 1344 554 arbitrati
1370 522 1529 560 essent,
1560 512 1740 553 adducti

301 569 478 611 Ioannis
496 568 686 617 Tzetzae,
707 570 808 606 civis
821 569 1278 620 Constantinopolitani
1302 576 1341 607 et
1360 567 1572 621 diligentis
1587 569 1742 608 Gram-

305 624 472 669 matici‚
508 624 643 662 varia
682 623 887 672 historia,
929 623 1083 662 abhinc
1108 621 1207 675 fere
1245 622 1569 678 quadringentos
1606 635 1743 663 annos

305 679 544 732 conscripta
561 707 573 727 ,
607 691 714 729 quae
743 677 903 723 tradit,
937 677 1146 716 Brennum
1175 677 1379 724 Gallum,
1418 678 1565 718 ducem
1589 678 1743 718 Gallo-

301 749 416 783 rum,
453 745 550 787 quos
586 731 743 770 Graeci
776 732 961 771 Galatas
1001 733 1256 785 appellant,
1301 732 1537 787 profectum
1569 734 1742 785 Byzan-

302 790 423 834 tium,
447 788 565 826 illinc
597 787 810 825 traiecisse
829 804 841 824 .·
883 786 1059 841 indeque
1087 788 1288 838 Byzantii
1319 788 1454 827 locum
1481 790 1743 842 appellatum

290 842 423 897 fuisse
459 842 614 882 Peram
649 855 705 880 ex
741 842 984 880 traiectione
1018 840 1274 881 Galatarum
1294 871 1310 889 ,
1351 855 1382 881 a
1412 845 1558 897 quibus
1590 851 1745 898 postea

300 899 491 938 arbitror
520 897 649 935 etiam
680 895 887 934 Galatam
916 896 1193 949 appellatam.
1247 897 1372 936 Haec
1401 907 1542 938 autem
1574 899 1660 938 sita
1682 903 1745 936 est

295 953 459 1006 partim
488 952 532 989 in
565 950 688 999 colle,
718 951 881 1003 partim
907 951 952 987 in
978 950 1156 1001 planitie
1182 953 1372 992 subiecta
1401 954 1474 993 sub
1498 954 1634 1008 ipsum
1656 952 1745 992 col-—

299 1009 393 1057 lem,
432 1016 548 1061 quem
573 1004 686 1043 duae
713 1004 851 1043 valles
884 1002 1090 1054 efficiunt,
1111 1018 1198 1044 una
1230 1007 1284 1046 ab
1313 1007 1490 1055 oriente,
1528 1009 1667 1048 altera
1690 1007 1747 1046 ab

298 1061 527 1109 occidente,
557 1068 730 1114 utraque
749 1060 878 1109 longa
905 1059 1073 1099 circiter
1091 1074 1215 1099 unum
1239 1061 1438 1101 milliare.
1497 1063 1623 1104 Collis
1644 1062 1748 1102 dor-

299 1131 389 1156 sum
410 1114 605 1169 procedit
646 1127 676 1152 a
720 1114 1013 1166 septemtrione
1052 1114 1118 1154 ad
1152 1115 1395 1169 meridiem,
1425 1117 1561 1158 latum
1596 1119 1749 1174 ubique

299 1186 384 1212 non
428 1172 563 1209 minus
608 1167 798 1208 ducentis
829 1168 1039 1219 passibus,
1072 1178 1161 1209 tam
1196 1171 1395 1223 longum,
1425 1187 1552 1227 quam
1578 1174 1746 1218 valles,

298 1227 447 1281 quibus
475 1225 678 1277 utrimque
710 1222 951 1261 clauditur.-
985 1222 1139 1263 deinde
1167 1227 1434 1278 coniungitur
1458 1241 1551 1266 cum
1583 1230 1750 1284 reliqua

300 1279 551 1321 continentis
577 1278 768 1332 planitie.
837 1277 965 1315 Collis
1002 1277 1282 1320 meridianum
1314 1282 1425 1321 latus
1455 1292 1494 1322 et
1522 1284 1750 1337 planitiem

301 1336 376 1376 sub
404 1335 541 1386 ipsum
587 1332 817 1371 subiectam
861 1333 1118 1372 continentes
1168 1335 1405 1385 Galatam,
1454 1338 1751 1379 circumscribit

300 1392 414 1429 sinus
446 1388 675 1434 Ceratinus,
711 1386 988 1439 Istlimumque
1027 1396 1067 1426 et
1098 1390 1368 1441 peninsulam
1385 1391 1484 1445 fere
1513 1395 1753 1434 semicircu-

298 1447 436 1485 larem
473 1440 619 1493 efficit:
661 1449 718 1489 ut,
747 1443 785 1479 si
818 1441 976 1480 lineam
1006 1443 1177 1482 duceres
1203 1445 1257 1484 ab
1293 1459 1366 1484 ore
1395 1457 1435 1486 et
1457 1447 1658 1501 faucibus
1689 1448 1751 1487 si·-

301 1514 380 1540 nus
411 1496 476 1537 ad
505 1497 686 1535 medium
717 1509 934 1545 recessum,
960 1512 1078 1550 quem
1111 1500 1223 1538 sinus
1245 1501 1462 1541 Ceratinus
1491 1505 1678 1544 insinuat
1703 1503 1750 1540 in
1788 1507 1790 1509 ’

300 1553 488 1600 vallem,
516 1564 624 1605 quae
660 1550 809 1589 collem
844 1551 1092 1590 Galatinum
1122 1553 1176 1592 ab
1212 1568 1364 1594 occasu
1394 1557 1581 1608 claudit,
1614 1557 1752 1599 inclu-

302 1622 395 1649 sum
443 1606 609 1646 videres
648 1606 760 1643 intra
803 1605 1106 1645 semicirculum
1124 1638 1136 1657 ‚
1186 1623 1302 1663 quem
1344 1610 1580 1665 designaret
1621 1616 1751 1654 ducta

303 1665 422 1703 linea
457 1662 657 1700 Galatam
685 1660 945 1698 accedentem
981 1661 1044 1699 ad
1060 1661 1256 1715 figuram
1291 1678 1410 1704 arcus
1453 1670 1623 1717 intenti,
1667 1667 1751 1707 nisi

305 1720 394 1760 eius
436 1730 567 1756 cornu
614 1728 791 1765 vergens
839 1715 901 1752 ad
946 1730 1136 1755 occasum
1183 1718 1356 1759 dimidio
1409 1723 1569 1775 largius
1623 1735 1752 1779 quam

307 1771 516 1813 orientale
543 1777 648 1809 esset
688 1778 727 1808 et
761 1770 896 1807 minus
932 1771 1111 1821 longum.
1189 1774 1379 1813 Galatae
1408 1779 1607 1817 circuitus
1631 1792 1752 1820 mar-0

307 1825 598 1867 circumdatus
630 1831 751 1876 patet
792 1832 944 1878 quater
977 1826 1088 1864 mille
1127 1835 1166 1866 et
1200 1828 1527 1883 quadringentos
1571 1848 1752 1887 passus,

306 1879 495 1922 latitudo
535 1881 668 1919 varia
696 1897 708 1917 .·
764 1893 864 1918 nam
913 1879 1057 1919 media
1099 1890 1158 1921 est
1196 1893 1489 1926 sexcentorum
1523 1902 1753 1942 passuum,

308 1949 488 1991 quorum
525 1934 678 1986 viginti
721 1934 986 1973 intercedunt
1028 1938 1137 1975 inter
1173 1938 1310 1976 sinum
1352 1950 1390 1980 et
1429 1956 1587 1983 muros.
1657 1945 1755 1984 Iam

309 2004 413 2031 vero
431 1990 638 2042 planities
662 2002 916 2042 procurrens
959 1991 1068 2029 inter
1095 1994 1230 2031 sinum
1277 2001 1316 2032 et
1355 1997 1501 2036 collem
1542 1999 1757 2039 dilatatur

310 2054 475 2086 centum
512 2044 726 2095 octoginta
777 2058 956 2098 passus,
1004 2046 1138 2085 clivus
1172 2062 1274 2087 vero
1323 2049 1368 2087 in
1411 2052 1790 2105 quadringentos.'

311 2101 445 2140 Latus
473 2099 664 2138 Galatae
699 2099 904 2138 orientale
940 2109 1061 2152 patet
1098 2103 1144 2140 in
1173 2102 1443 2145 latitudinem
1483 2110 1618 2159 primo
1646 2122 1755 2161 qua<-

314 2155 635 2206 dringentorum
657 2167 886 2207 passuum,
918 2155 1074 2194 deinde
1101 2158 1363 2197 contrahitur
1394 2162 1438 2200 in
1462 2162 1661 2203 ducentos
1690 2178 1758 2203 se—

314 2211 498 2261 xaginta
526 2222 685 2262 passus.
744 2208 873 2247 Latus
909 2211 1125 2262 pertinens
1157 2211 1220 2250 ad
1257 2226 1449 2254 occasum
1479 2227 1608 2257 extra
1641 2227 1755 2258 vete-

316 2278 405 2305 rem
435 2264 642 2302 Galatam
673 2266 796 2303 situm
824 2264 951 2303 habet
979 2267 1143 2304 mollem
1179 2267 1332 2306 clivum
1360 2278 1400 2308 et
1420 2269 1519 2322 jere
1545 2281 1673 2312 totum
1695 2273 1761 2313 ad

316 2317 535 2359 meridiem
563 2318 815 2366 tendentem,
853 2327 1026 2372 praeter
1059 2322 1257 2373 exiguam
1283 2327 1599 2374 proclivitatem
1626 2329 1759 2368 subsi-

319 2374 485 2414 dentem
516 2371 579 2412 ad
607 2374 708 2411 solis
740 2387 931 2412 occasum
963 2375 1091 2414 iuxta
1125 2390 1262 2415 muros
1300 2382 1457 2419 veteris
1487 2383 1671 2422 Galatae
1699 2384 1760 2422 si-

319 2438 435 2474 tam;
475 2428 577 2467 clivi
612 2428 720 2466 enim
770 2429 889 2467 collis
928 2429 1127 2468 Galatini
1165 2430 1328 2486 duplici
1360 2433 1602 2477 devexitate
1639 2439 1763 2476 incli-

319 2493 489 2532 nantur,
522 2496 605 2520 una
630 2483 674 2521 in
702 2484 864 2531 valles,
898 2485 1041 2523 altera
1062 2485 1106 2524 in
1132 2486 1278 2526 sinum.
1340 2487 1460 2528 Unde
1477 2490 1556 2544 fit,
1591 2501 1635 2530 ut
1661 2493 1759 2532 urbs

319 2541 375 2578 sit
407 2551 550 2592 prona
586 2538 743 2591 triplici
778 2539 1072 2591 proclivitate,
1115 2554 1202 2579 una
1245 2556 1275 2581 a
1309 2547 1661 2594 septemtrionibus
1697 2545 1791 2587 ad?

321 2592 555 2640 meridiem,
587 2593 726 2631 altera
761 2590 825 2631 ad
854 2601 986 2631 ortum
1016 2595 1133 2643 solis,
1163 2597 1287 2636 tertia
1318 2597 1383 2636 ad
1414 2613 1620 2641 occasum.
1672 2602 1760 2640 De-
1787 2631 1790 2644 .

322 2649 487 2688 olivitas
516 2660 594 2697 per
616 2646 802 2686 mediam
831 2647 1017 2687 Galatae
1056 2649 1319 2690 latitudinem
1361 2653 1587 2695 decurrens
1630 2655 1791 2696 tendit

319 2717 357 2745 ,a
386 2702 742 2758 septemtrionibus
779 2701 844 2742 ad
871 2701 1090 2743 meridiem
1109 2734 1121 2757 ,
1160 2705 1221 2746 ita
1256 2720 1429 2760 prona,
1465 2719 1509 2750 ut
1544 2712 1591 2752 in
1619 2711 1758 2752 multis
1786 2704 1789 2711 ⁴
