1800 3164
322 160 394 226 84
850 182 1217 224 CANTACUZENJ

113 287 201 321 A.C.
221 287 308 332 1348
320 279 444 326 τίνοις
482 279 734 332 συμβαλών,
775 281 890 321 ἐνίκα
929 278 1031 321 κατὰ
1062 281 1210 335 κράτος
1238 285 1311 324 καί
1343 284 1546 339 τειχήρεις
1574 286 1761 340 ἐποιησεν

320 345 365 385 έν
392 346 499 401 Χίῳ,
527 347 688 386 πολλῶν
717 344 928 386 πεσόντων
961 345 1032 386 καί
1056 347 1283 399 Βενιούζου
1309 351 1387 389 τοῦ
1415 343 1616 404 ἄρχοντος
1634 366 1762 404 τραυ-

317 410 469 462 ματίου
499 412 731 464 γενομένου.
786 412 856 450 τοῦ
885 411 988 451 θεοῦ
1017 413 1062 453 δὲ
1089 409 1242 469 ἑτέρως
1269 416 1609 468 ταλαντεύοντος,
1640 416 1760 457 συνέ-

318 477 372 528 βη
403 478 489 516 κατ’
517 474 645 528 αὐτην
673 472 747 527 την
775 475 1025 528 ἦμέραν,,ἐν
1052 472 1081 533 ᾗ
1107 477 1132 531 ἦ
1163 477 1280 533 μάχη
1310 477 1534 534 ἐγεγένητο,
1559 479 1763 535 Ἀνδρέαν

319 543 536 594 Πετρίλαν
556 572 566 590 ,
598 543 642 581 ἐκ
673 538 880 589 Γεννούας
909 536 1004 584 ὄντα
1035 545 1107 584 καί
1134 541 1277 597 αὐτὸν,
1309 542 1398 596 ἅμα
1427 546 1526 587 δυσί
1551 535 1800 601 τριήρεσιν5

320 608 366 646 ἐκ
407 605 602 659 Σμύρνης
646 604 721 660 τὴν
752 609 859 648 Χίον
887 611 1182 664 παραπλέοντα
1216 609 1319 666 πρός
1346 611 1578 661 Βυζάντιον
1606 610 1763 664 ἐπείγε-

320 673 448 712 σθαι·
503 670 740 722 πυθόμενον
770 674 840 723 δὲ,
872 673 929 723 ὥς
962 673 1042 715 ὑπὸ
1083 677 1250 729 Τζυβοῦ
1281 680 1560 731 πολιορκοῖντο
1592 675 1629 717 οἱ
1662 673 1764 729 ὁμό-

320 740 459 791 φυλοι,
489 737 705 791 α’ποβῆναί
725 754 766 779 τε
797 738 902 793 πρὸς
930 739 1006 794 τὴν
1035 742 1140 783 Χίον
1173 744 1245 782 καί
1271 744 1501 795 ἐπικουρεῖν
1529 748 1614 791 τοῖς
1642 746 1761 782 πολι-

280 802 600 856 Βορκουμένοις.
658 804 858 859 δευτέρας
888 806 934 845 δὲ
960 803 1102 860 μάχης
1129 809 1347 861 γενομένης
1375 809 1535 861 καὶτῆς
1553 808 1665 861 νίκης
1685 802 1765 847 αὖ-

179 879 299 917 v,601
318 870 387 917 θις
422 866 648 923 ἀφορώσης
679 867 784 924 πρὸς
812 867 1070 924 Ῥωμαίους,
1116 869 1135 912 ὃ
1175 872 1338 927 Τζυβὸς
1368 870 1666 926 ἀγωνιζόμενος
1693 873 1800 913 ευ’-Ε

316 931 468 986 ψὺχως
500 932 642 986 ἔπεσε,
672 936 783 986 βέλει
812 938 990 990 τρωθείς
1019 936 1124 978 κατὰ
1152 937 1229 992 τὴν
1258 936 1427 992 μάχην,
1473 940 1546 979 καί
1570 938 1696 980 πάλιν
1725 937 1764 980 οἱ

317 1002 501 1042 Λατῖνοι
530 1001 603 1053 τῆς
632 1002 742 1040 Xt'ov
771 1000 910 1056 κύριοι
939 997 1073 1056 ἦσαν,
1117 1006 1200 1045 τῶν
1231 1005 1443 1046 Φωκαέων
1474 1005 1533 1052 εἰς
1559 1002 1635 1059 τὴν
1666 1002 1765 1046 Φώ-

318 1080 440 1106 καιαν
483 1067 802 1119 περαιωθέντων
838 1066 943 1119 μετὰ
982 1070 1058 1108 τοῦ
1085 1072 1318 1124 στρατηγοῦ
1344 1067 1419 1125 τὴν
1445 1069 1656 1124 τελευτήν·
1710 1066 1765 1124 ἢν

319 1131 392 1171 καί
417 1133 591 1183 βασιλεῖ
622 1133 862 1186 παρέδοσαν
899 1133 1176 1188 κατασχόντες
1212 1134 1414 1191 πρότερον
1448 1137 1650 1176 τελοῦσαν
1679 1132 1762 1175 ὑπὸ

318 1196 360 1235 Γ
358 1196 585 1244 εννουῖταις
612 1192 709 1238 ὅσον
736 1196 892 1252 χρόνον
919 1202 992 1240 καί
1019 1200 1043 1253 ἡ
1075 1202 1196 1249 Χίος.
1265 1199 1468 1253 βασιλεῦς
1500 1200 1547 1241 δὲ
1577 1198 1764 1254 ἔπεμψεν
1781 1207 1796 1234 ¹

318 1262 378 1308 εἰς
411 1257 614 1303 Φώκαιαν
644 1264 807 1304 Λέοντα
839 1262 912 1306 τὸν
941 1263 1189 1307 Καλόθετον
1222 1260 1396 1322 ἄρχειν,
1427 1268 1536 1307 Χῖον
1563 1267 1642 1318 μὲν
1669 1259 1766 1308 ’ὄντα

320 1328 391 1366 καί
420 1325 555 1379 αὐτὸν,
586 1326 689 1368 κατὰ
720 1330 766 1370 δὲ
800 1327 871 1371 τὸν
900 1331 977 1371 τοῦ
1005 1333 1186 1383 πολέμου
1214 1331 1366 1386 χρόνον
1393 1332 1466 1386 τῆς
1493 1329 1622 1385 νήσου
1651 1329 1768 1387 παρὰ

314 1390 582 1432 Ἀποκαύκου
611 1394 863 1447 ἐκβληθέντα
892 1396 969 1435 τοῦ
995 1397 1179 1449 μεγάλου
1207 1395 1356 1445 ὁόυκὸς
1384 1397 1457 1438 καί
1484 1394 1640 1452 πολλήν
1667 1397 1769 1438 ὕπο-

273 1476 277 1479 ’
320 1453 479 1498 στάντα
528 1455 707 1499 κάκωσιν
749 1457 819 1500 διὰ
860 1459 936 1514 την
977 1461 1082 1516 πρὸς
1111 1460 1463 1516 Καντακουζηνὸν
1491 1462 1564 1503 τὸν
1590 1463 1768 1516 βασιλέα

279 1518 504 1576 (ζεῦνοιαν,
541 1522 704 1576 Τζυβὸν
737 1520 828 1565 ἄντ’
856 1526 1012 1567 ἐκείνου
1044 1528 1375 1581 καταστήσαντος
1399 1521 1596 1582 ἄρχοντα.
1654 1524 1800 1569 ὃκαί2

319 1586 504 1640 μάλιστα
535 1588 666 1631 αἴτιον
693 1592 766 1644 τῆς
802 1592 913 1632 Χίου
945 1593 1154 1641 ἀπωλείας
1182 1591 1319 1634 ἐδόκει
1341 1595 1601 1648 γεγενῆσθαι.
1659 1592 1765 1634 πολύ

321 1654 402 1708 γαρ
433 1655 591 1695 ἐκείνου
620 1655 797 1707 βελτίων
827 1652 880 1710 ἦν
909 1659 1114 1708 συνέσεως
1143 1658 1260 1699 ἕνεκα
1299 1657 1373 1699 καί
1407 1659 1667 1714 προμηθείας
1698 1662 1772 1700 καί

304 1720 399 1763 ,τοῦ
438 1718 657 1770 διασώζειν
700 1722 856 1763 εἰδέναι
885 1722 958 1778 τὴν
980 1727 1299 1767 -πιστευθεῖσαν
1327 1721 1448 1766 πόλιν
1475 1723 1556 1766 ἀπὸ
1586 1727 1668 1767 τῶν
1692 1740 1768 1767 πο-

416 1830 446 1862 7.
473 1817 510 1850 οἱ
533 1828 599 1850 om.
629 1819 662 1851 P.

320 1900 408 1934 Prae
435 1898 634 1942 cupiditate
661 1900 758 1932 enim
803 1901 1028 1946 andaclaquc
1059 1903 1208 1938 militari
1243 1917 1316 1940 non
1346 1913 1551 1952 exspectato
1590 1909 1767 1951 subsidio,

323 1946 386 1979 sed
411 1946 483 1978 suis
510 1944 698 1979 dumtaxat
722 1946 859 1980 viribus
886 1950 1051 1989 conlisus,
1075 1953 1195 1994 periit.
1245 1955 1388 1988 Coactis
1411 1957 1519 1996 enim,
1543 1962 1632 2001 quot
1651 1957 1766 1990 maxi-

322 2004 381 2027 me
405 1991 552 2030 licebat,
579 2003 622 2024 ex
648 1992 809 2026 Phocaea
840 1996 1016 2036 Romanis,
1045 1999 1234 2042 repentino
1262 2000 1390 2034 Chium
1415 2004 1606 2046 navigavit,
1629 2009 1665 2036 et
1682 2014 1765 2037 cum

323 2038 462 2079 Latinis
488 2044 652 2071 conserto
680 2041 832 2082 proelio,
855 2043 971 2085 palam
1000 2054 1060 2076 eos
1084 2045 1189 2084 vicit,
1214 2047 1409 2092 multisque
1435 2050 1558 2082 occisis
1583 2055 1621 2082 et
1656 2051 1766 2082 Beni-

322 2096 391 2117 uzo
419 2085 581 2129 principe
606 2085 812 2127 vulnerato,
835 2089 994 2133 reliquos
1021 2091 1115 2123 intra
1140 2093 1282 2125 moenia
1306 2095 1491 2139 compulit.
1540 2097 1617 2129 Deo
1643 2102 1766 2130 autem

324 2133 431 2164 aliter
450 2135 647 2170 statuente,
673 2142 715 2163 eo
735 2133 812 2176 ipso
839 2134 910 2174 die,
936 2146 1007 2179 quo
1026 2143 1219 2181 pugnatum
1235 2146 1300 2181 est,
1325 2143 1478 2186 contigit
1500 2142 1678 2176 Andream
1698 2143 1767 2176 Pe-

324 2178 447 2211 trilam
462 2178 691 2210 Genuensem
715 2190 794 2211 cum
815 2180 955 2213 duabus
980 2184 1186 2217 triremibus
1203 2185 1350 2230 Smyrna
1366 2187 1499 2222 Chium
1522 2189 1766 2234 urbemprae-

325 2224 623 2266 tei-navigantem,
648 2225 854 2266 Byzantium
879 2228 1070 2270 festinare,
1095 2237 1131 2264 et
1154 2232 1372 2275 audientem,
1396 2236 1489 2269 cives
1515 2248 1596 2269 suos
1625 2248 1644 2269 a
1669 2235 1765 2279 Zybo

327 2269 501 2310 obsideri,
526 2274 562 2302 et
591 2270 805 2304 iuzinsulam
832 2273 1049 2307 descendere
1075 2277 1303 2326 obsessisque
1320 2283 1535 2315 succurrere.
1585 2282 1766 2316 conflictu

326 2318 458 2350 iterato
493 2321 530 2348 et
574 2327 712 2348 rursum
756 2318 801 2350 ad
836 2321 1012 2354 Romanos
1037 2331 1221 2367 spectante
1250 2329 1422 2368 victoria,
1447 2329 1576 2371 Zybns.
1603 2330 1765 2362 animose

325 2374 489 2409 pugnans
505 2387 514 2401 ‚
540 2362 612 2394 ictu
639 2365 788 2406 sagittae
813 2366 1050 2401 moribundus
1077 2373 1245 2412 concidit,
1271 2380 1307 2407 et
1329 2375 1452 2415 Chius,
1476 2376 1764 2409 Phocaeensibus

325 2416 410 2455 post
435 2408 578 2442 caedem
610 2408 710 2442 ducis
735 2412 788 2443 sui
815 2411 1010 2446 Phocaeam
1037 2421 1198 2459 reversi3‚
1222 2419 1268 2451 ad
1297 2421 1442 2454 Latinos
1467 2421 1586 2462 rediit,
1611 2433 1718 2468 quam
1742 2434 1764 2455 a

326 2468 366 2490 se
394 2456 532 2488 tamdiu
557 2454 756 2496 obtentam,
782 2460 952 2503 quamdiu
980 2466 1016 2493 et
1040 2464 1163 2497 urbem
1192 2466 1335 2508 Chium,
1364 2469 1571 2512 imperatori
1599 2469 1764 2503 tradide-

327 2509 422 2536 runt.
472 2503 671 2546 Imperator
706 2503 900 2538 Phocaeam
936 2508 1093 2542 Leonem
1131 2513 1357 2546 Calothetum
1390 2514 1609 2559 praesectum
1637 2516 1764 2555 mittit,

329 2550 393 2595 qui
419 2550 455 2582 et
478 2549 554 2592 ipse
581 2548 690 2581 Chius
715 2556 804 2590 erat,
828 2563 869 2583 ac
893 2552 981 2585 belli
1005 2561 1164 2599 tempore
1189 2559 1234 2590 ab
1253 2561 1481 2605 Apocaucho‚
1506 2559 1631 2607 magno
1657 2561 1763 2601 duce,

329 2598 369 2630 in
396 2596 528 2639 Zybum
558 2595 728 2630 translata
754 2599 989 2641 praefectura,
1018 2610 1164 2647 propter
1189 2606 1347 2638 studium
1373 2619 1453 2651 erga
1477 2608 1762 2642 Cantacuzenum

329 2652 545 2687 magnopere
571 2641 759 2676 afflictatus
783 2651 819 2677 et
844 2646 960 2678 insula
988 2648 1146 2693 denique
1171 2653 1294 2695 pulsus
1320 2660 1416 2693 crat,
1450 2666 1542 2699 quae
1569 2657 1761 2701 praecipua

329 2689 416 2723 Chii
438 2688 660 2722 amittendae
688 2700 792 2722 causa
820 2691 895 2725 visa
919 2699 991 2727 est:
1018 2695 1258 2739 intelligentia
1285 2702 1381 2732 enim
1407 2708 1447 2732 ac
1472 2702 1676 2745 provisione
1701 2702 1762 2734 fu·

329 2741 492 2770 tutorum
527 2735 750 2782 scientiaque
788 2739 942 2774 tuendae
978 2741 1076 2775 urbis
1106 2744 1175 2777 sihi
1202 2745 1361 2779 creditae
1392 2748 1544 2781 multum
1577 2748 1633 2781 illi
1657 2752 1762 2793 ptae-
