1794 3158
317 125 427 181 558
688 178 692 183 .
871 143 1289 189 ANNOTATioNFs

314 246 410 298 det,
439 259 521 286 non
554 260 670 300 posse
701 261 725 285 a
764 245 842 287 fide
874 246 1078 297 excidero,
1110 245 1220 300 quod
1252 246 1396 300 dogma
1430 245 1590 288 Calvini
1629 254 1688 289 est
1714 257 1755 289 et

313 301 652 352 Calvinistarum‚
682 301 801 352 licet,
831 307 875 339 ut
903 302 1169 341 consideranti
1198 303 1450 344 manifestum
1479 306 1554 343 erit
1573 334 1586 355 ‚
1631 304 1754 344 verba

313 358 581 397 Cantacuzeni
612 360 654 395 in
679 357 835 395 bonum
863 371 1022 395 sensnm
1046 359 1171 411 accipi
1194 359 1371 410 possint3
1393 373 1473 399 non
1502 361 1608 399 enim
1628 373 1756 413 quen-

312 427 434 465 quam
462 413 539 452 fide
567 419 606 451 et
635 414 799 451 caritate
832 412 1056 464 praeditum
1088 413 1267 452 destituit
1295 415 1405 454 Deus
1448 414 1594 454 auxilio
1622 428 1759 454 neces·

314 470 420 508 sario
450 468 501 506 ad
525 468 629 518 hoc,
659 474 705 506 ut
731 467 850 506 fidem
878 475 917 506 et
945 469 1152 506 caritatem
1186 478 1424 520 conservet,
1461 470 1530 509 sed
1570 472 1604 510 si
1636 470 1756 508 amit-

311 525 391 573 tit,
425 523 543 576 culpa
571 530 610 562 et
638 522 876 577 negligentia
905 537 975 562 sua
1006 524 1180 574 amittit,
1219 538 1300 563 non
1330 524 1487 564 defectu
1515 532 1555 564 et
1591 526 1760 580 penuria

311 576 495 617 coelestis
523 578 689 617 subsidii
713 580 763 617 ad
794 580 1134 618 conservationem
1167 581 1318 632 gratiae
1345 581 1568 620 necessarii.
1637 580 1759 619 Simi-

311 631 369 672 les
398 635 616 673 sententiae
645 641 862 673 occurrunt
890 634 1106 687 aliquando
1139 636 1180 672 in
1208 637 1478 674 monumentis
1505 642 1683 689 patrum,
1713 649 1760 675 ex

312 703 488 741 quorum
515 703 683 728 numero
708 695 866 729 sanctus
894 690 1120 744 Cyprianus
1151 689 1255 730 libro
1284 691 1333 728 de
1363 693 1516 730 unitate
1544 690 1757 730 ecclesiae:

312 745 443 783 Nemo
480 746 683 784 existimet
718 746 834 784 bonos
873 745 922 783 de
959 746 1124 784 ecclesia
1146 760 1260 798 posse
1297 746 1510 785 discedere.
1571 746 1763 785 Triticum

314 814 394 840 non
424 801 538 854 rapit
557 809 694 839 ventus
707 829 723 847 ,
767 814 838 838 nec
866 800 1047 838 arborem
1075 800 1206 839 solida
1240 802 1383 841 radice
1403 801 1636 853 fundatam
1661 815 1762 855 pro-

312 856 420 894 cella
445 855 648 894 subvertit.
709 854 861 893 Inanes
884 855 1028 909 paleae
1054 864 1284 909 tempestate
1313 857 1509 907 iactatur,
1549 856 1764 896 invalidae

313 911 469 949 arbores
498 910 661 949 turbinis
697 910 917 949 incursione
961 919 1204 949 evertuntur.
1265 911 1353 950 Hoc
1387 911 1478 950 ideo
1509 911 1605 950 dicit
1626 940 1639 961 ‚
1668 913 1764 965 quia

314 980 431 1019 saepe
458 966 533 1014 fit,
579 972 625 1004 ut
660 966 730 1019 qui
765 966 807 1004 in
839 965 1026 1005 haeresin
1054 973 1125 1004 aut
1152 964 1271 1005 aliam
1307 966 1552 1006 infidelitatis
1591 967 1764 1019 speciem

314 1021 531 1072 labuntur,
565 1022 674 1073 prius
702 1019 935 1059 sceleratam
963 1021 1150 1074 vitiisque
1192 1023 1503 1061 contaminatam
1532 1023 1654 1061 vitam
1683 1022 1764 1060 du·-

313 1079 459 1120 xerint.
529 1075 666 1132 Neque
707 1077 812 1115 enim
842 1076 950 1130 fieri
973 1085 1124 1131 potest,
1167 1078 1299 1130 inquit
1330 1078 1603 1116 Damascenus
1631 1076 1703 1116 lib.
1726 1090 1762 1116 ι.

312 1132 447 1173 Paral.
477 1146 562 1184 cap.
587 1146 665 1182 12.‚
695 1140 737 1170 uc
756 1132 963 1187 quisquam
991 1133 1208 1171 haereticus
1225 1132 1337 1188 fiat,
1377 1133 1456 1172 nisi
1481 1131 1597 1187 prius
1619 1133 1687 1170 vel
1720 1132 1764 1171 in
1793 1149 1794 1157 ¹

311 1188 443 1226 verbis
465 1188 536 1226 vel
561 1187 603 1225 in
631 1187 848 1226 actionibus
885 1188 1054 1226 rationes
1094 1189 1204 1226 vitae
1233 1202 1325 1227 suae
1369 1188 1474 1227 male
1505 1188 1764 1242 compararit.

311 1242 479 1282 Interim
508 1249 664 1282 certum
692 1242 893 1295 fixumque
920 1249 1081 1281 maneat
1098 1272 1111 1293 7
1142 1257 1260 1295 eum,
1293 1244 1363 1297 qui
1392 1257 1486 1282 vere
1513 1250 1590 1282 stat
1610 1272 1622 1290 ‚
1667 1255 1766 1282 vere

312 1298 482 1338 cadere:
525 1305 564 1337 et
605 1311 724 1346 eum,
761 1299 831 1350 qui
868 1311 966 1337 vere
1006 1298 1175 1349 cecidit,
1215 1312 1309 1338 vere
1340 1299 1485 1337 iterum
1525 1311 1731 1351 resurgere
1750 1326 1764 1349 ,

311 1361 432 1407 atque
466 1352 565 1392 adeo
593 1367 689 1393 vere
721 1359 825 1391 stare
852 1366 981 1406 posse.
1043 1354 1179 1407 Quam
1213 1355 1329 1393 multi
1354 1354 1470 1393 modo
1491 1353 1763 1402 luxuriantur,

310 1410 444 1462 inquit
470 1413 629 1448 sanctus
664 1406 915 1461 Augustinus
945 1415 1106 1447 tractat.
1126 1407 1196 1458 45.
1228 1410 1270 1447 in
1302 1410 1440 1460 Ioan.,
1469 1409 1574 1448 casti
1596 1409 1765 1460 suani,-

312 1479 434 1519 quam
486 1464 601 1503 multi
645 1463 917 1518 blasphemant
964 1463 1161 1502 Christum
1175 1493 1187 1514 ,
1230 1464 1421 1503 credituri
1456 1465 1499 1503 in
1538 1463 1735 1502 Christum
1749 1481 1764 1502 .-

313 1533 437 1574 quam
465 1520 581 1558 multi
614 1533 653 1557 se
690 1519 887 1558 inebriant
902 1547 914 1568 ‚
936 1518 1077 1569 futuri
1113 1519 1259 1558 sobrii:
1291 1534 1410 1575 quam
1455 1519 1572 1558 multi
1605 1519 1768 1573 rapiunt

314 1589 376 1614 res
403 1575 560 1614 alienas
578 1603 589 1622 ‚
621 1574 815 1613 donaturi
839 1587 928 1613 suas
947 1581 1025 1613 etc.
1081 1573 1183 1613 Item
1225 1588 1350 1629 quam
1391 1574 1505 1614 multi
1534 1574 1637 1613 intus
1671 1574 1765 1614 lau·

313 1630 436 1678 dant,
469 1630 775 1684 blasphematuri
785 1649 797 1669 .·
837 1629 941 1669 casti
971 1637 1080 1676 sunt,
1101 1630 1355 1682 fornicaturi
1371 1647 1384 1670 .·
1424 1629 1548 1669 sobrii
1576 1638 1691 1678 sunt,
1722 1643 1764 1669 se

315 1687 412 1726 vino
428 1694 567 1740 postea
595 1685 785 1739 sepulturi
798 1703 809 1723 :
841 1693 970 1731 stant,
994 1686 1134 1727 casuri.
1165 1699 1351 1727 GRETSER.

428 1742 728 1794 Pag.1oo‚17.
778 1749 878 1779 tum
920 1741 1087 1792 igitur
1122 1749 1170 1780 et
1210 1741 1474 1781 Lazarum
1508 1740 1766 1795 patriar..

315 1797 473 1836 cham.
505 1797 565 1834 De
587 1809 745 1834 carcere
770 1797 989 1848 ceterisque
1010 1794 1199 1835 molestiis
1220 1804 1258 1835 et
1275 1799 1490 1847 aerumnis,
1518 1810 1618 1848 quas
1638 1796 1764 1835 Laza-

316 1866 386 1892 rus
415 1853 489 1891 iste
519 1865 731 1904 perpessus
761 1858 819 1891 est
847 1865 870 1890 a
897 1851 1104 1890 Saracenis
1125 1880 1137 1901 ‚
1182 1851 1284 1890 nihil
1312 1851 1422 1891 aliud
1446 1851 1575 1892 habeo
1608 1851 1766 1902 dicere,

317 1922 439 1960 quam
470 1906 572 1946 illud
601 1908 728 1946 sancti
761 1906 951 1960 Cypriani
980 1905 1084 1945 libro
1113 1906 1163 1945 de
1190 1908 1343 1946 unitate
1372 1908 1585 1947 ecclesiae:
1645 1907 1765 1946 Tales

259 1995 262 2000 .
319 1962 614 2014 (schismatici)
643 1964 678 2000 si
700 1963 820 2002 occisi
847 1962 891 2001 in
926 1963 1162 2013 confessione
1200 1964 1367 2002 nominis
1383 1964 1569 2015 ficerint‚
1608 1963 1764 2001 macula

319 2020 394 2057 ista
415 2033 485 2057 nec
505 2018 693 2071 sanguine
727 2018 910 2061 abluitur.
964 2017 1236 2072 Inexpiabilis
1257 2027 1295 2057 et
1320 2021 1455 2071 gravis
1478 2019 1595 2072 culpa
1613 2017 1764 2057 discor-

317 2073 410 2113 diae
441 2088 511 2114 nec
532 2074 715 2128 passione
748 2081 960 2128 purgatur.
1018 2072 1117 2112 Esse
1145 2082 1305 2125 martyr
1331 2089 1410 2113 non
1435 2082 1589 2129 potest,
1621 2073 1691 2127 qui
1720 2073 1765 2112 in

323 2130 487 2167 ecclesia
516 2143 595 2168 non
619 2137 694 2176 est,
729 2129 790 2168 ad
804 2143 893 2168 eum
906 2129 1120 2184 pervenire
1146 2143 1224 2167 non
1243 2131 1410 2184 poterit,
1437 2130 1509 2184 qui
1526 2142 1619 2167 eam
1632 2157 1643 2175 ,
1661 2142 1762 2183 quae

323 2193 536 2236 regnatura
558 2192 639 2231 est,
662 2184 900 2239 derelinquit
930 2192 1007 2224 etc.
1064 2184 1234 2223 Sanctus
1264 2184 1514 2236 Augustinus
1543 2183 1648 2223 libro
1675 2182 1762 2236 pri-

321 2248 390 2278 1110
412 2245 552 2278 contra
579 2239 906 2291 Pmmenianum,
938 2239 1065 2292 capite
1094 2241 1282 2292 septimo:
1313 2240 1406 2279 Non
1427 2240 1598 2295 quisquis
1618 2240 1660 2277 in
1682 2238 1765 2277 ali-

322 2307 407 2350 qua
431 2293 632 2345 religionis
658 2296 879 2348 quaestione
883 2296 1021 2347 suerit
1036 2296 1196 2350 punitus
1221 2309 1246 2333 a
1273 2296 1510 2350 imperatore
1535 2297 1547 2347 (
1559 2294 1764 2345 Sultano),

323 2357 480 2401 martyr
497 2348 666 2403 efficitur
682 2356 756 2388 etc.
774 2379 784 2396 ‚
832 2365 911 2389 non
940 2364 1030 2403 ergo
1065 2364 1120 2389 ex
1145 2352 1328 2404 passione
1364 2360 1472 2390 certa
1500 2359 1556 2390 est
1581 2350 1734 2388 iusticia
1750 2378 1765 2398 ‚

323 2404 395 2444 sed
420 2418 475 2444 ex
499 2404 644 2443 iusticia
655 2405 795 2458 passio
824 2406 997 2456 gloriosa
1023 2415 1100 2444 est.-
1129 2405 1291 2461 ideoque
1322 2405 1520 2446 Dominus
1534 2435 1546 2455 ‚
1576 2419 1623 2444 ne
1657 2404 1763 2458 quis-

323 2474 447 2516 quam
474 2460 518 2498 in
551 2460 624 2498 hac
659 2473 702 2497 re
746 2460 906 2499 nebulas
940 2460 1158 2513 offimderet
1202 2463 1392 2516 imperitis
1406 2491 1419 2512 ‚
1462 2469 1500 2500 et
1531 2461 1574 2498 in
1606 2472 1763 2498 suorum

324 2516 583 2556 damnatione
604 2515 827 2554 meritorum
859 2516 1015 2554 laudem
1038 2526 1239 2570 quaereret
1257 2526 1477 2568 martyrum
1493 2545 1505 2567 ,
1540 2528 1619 2554 non
1648 2528 1764 2565 gene-

326 2571 466 2611 raliter
501 2572 579 2609 ait:
618 2570 744 2618 beati,
786 2570 854 2626 qui
892 2572 1199 2624 persecutionem
1235 2573 1465 2625 patiuntur.-
1491 2570 1563 2609 sed
1603 2570 1767 2609 addidit

327 2638 515 2678 magnam
541 2624 827 2678 dffrendam,
851 2639 929 2680 qua
959 2638 1058 2663 vera
1080 2639 1106 2663 a
1126 2627 1333 2679 sacrilegio
1361 2628 1494 2681 pietas
1517 2634 1763 2664 secernatur.-

327 2682 387 2722 ait
409 2681 514 2720 enim
528 2710 539 2728 ‚
563 2681 692 2728 beati,
718 2682 788 2736 qui
810 2681 1110 2736 persecutionem
1136 2682 1345 2735 patiuntur
1356 2690 1521 2735 propter
1556 2681 1758 2721 iustitiam.

330 2736 452 2777 Nullo
473 2735 588 2777 modo
615 2745 742 2778 autem
775 2736 1023 2792 (patiuntur)
1062 2745 1229 2790 propter
1262 2737 1473 2788 iustitiam,
1510 2738 1580 2794 qui
1616 2734 1765 2776 Christi
