1794 3158
331 129 366 194 ll
380 147 395 181 1
409 148 442 181 0
855 146 1270 190 ANNoTATmNEs

436 247 540 302 Pag.
576 248 666 300 124,
707 250 768 288 13.
795 246 1114 297 ἀμυνουμένους
1143 249 1201 287 Μ.
1229 262 1313 301 mg.

436 302 540 356 Pag.
574 305 663 353 124,
696 317 761 346 22.
790 299 895 354 ὑπὲρ
928 302 1001 353 τῆς
1030 298 1135 354 πρὸς
1162 297 1403 355 ὅμοφύλους
1431 301 1607 357 εἰρήνης.
1666 303 1754 345 Vox

325 352 538 411 ὁμόφυλοι
569 359 611 397 in.
638 358 712 396 hac
738 357 902 396 historia
931 358 1105 396 occurrit
1137 359 1362 409 saepissime
1382 388 1394 408 ‚
1437 361 1501 398 cui
1529 358 1630 398 haec
1669 361 1766 399 sub-

323 414 427 452 iecta
449 413 523 464 vis,
551 413 724 451 eiusdem
743 411 877 460 tribus,
906 412 1073 463 gener-ix,
1103 412 1243 464 gentis·
1303 412 1485 452 Indicare
1505 420 1640 454 autem
1658 414 1763 463 vult,

323 466 529 518 Thracas,
571 468 734 519 quicum
771 466 850 506 sint
891 462 1132 518 ὁμόφυλοι,
1178 480 1260 506 non
1289 466 1436 507 debere
1472 475 1636 522 propter
1665 469 1769 510 duos

323 523 597 575 imperatores,
628 535 803 574 quorum
829 534 920 574 pars
948 523 1036 570 uni,
1066 535 1156 574 pars
1185 519 1300 560 alteri
1329 524 1475 574 servit,
1519 525 1672 564 mutuis
1700 538 1767 564 ar·

321 578 398 616 mis
449 590 698 616 concurrere.
764 577 919 615 Verum
951 578 1044 629 quia
1082 577 1159 615 ista
1198 577 1432 617 circuitione
1467 591 1554 617 cum
1592 579 1767 619 eiusdem

320 632 444 684 gentis
473 632 693 670 hominibus
720 645 875 684 semper
906 631 992 682 uti,
1033 631 1356 682 incommodum,
1386 632 1571 686 putidum
1614 646 1661 672 ac
1705 633 1763 673 fa-

322 686 531 725 stidiosum
558 686 673 735 foret,
711 701 803 725 cum
831 685 966 739 aliquo
993 686 1113 724 modo
1145 688 1251 726 cives
1279 689 1383 726 inter
1413 702 1457 726 se
1490 688 1583 736 sint,
1621 688 1691 741 qui
1721 690 1764 728 in

322 741 459 780 eadem
489 747 604 794 gente
629 741 827 794 procreati
856 748 949 780 sunt
969 770 981 792 ‚
1022 740 1249 794 frequenter
1278 739 1517 795 ὁμοφύλους
1558 743 1765 782 transferi-

319 809 410 835 mus
436 796 544 835 οἰνος
563 814 575 835 .·
609 804 649 836 et
675 810 965 848 nonnunquam
1002 810 1141 836 vocem
1171 797 1365 836 Graecam
1392 798 1621 838 retinemus.
1676 797 1766 836 Au-

318 858 405 889 ctor
436 850 644 903 aliquoties
671 853 790 891 etiam
816 850 965 890 bellum
988 851 1065 890 hoc
1094 848 1313 905 ἐμφύλιον,
1341 851 1476 900 civile,
1509 859 1548 892 et
1574 864 1763 904 συγγενι-

317 903 410 955 κὸν,
438 915 643 958 cognatum
672 920 742 946 seu
768 915 1034 958 cognatorum,
1067 913 1195 947 vocat.
1254 907 1360 957 Quia
1383 908 1505 959 igitur
1518 906 1635 947 civile
1659 921 1767 960 quo-

316 960 543 1009 dammodo,
559 975 642 1000 non
657 961 929 1001 dubitavimus
947 962 1068 1000 etiam
1091 960 1294 1000 interdum
1322 963 1548 1002 intestinum
1577 961 1764 1004 reddere.

321 1015 477 1055 Gentile
507 1016 651 1056 bellam
677 1017 928 1070 interpretari
955 1030 1037 1055 non
1067 1016 1312 1065 conceditur,
1339 1017 1432 1068 quia
1457 1018 1500 1055 in
1529 1023 1645 1070 gente
1664 1031 1761 1066 una5

320 1071 432 1110 cuius
458 1069 592 1122 plures
620 1070 806 1119 familiae,
837 1070 989 1110 bellum
1017 1078 1172 1123 gestum
1199 1071 1501 1124 significaretur.
1533 1085 1709 1112 romum.

423 1126 528 1177 Pag.
546 1124 635 1172 125,
654 1125 716 1166 15.
746 1125 1135 1176 Didymoticlzo.
1188 1126 1341 1164 Mentio
1367 1125 1487 1165 huius
1515 1125 1665 1178 oppidi,
1695 1126 1761 1164 in-

314 1186 378 1218 ter
404 1180 552 1233 oppida
582 1180 779 1222 Thraciae
806 1195 876 1234 per
904 1180 945 1220 id
973 1188 1132 1234 tempus
1158 1180 1424 1233 celeberrimi,
1453 1180 1515 1220 his
1542 1180 1654 1220 libris
1682 1179 1762 1219 fre-

317 1236 588 1287 quentissima.
644 1235 684 1275 A
715 1237 881 1288 geminis
911 1237 1038 1275 muris
1081 1250 1152 1275 seu
1189 1236 1397 1275 moenibus
1438 1249 1585 1275 nomen
1626 1234 1762 1278 habet.

316 1289 385 1328 Ad
415 1290 597 1329 Hebrum
626 1289 776 1330 flumen
807 1292 930 1330 situm
958 1298 1034 1332 est.
1090 1291 1235 1331 Turcis
1263 1290 1384 1329 hodie
1412 1289 1559 1329 dicitur
1576 1289 1762 1329 mutilate

314 1343 524 1384 Dimotuc:
565 1358 640 1384 nec
677 1345 786 1385 hisce
830 1345 1081 1398 temporibus
1123 1348 1208 1385 eius
1250 1359 1397 1384 nomen
1439 1344 1654 1384 obscurum
1684 1352 1762 1396 est,

315 1401 549 1451 praesertim
579 1407 747 1453 propter
777 1397 1094 1453 elegantissimos
1121 1398 1319 1450 urceolos,
1345 1400 1414 1453 qui
1441 1400 1494 1440 ab
1520 1398 1659 1440 incolis
1687 1399 1762 1439 ela-

312 1452 461 1505 borati,
491 1468 589 1495 cum
621 1454 699 1494 alia
733 1457 775 1494 iu
803 1454 904 1505 loca,
938 1463 1028 1495 tum
1051 1456 1171 1495 etiam
1194 1454 1581 1507 Constantinopolim
1615 1455 1762 1507 depor-

313 1515 464 1552 tantur.
534 1507 676 1548 Solent
714 1511 820 1550 enim
861 1526 908 1550 ex
949 1511 1003 1550 eis
1041 1517 1124 1549 tam
1165 1511 1250 1563 ipse
1283 1510 1510 1548 Turcarum
1553 1509 1761 1559 Sultanus‚

314 1578 437 1616 quam
486 1562 555 1603 alii
597 1573 801 1617 magnates
846 1580 992 1620 aquam
1034 1565 1212 1604 haurire.
1271 1563 1540 1604 Leunclavius
1579 1565 1620 1604 in
1651 1563 1762 1604 Pan-

313 1619 430 1659 decte
458 1618 651 1659 historiae
678 1620 887 1662 Turcicae.
941 1634 1109 1661 PONTAN.

421 1673 523 1727 Pag.
541 1674 632 1724 125,
657 1674 714 1716 16.
744 1690 836 1714 saa
862 1676 1068 1730 quidem
1096 1683 1330 1728 cognata.
1368 1673 1506 1713 Etiam
1522 1673 1624 1712 hanc
1639 1673 1762 1712 θείαν

311 1728 484 1768 iunioris
511 1729 700 1782 appellat,
729 1745 831 1783 quae
860 1745 905 1769 ex
934 1730 1015 1769 filia
1048 1733 1195 1769 sororis
1222 1727 1430 1768 Michaelis
1461 1728 1578 1782 primi
1597 1727 1760 1766 Palaeo-

311 1782 392 1836 logi
425 1790 519 1823 nata
553 1784 642 1826 fuit.
696 1786 778 1824 Dat
807 1792 940 1825 autem
963 1783 1089 1824 nihilo
1120 1787 1255 1824 minus
1292 1785 1447 1823 feminis
1475 1782 1760 1836 Palaeologum

310 1851 458 1878 nomen
487 1839 650 1879 honoris
675 1853 794 1881 causa
812 1869 824 1893 ‚
853 1841 1012 1880 tametsi
1040 1847 1174 1894 patres
1201 1839 1462 1892 Palaeologos
1493 1852 1573 1878 non
1602 1837 1760 1878 habue-

313 1901 414 1933 rint.
469 1907 649 1934 PONTAN.

421 1948 527 2001 Pag.
564 1949 653 1998 125,
690 1963 752 2004 ¹7·
780 1946 945 2002 ἁπάσης
974 1945 1047 1988 καὶ
1070 1948 1305 2003 α’σφαλειάς
1333 1949 1473 1989 καταλ.
1509 1948 1569 1988 Μ.

422 2001 528 2055 Pag.
564 2018 654 2058 127,
687 2005 726 2044 6.
756 2002 857 2055 ὑμῖν
886 2007 946 2044 Μ.
974 2018 1145 2058 quoque.

419 2058 522 2111 Pag.
555 2071 650 2113 127,
685 2058 748 2109 14.
775 2058 852 2099 rosi
874 2057 948 2099 καί
973 2054 1087 2106 ὄντος
1113 2060 1171 2099 Μ.

417 2112 520 2166 Pag,
557 2126 649 2168 129,
685 2113 748 2166 14.
774 2115 1177 2170 imperatricem.
1234 2114 1353 2152 Xena
1381 2111 1627 2159 vocabatur,
1661 2123 1758 2164 rege

309 2165 592 2207 Armeniorum
617 2176 823 2223 prognata,
854 2170 919 2223 pia
937 2169 1092 2221 mulier,
1123 2168 1192 2209 sed
1219 2168 1467 2207 ambitiosior
1495 2173 1534 2205 et
1558 2178 1661 2220 quae
1688 2180 1755 2204 re-

309 2236 432 2275 gnare
461 2230 636 2276 cuperet,
658 2231 703 2263 ut
732 2225 952 2264 audiemus.
1009 2225 1071 2264 De
1099 2224 1174 2263 hac
1204 2230 1338 2263 autem
1368 2237 1413 2261 re
1440 2223 1638 2274 Gregoras
1669 2221 1755 2260 sic:

310 2276 453 2316 Postea
473 2277 633 2330 despota
668 2279 943 2320 Constantinus
973 2280 1104 2319 statim
1131 2279 1238 2318 mari
1273 2277 1593 2317 Thessalonicam
1627 2275 1751 2314 mitti-

309 2340 385 2378 tur,
418 2340 460 2370 ut
486 2333 770 2373 Macedoniam
797 2336 1031 2387 gubernaret
1061 2343 1100 2374 et
1132 2334 1306 2383 Xenam,
1331 2332 1498 2371 iunioris
1535 2332 1753 2384 imperato-

311 2386 370 2424 ris
392 2394 576 2436 matrem,
604 2388 844 2439 Byzantium
869 2392 1048 2429 mitteret.
1106 2389 1160 2428 Et
1184 2389 1285 2427 infra
1304 2403 1315 2427 :
1353 2387 1531 2427 Ceteram
1557 2385 1754 2424 Thessalo-

309 2440 443 2479 nicam
463 2442 661 2495 profi‘ctas
674 2473 687 2493 ,
722 2445 882 2484 Xenam
919 2459 1005 2484 cum
1046 2445 1222 2484 omnihus
1262 2442 1454 2482 ministris
1501 2441 1752 2494 comprehen-

307 2509 415 2543 sam,
460 2497 570 2535 nulla
615 2498 805 2539 modestia
854 2499 1011 2539 triremi
1049 2500 1277 2551 impositam
1294 2528 1305 2545 ‚
1340 2496 1582 2548 Byzantium
1627 2495 1750 2536 misit.

309 2550 397 2603 Quo
430 2564 516 2589 cam
546 2551 618 2589 illa
648 2553 777 2593 invita
800 2555 1043 2609 pervenisset
1056 2583 1068 2606 ,
1102 2556 1144 2595 in
1170 2552 1359 2594 orientali
1382 2550 1533 2606 palatii
1551 2557 1669 2604 parte
1689 2563 1754 2590 αι’·

306 2604 557 2644 stodiebatur.
590 2619 764 2648 ΡοΝΤΛΝ.
1165 2649 1171 2658 ,

415 2659 517 2710 Pag.
554 2674 644 2716 1292
677 2675 743 2704 21.
774 2659 821 2701 τό
852 2666 909 2703 Μ.
943 2678 1017 2717 pro
1046 2659 1130 2703 τὸν.

416 2713 584 2759 Ibidem.
640 2718 866 2770 προσφῦσα
897 2748 909 2770 ‚
968 2718 1241 2758 adhaerescens
1284 2718 1322 2754 ei
1344 2746 1355 2767 ‚
1410 2713 1613 2769 complexa
1666 2719 1748 2753 sta-
