1800 3164
330 144 437 198 290
902 132 1270 176 CANTACUZENI

119 245 158 279 A
171 246 208 280 C.
229 247 312 294 1354
325 245 449 286 ου’δὲν
477 244 674 285 διενοεῖτο
704 241 786 281 τῶν
823 237 1135 291 ἐπηγγελμέιων
1177 235 1469 288 napaflal'hlelv
1525 231 1601 272 τοῦ
1629 231 1676 271 δὲ
1701 226 1785 347 μ“ξ

324 325 420 359 τους
447 309 545 364 περὶ
569 305 697 349 αὐτὸν
729 306 847 346 ε’νεκα
873 303 1165 356 θορυβεῖσθαι,
1196 295 1288 340 ἀλλ’
1316 295 1557 348 ἐλπίζοντάς
1585 311 1626 338 τι
1658 291 1769 350 ὃριὶ

324 392 424 429 σειν,
455 392 511 418 ων
541 371 775 427 ἐβούλοιτο,
798 369 983 423 ἠρεμεῖν,
1017 361 1140 420 α’χρις
1170 360 1221 407 ἂν
1249 362 1376 413 αυτὸς
1401 379 1447 404 ευ
1482 358 1682 416 διάθηται
1709 348 1785 415 τάξ

323 446 410 484 κατ’
437 438 564 483 αὐτὸν
587 438 660 479 καί
685 438 766 478 τῶν
797 432 878 475 α’πὸ
899 435 975 474 τοῦ
1005 433 1099 486 βίον
1122 429 1322 486 θορύβων
1350 429 1582 484 ἀπαλλαγῇ,
1612 420 1785 471 §naar-23

322 523 414 550 τετο
443 506 627 549 τοιαῦτα.
684 498 884 555 βασιλεὺς
899 501 944 541 δὲ
975 496 995 539 ὅ
1025 499 1115 547 νέος
1146 499 1192 540 ἐν
1215 514 1271 538 τω
1294 497 1370 554 νέω
1396 497 1552 552 νεωρίω
1575 467 1787 576 ⁷²⁸9¹f²⁶lssg

321 590 395 622 νας
434 567 558 624 ἄχρις
595 570 828 647 ἐπιγένηται
865 567 1029 621 ημέρα,
1071 564 1165 606 ἐπεὶ
1203 564 1353 617 μηδεὶς
1387 558 1591 616 ἀντεπῄει
1635 574 1704 600 και
1736 572 1787 616 ⁰5}

289 643 295 650 “
323 641 453 692 δῆμος
480 631 560 715 ἤδη
596 630 706 682 α’πας
731 634 804 674 ἐπι
832 629 903 674 τὸν
943 628 1046 685 πρὸς
1076 625 1432 683 Καντακουζηνὸν
1473 624 1547 668 τὸν
1588 625 1786 679 βασιλέα

321 701 503 756 πόλεμον
534 698 764 755 ἐτράπετο,
810 699 882 739 καί
909 713 929 737 ο
961 698 1039 749 μὲν
1068 712 1146 745 τας
1175 697 1307 744 οἰκίας
1335 695 1419 735 τῶν
1446 690 1588 749 ἐκείνῳ
1615 696 1786 775 προσε-ςῇ

283 768 478 824 Βχόντων
511 765 729 821 διεπόρθει
749 795 762 817 ,
804 761 992 815 μάλιστα
1024 760 1308 802 Φακεωλάτου
1354 759 1428 800 καί
1455 773 1539 799 των
1564 754 1671 797 κατὰ
1697 752 1785 813 7⁸2!

321 851 391 884 νος
421 832 739 889 προσηκόντων,
775 834 843 872 οἱα
869 827 919 883 δη
952 825 1209 869 αι’τιωτοὶτων
1235 827 1463 881 γενομένων
1493 823 1570 866 τοῦ
1597 819 1787 873 Βυζάν-ιῆ

319 917 406 944 τιον
434 902 588 942 ἐκεῖνον
620 899 663 939 ἐν
694 897 751 952 τῶ
778 897 852 937 τοῦ
880 895 1060 947 πολέμου
1090 890 1230 950 χρόνῳ
1272 893 1476 948 προδοσία
1512 893 1785 942 κατασχεῖν,Ι

320 970 402 1010 τῶν
430 961 568 1008 αλλων
611 965 659 1004 δὲ
686 959 763 1016 τὴν
802 962 845 1002 ἐν
883 962 941 1018 τῶ
977 961 1134 1017 νεωρίῳ
1172 956 1394 1012 βασιλικὴν
1443 951 1767 1010 διαρπασάντων

322 1028 560 1086 ὁπλοθήκην
599 1045 667 1070 και
710 1002 1003 1080 οπλισαμέινων
1045 1024 1119 1066 καί
1143 1024 1491 1079 προκαλουμένων
1517 1023 1694 1076 βασιλέα
1722 1019 1779 1061 &a

321 1095 470 1153 πάγειν
499 1097 610 1152 σφᾶς
639 1095 711 1137 ἐπί
737 1091 808 1135 τὸν
838 1090 1053 1148 κηδεστην,
1084 1085 1387 1145 ἀναθαρσήσας
1414 1084 1492 1144 ηδη
1520 1104 1590 1129 και
1620 1080 1781 1139 αὖτὸς,

320 1166 393 1207 ἐπὶ
418 1163 467 1205 τὰ
497 1163 691 1216 βασίλεια
721 1157 887 1214 ἐχώρει,
917 1175 988 1200 και
1016 1155 1088 1200 ἐπι
1109 1173 1182 1213 την
1198 1150 1606 1212 Πορφυρογεννὴτου
1635 1151 1786 1199 ot'm'avss

321 1227 483 1280 ἐλθών,
514 1228 716 1282 ηυ’λίσατο
745 1228 843 1268 ἐκεῖ.

187 1305 228 1339 V.
243 1306 311 1350 692
432 1294 488 1347 μ’.
544 1293 620 1341 Εἰς
656 1290 731 1346 την
763 1288 989 1344 ὑστεραίαν
1019 1291 1066 1331 δὲ
1097 1288 1121 1330 ὅ
1153 1290 1283 1345 δῆμος
1317 1283 1445 1344 αὖθις
1474 1284 1612 1344 α’λόγῳ
1639 1282 1781 1343 φερό-’

283 1372 447 1414 (ζμενος
478 1357 590 1416 ὄρμῇ
618 1356 691 1406 τοὶς
721 1358 1035 1412 διηρπασμένας
1063 1357 1113 1411 τῇ
1136 1356 1365 1411 προτεραίᾳ
1390 1354 1522 1402 οἰκίας
1549 1350 1779 1406 κατεστρέὲ

321 1441 444 1483 φετο,
477 1427 551 1466 και
589 1421 806 1479 καθήρουν
833 1437 907 1470 τας
948 1423 1161 1473 ξυλωσεις.
1217 1419 1360 1462 ἔπειτα
1389 1435 1449 1468 εις
1481 1417 1535 1460 τὰ
1574 1416 1770 1471 βασιλεια

322 1488 542 1543 ἐλθόντες,
574 1487 620 1531 τὸ
655 1486 874 1542 λεγόμενον
903 1489 1161 1528 Καστέλλιον
1191 1485 1496 1540 διεπόρθησαν,
1527 1484 1784 1543 οἷφύλακτονξ

322 1554 541 1637 εὑρόντες,
583 1557 656 1596 καί
698 1554 936 1608 διήρπασαν
973 1554 1056 1594 τῶν
1097 1549 1366 1594 ἐνοικούντων
1393 1550 1467 1600 τὰς
1496 1551 1643 1598 οικιάς·
1699 1539 1783 1591 'taff

322 1624 395 1664 ἐπὶ
422 1619 475 1663 τὰ
507 1622 703 1674 βασίλεια
731 1619 863 1667 ιο’ντες
892 1614 974 1671 οὔχ
1008 1615 1097 1669 ἅμα
1130 1617 1296 1670 πάντες,
1332 1615 1439 1659 οἷλλοὶ
1469 1616 1683 1671 σποράδην
1698 1615 1774 1657 καὶ

279 1685 579 1739 Βοῖσιὶντακτοι
603 1718 615 1740 ,
658 1685 975 1741 ἠκροβολίζοντο
1015 1684 1060 1725 ἐκ
1091 1681 1402 1736 διαλειμμάτων
1431 1680 1502 1724 διὰ
1532 1684 1668 1736 πάσης
1695 1679 1781 1736 τῆς

419 1789 450 1823 5.
477 1788 547 1830 νέῳ
573 1797 642 1820 om.
670 1783 720 1817 M.
821 1795 871 1818 ιο.
897 1784 1103 1824 Βυζαντίου
1127 1784 1176 1818 Μ.
1194 1794 1265 1828 mg,
1375 1785 1429 1820 16.
1454 1781 1523 1826 τῆν
1547 1780 1666 1819 νύκτα
1687 1764 1781 1833 αᾱᾶζζ

417 1835 467 1868 Μ.
494 1844 565 1877 mg
601 1837 686 1877 post
713 1832 802 1868 ἐκεῖ

325 1937 363 1960 se
389 1926 568 1969 accipere:
594 1932 688 1967 quae
718 1926 755 1954 et
779 1920 1009 1965 postmodum
1034 1920 1191 1954 sollicite
1233 1919 1399 1954 servabat
1430 1930 1471 1953 ac
1493 1919 1588 1954 nihil
1611 1920 1773 1965 promis-

326 1983 447 2006 sorum
471 1972 544 2004 sibi
570 1968 810 2003 omittendum
835 1967 1027 2001 statuebat.
1078 1967 1132 2000 Ne
1158 1972 1278 1999 autem
1305 1969 1359 2000 sui
1384 1967 1782 2013 perturbarentur,secl

326 2018 561 2057 confidentes,
587 2017 778 2056 facturum,
805 2025 897 2060 quae
913 2013 1096 2054 volebant,
1122 2014 1370 2058 quiescerent,
1399 2013 1534 2055 donec,
1559 2014 1666 2048 rebus
1694 2015 1782 2050 suis'-

325 2064 422 2098 bene
447 2064 670 2108 compositis,
697 2061 741 2094 ab
776 2062 884 2094 huius
909 2062 1005 2094 vitae
1031 2060 1250 2094 tumultibus
1275 2059 1490 2101 discederet,
1518 2039 1654 2095 idcirco
1679 2061 1774 2098 haee

327 2111 566 2155 fingebantur.
615 2110 813 2153 Imperator
837 2108 960 2141 iunior
984 2108 1023 2140 in
1046 2107 1167 2141 navali
1191 2107 1306 2139 lucem
1333 2112 1554 2162 exspectans,
1581 2119 1662 2141 cum
1686 2108 1780 2142 nul-r

325 2157 384 2190 lus
409 2163 533 2190 contra
556 2156 651 2189 foras
678 2155 856 2208 prodiret,
880 2166 919 2187 ac
944 2154 1101 2198 populus
1126 2153 1196 2186 iam
1223 2158 1319 2186 totus
1345 2153 1391 2186 ad
1415 2166 1511 2187 arma
1537 2155 1574 2188 in
1588 2154 1775 2188 Cantaeu-

327 2215 455 2236 zenum
481 2207 711 2236 concur-ieret
735 2201 879 2247 iamque
905 2201 1027 2234 domos
1052 2200 1297 2233 studiosorum
1322 2201 1399 2233 eius
1425 2202 1642 2241 exinaniret,
1663 2201 1776 2246 (Pha-

326 2249 459 2283 ceolati
487 2254 524 2281 et
548 2253 779 2293 cognatorum
806 2248 918 2293 ipsius
947 2249 1154 2293 praecipue,
1180 2252 1307 2301 utpote
1334 2248 1398 2292 qui
1421 2252 1584 2292 tempore
1612 2247 1703 2281 belli
1723 2247 1770 2285 ad

325 2295 537 2339 Byzantium
570 2295 778 2339 proditione
816 2294 1064 2338 occupandum
1101 2294 1266 2338 inprimis
1291 2299 1482 2327 navassent
1507 2305 1663 2338 operam,
1667 2295 1680 2341 )
1701 2291 1779 2328 alii

325 2343 642 2376 armamentarium
679 2342 949 2395 imperatorium
985 2341 1023 2374 in
1056 2341 1175 2374 navali
1211 2339 1413 2385 diriperent
1451 2346 1488 2375 et
1519 2342 1779 2386 Palaeologum

326 2389 611 2427 exstimularent‚
637 2392 678 2419 ut
698 2389 737 2420 in
757 2399 921 2421 socerum
947 2399 1006 2421 eos
1031 2387 1212 2426 educeiet,
1241 2388 1392 2432 sumptis
1422 2389 1564 2429 animis,
1590 2388 1774 2436 palatium

323 2436 450 2480 petiit,
481 2435 703 2479 veniensque
730 2434 775 2466 ad
799 2434 1105 2479 porphyrogeneti
1130 2434 1286 2474 domum,
1313 2434 1391 2467 illic
1414 2437 1648 2479 pernoctavit.
1779 2468 1781 2470 ,

419 2482 475 2524 4ο.
526 2481 670 2513 Postero
694 2479 753 2512 die
779 2480 881 2523 plebs
910 2482 1048 2513 furioso
1076 2482 1212 2524 impetu
1234 2481 1436 2520 concitata,
1463 2481 1624 2525 direptas
1649 2480 1781 2525 pridier‘}

327 2528 452 2562 domos
481 2538 563 2560 cum
589 2526 677 2570 ipsis
702 2527 1035 2572 contignationibus
1070 2527 1289 2563 disturbavit
1320 2533 1429 2573 atque
1452 2529 1594 2563 evertit.
1642 2528 1781 2570 Postea

326 2574 372 2607 ad
396 2574 571 2618 palatium
598 2574 799 2613 venientes,
825 2585 903 2606 cum
931 2575 1143 2613 castellium,
1169 2574 1267 2620 quod
1292 2573 1443 2614 dicitur,
1469 2574 1617 2609 custode
1639 2575 1781 2621 vacam}-

327 2620 563 2659 offenderent,
575 2618 679 2658 illud,
705 2620 915 2663 exspoliatis
940 2622 1180 2654 incolentium
1195 2619 1374 2659 domibus,
1399 2625 1603 2655 vastarunt:
1633 2618 1773 2655 ivn-uma*

325 2671 528 2721 pentesque
554 2667 592 2699 in
615 2644 795 2710 paiatiiim
819 2677 893 2700 non
918 2667 1040 2706 simul,
1066 2667 1129 2700 sed
1154 2667 1303 2711 sparsim
1329 2672 1365 2699 et
1390 2667 1550 2706 confuse,
1569 2667 1698 2701 iaculis
1722 2677 1767 2700 ex

327 2714 516 2749 mtervallo
546 2712 734 2749 certabant
760 2716 839 2746 toto
866 2712 942 2754 die,
960 2713 1219 2760 cadebantque
1241 2714 1425 2756 nonnulli,
1449 2719 1486 2748 et
1510 2714 1575 2749 alii
1599 2714 1776 2751 vulnera-
