1800 3164
242 127 277 183 8
786 145 1157 189 οΑΝΤΑΟυΖΕΝι

240 260 307 284 ιω.
358 253 459 286 Inter
493 251 719 287 Matthaeum
744 260 779 285 et
809 251 1069 296 Palaeologum
1101 248 1562 296 propter‘Adrianopolim
1592 250 1685 297 fint-

239 298 419 345 n'masque
438 299 545 333 urbes
560 299 830 334 controversia.
878 298 933 331 De
952 298 1143 332 Mammea
1161 297 1202 331 in
1222 297 1476 340 imperatorem
1490 297 1685 343 flagitato.

238 345 316 378 Pax
349 353 383 378 ec
399 344 538 390 spedus
574 347 674 381 incer
708 346 957 389 imperatores.
1005 345 1073 378 Res
1097 345 1195 379 inter·
1218 343 1482 388 palaeologum
1518 351 1552 379 et
1583 345 1687 377 Mat-

238 390 384 424 thaenm
418 400 552 433 gestae,
608 391 793 428 Matthaei
820 391 954 437 injelix
988 392 1121 430 exitus.
1172 391 1426 426 Cantacuzem·
1451 399 1486 426 et
1516 391 1686 441 coniugis

239 438 488 472 monachatus.

41 739 81 773 A.
96 741 237 790 01347
351 741 404 785 α’.
452 725 667 787 Τοιοῦτος
692 741 771 793 μὲν
810 740 831 784 ὃ
860 739 968 797 πρὸς
1007 731 1210 797 άλλήλους
1244 742 1326 783 τῶν
1349 729 1570 783 Ῥωμαίων
1613 729 1691 774 πᾶ-

105 810 141 848 Ρ.
159 815 224 857 705
241 810 366 860 λεμος
393 810 466 852 ἐπί
491 812 612 852 πέντε
642 807 776 851 ἔτεσιν
798 808 1100 865 άνεῤῥιπιῖτθη,
1131 809 1205 849 καί
1224 803 1356 857 οὕτως
1375 806 1592 849 ἐκάκωσαν
1615 804 1691 844 α’λ-

93 879 136 915 V.
151 883 220 917 566
238 870 391 929 λη’λους
431 876 565 919 πολλά
606 878 681 918 καί
720 873 905 930 χαλεποὶ,
946 877 990 926 ἐξ
1022 869 1080 916 ὧν
1110 870 1250 929 ὀλίγον
1281 875 1368 917 δεῖν
1398 865 1692 927 ἀνατραπῆναι

240 941 396 997 συνέβη
424 940 500 997 τήν
533 941 758 995 Ῥωμαίων
795 941 1031 997 ἧγεμονιαν.
1102 937 1131 982 ἃ
1168 941 1241 982 καί
1275 937 1332 990 ὦς
1369 940 1528 994 ἐγένετο
1556 934 1691 978 πάντα

236 1006 472 1060 &Essem-902
509 1006 617 1062 μετά
650 1009 892 1064 α’κριβειάς,
930 1009 1063 1062 μηδὲν
1098 1004 1419 1063 παραλιπόντες,
1467 1001 1574 1046 ἀλλὰ
1611 999 1728 1058 τὴνό

239 1068 426 1128 ἀρχαίαν
453 1074 718 1130 φυλάξαντες
745 1075 1007 1129 ἐπαγγελίαν,
1043 1070 1148 1116 ὥστε
1173 1073 1279 1127 μήτε
1297 1070 1402 1128 πρὸς
1416 1070 1560 1126 χάριν,
1587 1070 1692 1124 μήτε

237 1137 345 1192 πρὸς
374 1141 610 1194 α’πὲχθειαν
635 1142 768 1196 μηδὲν
802 1142 933 1182 εἰπεῖν
951 1173 962 1194 ,
998 1136 1104 1182 ἄλλα
1133 1138 1186 1181 τοὶ
1214 1133 1313 1182 ὄντα
1345 1138 1543 1194 οἷκριβῶς.
1602 1139 1693 1177 λοι-

239 1203 319 1247 πὸν
362 1207 409 1250 δὲ
444 1203 525 1262 ἤδη
566 1206 639 1248 καί
665 1205 717 1248 τά
762 1208 1099 1264 Καντακουζηνῷ
1137 1208 1196 1263 τῷ
1221 1209 1394 1260 βασιλεῖ
1411 1202 1694 1258 μοναρχοῦντι

238 1275 513 1328 πεπραγμένα
552 1270 864 1328 διηγήσασθαι,
899 1271 973 1314 καί
1003 1269 1080 1314 ὅσα
1115 1273 1160 1315 ἐν
1193 1272 1378 1329 διαφορᾷ
1408 1271 1582 1324 κατέστη
1611 1261 1692 1310 αὖ·

216 1341 310 1389 ,θις
341 1337 446 1394 πρὸς
482 1336 779 1393 Παλαιολόγον
809 1341 987 1392 βασιλέα
1023 1337 1094 1380 τὸν
1121 1339 1326 1394 γαμβρόν.
1381 1338 1475 1380 ἐπεὶ
1498 1333 1577 1391 γὰρ
1614 1349 1691 1389 με·
1711 1343 1757 1371 10

237 1403 292 1447 τοὶ
326 1404 426 1455 τούς
454 1402 604 1461 ὅρκους
631 1407 793 1460 ἐγένετο
822 1406 867 1447 ἑν
894 1406 1136 1458 βασιλείοις,
1169 1405 1369 1458 βασιλίδα
1391 1404 1469 1456 μὲν
1486 1400 1693 1456 μετὰτῶν

237 1472 391 1519 τέκνων
419 1471 521 1527 πρὸς
552 1470 628 1527 τήν
661 1473 732 1527 τῆς
761 1468 1021 1527 θεομήτορος
1054 1468 1194 1513 εἰκόνα
1222 1472 1295 1525 τῆς
1319 1469 1592 1526 Ὁδηγητρίας
1621 1460 1694 1508 εὖ·

235 1551 308 1591 ρεν
339 1535 582 1594 ἱσταμένην,
618 1537 689 1580 ἵνα
715 1540 878 1590 μᾶλλον
906 1534 1072 1595 κάμπτῃ
1106 1539 1284 1592 βασιλέα
1315 1538 1388 1577 καί
1408 1537 1533 1591 πειᾜῃ
1561 1535 1693 1589 μηδε-

220 1600 306 1653 νός
348 1604 744 1661 ἀναμιμνήσκεσθαι
777 1606 862 1646 τῶν
899 1602 1008 1645 κατά
1035 1603 1107 1646 τὸν
1150 1602 1332 1656 πόλεμον
1366 1597 1693 1657 συμβεβηκότων

96 1674 133 1711 P.
150 1677 223 1721 706
237 1669 470 1726 δυσχερῶν.
529 1668 550 1712 o‘
573 1667 620 1712 δὲ
640 1673 787 1725 πρῶτα
813 1671 892 1723 μὲν
920 1668 994 1725 τὴν
1026 1673 1101 1724 τῆς
1125 1667 1384 1723 θεομήτορος
1400 1663 1540 1709 εἰκόνα
1562 1681 1690 1720 προσ·
1711 1659 1758 1700 ¹5

236 1734 396 1788 εκύνει,
441 1735 583 1778 ἔπειτα
613 1731 753 1789 ὤμνυε
778 1735 882 1778 κατὰ
909 1738 982 1791 τῆς
1017 1735 1173 1785 εἰκόνος
1214 1736 1274 1784 εἰς
1305 1731 1482 1788 ἐπήκοον
1508 1731 1700 1782 πάντων,-

217 1800 296 1854 Αῶς
330 1796 428 1845 οὔτε
459 1800 753 1855 βουλεύσαιτο,
788 1797 884 1844 οὕτε
916 1799 1075 1858 πράξαι
1106 1800 1153 1843 τὸ
1185 1798 1311 1855 τυχὸν
1340 1798 1444 1842 κατὰ
1475 1799 1695 1853 βασιλίδος

217 1868 313 1908 «καί
347 1870 431 1909 τῶν
462 1870 652 1923 παίδων,
700 1870 798 1924 πρὶν
834 1866 910 1911 τὸν.
940 1865 1123 1921 πόλεμον
1165 1869 1385 1922 κινηθῆναι
1412 1869 1514 1922 παρ’
1540 1865 1694 1917 αὖτῶν,

236 1929 336 1976 οὐδὲ
367 1935 647 1989 βουλεύσαιτο
684 1937 772 1978 κατ’
809 1932 960 1978 οὐδένα
986 1934 1142 1992 τρόπον
1170 1930 1302 1989 αὐτὴν
1323 1933 1395 1974 καί
1411 1933 1589 1986 βασιλέα
1619 1929 1693 1973 τὸν

334 2079 363 2103 1.
414 2053 633 2103 Istiusmodi
658 2069 795 2104 bellum
818 2071 914 2105 inter
933 2072 1111 2104 Romanos
1132 2070 1230 2114 ipsos
1263 2079 1452 2102 accensum
1480 2068 1692 2114 quinquen-

236 2113 299 2148 nio
325 2114 491 2150 duravit:
519 2117 688 2162 adeoque
713 2118 846 2151 multas
872 2129 913 2150 ac
937 2129 1059 2152 saevas
1085 2118 1204 2150 clades
1236 2116 1388 2150 invicem
1409 2115 1625 2155 intulerunt,
1651 2118 1694 2147 ut

236 2161 283 2192 iis
321 2162 513 2206 imperium
555 2165 750 2197 Romanum
792 2175 908 2210 paene
947 2164 1112 2206 funditus
1158 2174 1318 2198 eversum
1363 2175 1404 2197 ac
1437 2162 1597 2195 deletum
1633 2162 1693 2197 sit.

238 2207 344 2252 Quae
370 2211 491 2244 omnia
515 2211 610 2246 sicut
633 2210 866 2252 acciderunt,
896 2213 947 2245 ita
972 2222 1057 2252 nos,
1088 2211 1182 2244 nihil
1207 2213 1561 2256 praetermittentes,
1584 2220 1692 2242 accu—

237 2261 314 2288 rate
340 2257 631 2300 explanavimus,
656 2262 694 2291 et
720 2259 820 2304 quod
850 2259 922 2291 iam
947 2259 1086 2302 pridem
1112 2259 1269 2292 facturos
1304 2257 1588 2302 spopondimus,
1625 2266 1693 2288 nec

239 2301 285 2334 ad
311 2304 460 2347 gratiam
487 2305 699 2351 quidquam,
724 2315 792 2337 nec
817 2305 863 2338 ad
889 2305 1013 2339 odium
1045 2306 1262 2350 scripsimus.
1316 2305 1508 2351 Reliquum
1536 2308 1591 2336 est
1623 2302 1692 2347 igi-

222 2353 299 2382 -tur
325 2362 366 2384 ea
391 2358 538 2398 quoque
566 2352 756 2385 hominum
783 2354 979 2386 memoriae
1012 2353 1277 2392 commendare,
1304 2363 1395 2397 quae
1419 2351 1458 2384 in
1482 2349 1691 2383 monarchia

236 2397 508 2431 Cantacuzenu's
536 2400 706 2444 gesserit:
735 2404 772 2432 et
799 2410 893 2444 quae
923 2400 979 2432 illi
1010 2411 1149 2432 rursum
1174 2399 1417 2433 controversia
1444 2402 1481 2433 at
1509 2408 1554 2430 ue
1581 2396 1690 2430 dissi-

235 2444 336 2478 dium
363 2457 444 2478 cum
470 2457 626 2489 genero,
653 2446 864 2491 Palae010g0
909 2446 1139 2491 imperatore,
1177 2447 1433 2480 intercesserit.
1524 2449 1691 2489 ostquam

235 2492 334 2525 enim
362 2492 597 2533 iureiurando
626 2492 786 2532 functus,
813 2493 984 2537 palatium
1012 2493 1200 2535 introivit,
1227 2495 1420 2538 Augustam
1445 2495 1529 2523 ante
1554 2491 1690 2535 Deipa-

235 2549 297 2572 rae
324 2538 566 2584 Hodegetriae
595 2540 789 2583 imaginem
813 2550 893 2572 cum
922 2540 1007 2572 filiis
1033 2545 1186 2579 stantem
1217 2541 1369 2580 invenit,
1399 2550 1472 2584 quo
1491 2538 1602 2582 magis
1623 2538 1690 2569 im-

234 2590 437 2632 peratorem
466 2587 511 2620 ad
538 2586 822 2619 miscricordiam
856 2593 1082 2631 permoveret
1108 2587 1358 2631 efficeretque,
1396 2590 1437 2617 ut
1464 2583 1689 2618 recordatio-

234 2645 317 2667 nem
349 2635 526 2673 omnium‚
552 2644 647 2679 quae
676 2644 741 2676 per
766 2633 903 2666 bellum
930 2635 1049 2678 gravia
1076 2633 1145 2667 sibi
1173 2640 1209 2666 et
1228 2634 1356 2666 odiosa
1375 2631 1605 2670 accidissent,
1624 2630 1688 2662 de-

234 2685 398 2727 poneret.
449 2681 514 2714 Ine
542 2681 695 2724 primum
724 2680 789 2713 Dei
821 2681 947 2715 matris
973 2681 1114 2713 iconem
1148 2681 1301 2724 supplex
1326 2682 1530 2718 veneratus,
1555 2676 1690 2711 deinde

236 2738 345 2772 super
367 2739 419 2768 ea,
445 2727 623 2760 universis
643 2727 893 2768 audientibus,
922 2728 1070 2767 iuravit,
1098 2738 1134 2759 se
1163 2739 1231 2760 nec
1256 2727 1470 2760 meditatum
1496 2734 1594 2763 esse,
1620 2735 1689 2757 nec

237 2774 365 2810 fecisse
391 2773 593 2822 quidquam
626 2775 893 2820 qualecumque
923 2780 1047 2809 contra
1072 2775 1186 2821 ipsam
1212 2779 1249 2809 ct
1273 2775 1381 2815 filios,
1404 2771 1617 2818 priusquam
1643 2771 1687 2804 ah
