1794 3158
395 154 469 194 AD
510 137 879 196 CANTACUZENI
920 142 1018 196 ΠΒ.
1046 158 1116 196 1v.
1384 138 1486 195 561

12 270 16 275 ²
59 246 247 296 Ehmbini
286 255 628 296 Commentarium
688 258 731 296 in
773 257 1084 298 Themistoclem
1137 257 1301 298 Aemilii
1350 260 1489 304 Probi.

0 307 10 336 ’Τ
58 323 226 351 romunt.

169 365 270 418 Pag.
293 365 383 420 198,
403 366 442 407 6.
474 367 691 421 Pagan'o
731 367 910 412 Auria.
967 368 1029 408 De
1055 368 1134 409 hoc
1171 367 1300 409 multa
1329 370 1492 411 Bizarus

61 420 114 461 de
137 420 244 460 bello
269 422 425 462 Veneto
455 422 527 462 lib..
558 438 596 462 2.
624 436 796 462 ΡΟΝΤΑΝ.

89 483 91 486 ⁴
170 475 458 532 Pag.2o7,2o.
488 479 717 518 adventu
743 492 827 517 suo
864 477 1098 518 disiecit.
1157 478 1342 519 Alterum
1361 494 1493 521 exem-

61 529 176 587 plum
217 539 420 572 maternae
462 535 707 573 auctoritatis
746 535 786 573 in
825 531 953 573 filium
992 535 1032 572 in
1065 536 1173 574 viam
1213 535 1495 579 reducendum.

0 632 10 644 ·
61 585 192 640 Supra
217 602 306 641 cap.
326 589 366 628 8.
397 590 512 628 lrene
545 601 703 642 quoque
734 601 835 628 uxor
870 588 1133 628 Cantacuzeni
1165 590 1370 631 Matthaeo
1392 592 1491 645 filio,

55 644 265 696 proprium
292 643 366 682 sibi
394 645 661 697 principatum
697 644 926 694 meditanti,
956 643 1121 684 meliora
1158 645 1242 685 solo
1282 655 1496 700 conspectu

58 704 101 736 et
131 698 255 737 verbo
284 700 403 738 unico
431 702 638 752 persuasit.
691 700 824 738 Maior
859 707 994 738 tamen
1029 700 1148 739 huius
1178 700 1320 740 Annae
1348 703 1388 740 in
1429 704 1495 742 Io-

5 772 8 780 1
59 765 165 792 anne
192 753 273 792 filio
302 755 552 794 emendando
588 754 716 794 elucet
761 756 973 795 auctoritas
991 784 1003 807 ,
1050 756 1196 810 quippe
1223 756 1388 810 legitimi
1418 758 1496 798 im·-

58 809 254 861 peratoris
281 808 480 863 legitimae
508 811 657 853 matris.
687 824 862 850 romum.

168 863 437 917 Pag.215‚4.
465 866 751 904 adventitio
787 864 1003 905 auxilio
1035 878 1133 904 non
1158 879 1322 918 egere.
1351 867 1500 908 Exem—

57 917 171 971 plum
196 920 430 959 temeritatis
458 924 498 959 et
525 920 788 959 confidentiae
814 922 856 958 in
882 920 1129 973 aspernando
1157 922 1334 960 subsidio
1361 937 1500 963 neces-

56 975 176 1016 sario.
231 974 380 1014 Narrat
408 975 626 1015 Sabellicus
652 974 720 1016 lib.
749 975 787 1016 8.
811 975 992 1018 Ennead.
1013 975 1051 1027 4.
1083 976 1132 1014 de
1159 976 1391 1017 Ptolemaeo
1421 980 1498 1019 Ce-

6 1077 8 1080 ,
57 1040 185 1068 rauno
213 1043 304 1083 rege
338 1031 622 1082 Macedoniae,
652 1033 721 1084 qui
751 1044 801 1069 20
830 1030 1111 1070 Dardanorum
1146 1030 1271 1070 millia
1298 1047 1367 1085 per
1393 1033 1502 1087 lega·-

56 1090 118 1123 tos
146 1086 187 1123 in
230 1085 423 1125 auxilium
470 1087 544 1125 sibi
574 1087 694 1125 missa
722 1086 976 1139 repudiavit:
1023 1093 1156 1125 actum
1184 1086 1234 1125 de
1262 1088 1502 1129 Macedonia

56 1139 194 1178 dicens
212 1169 223 1190 ,
266 1143 299 1179 si
328 1155 420 1180 cum
446 1148 579 1180 totum
612 1143 806 1180 orientem
835 1142 918 1180 cius
956 1148 1086 1180 terrae
1115 1142 1192 1180 viri
1232 1142 1497 1193 domuissent,

56 1193 340 1235 Dardanorum
389 1196 561 1236 barbara
593 1210 668 1250 ope
710 1197 759 1235 ad
801 1210 842 1235 se
871 1197 1042 1236 tuendos
1080 1196 1317 1249 indigerent.
1377 1199 1500 1238 Com-

57 1251 179 1289 misso
209 1251 374 1302 proelio,
406 1252 658 1291 Ptolemaeus
686 1251 822 1290 multis
849 1251 1084 1291 vulneribus
1131 1251 1351 1302 confossus,
1380 1256 1498 1295 vivus

56 1306 231 1359 eapitur,
262 1307 499 1346 Macedones
520 1308 570 1346 ad
599 1321 725 1345 unum
741 1307 1031 1359 propemodum
1061 1308 1164 1345 caesi
1183 1314 1290 1346 sunt.
1319 1322 1498 1350 PONTAN.

168 1361 272 1413 Pag.
292 1374 385 1411 220,
415 1361 474 1404 16.
509 1361 858 1402 Calchadone.
915 1362 1044 1414 Negat
1070 1369 1204 1400 tamen
1234 1363 1502 1405 Leunclavius

0 1408 8 1421 ⁸
54 1412 153 1467 olim
195 1415 341 1456 dictam
373 1416 666 1456 Calchedonem
708 1423 748 1455 et
789 1418 830 1455 in
876 1430 923 1455 eo
966 1416 1065 1456 alios
1101 1416 1388 1469 reprehendit,
1432 1421 1503 1460 sed

0 1463 11 1503 '>
57 1470 348 1525 Chrysopolim.
405 1472 520 1511 Nam
555 1471 814 1511 Calchedonis
841 1472 1017 1521 rudera,
1066 1472 1224 1525 inquit,
1266 1487 1310 1512 1o
1339 1475 1500 1514 millia-

55 1526 162 1566 ribus
198 1528 253 1565 ab
286 1528 433 1580 angulo
465 1525 672 1566 Sullanini
709 1528 859 1577 serait,
910 1538 1041 1566 versus
1076 1527 1323 1566 Astacenum
1355 1531 1498 1580 sinum,

55 1582 122 1620 ad
147 1583 468 1636 promontorium
515 1581 779 1620 Damalicnm
798 1611 810 1630 ‚
859 1583 977 1621 iuxta
1009 1591 1167 1637 portum
1194 1581 1387 1638 Eutropii
1420 1586 1502 1625 sita

53 1645 155 1676 sunt.
190 1650 360 1678 ΡΟΝΤΑΝ.
400 1633 644 1689 Χαλκηδόνι
673 1637 743 1685 Μ.,
773 1644 817 1674 ut
846 1637 927 1675 iam
955 1636 1147 1676 indicavi.

171 1692 280 1744 Pag.
312 1705 406 1738 220,
436 1689 502 1742 24.
552 1691 734 1730 insula
777 1691 1071 1746 Principis.
1139 1691 1355 1732 Nominata
1383 1701 1442 1733 est
1477 1709 1502 1735 a

55 1747 257 1800 frequenti
285 1746 534 1786 habitatione
572 1746 744 1784 filiarum
772 1746 1019 1799 principum,
1066 1747 1335 1799 virginitatem
1365 1748 1503 1789 solita-

57 1802 159 1841 riam
189 1802 476 1855 profitentium.
536 1801 741 1841 Cedrenus
769 1803 840 1850 ait,
865 1803 1061 1840 lustinum
1081 1808 1266 1853 nepotem
1287 1803 1500 1844 Iustiniani

55 1857 284 1897 aedificasse
312 1855 531 1896 solitariam
562 1859 686 1896 vitam
717 1856 917 1909 agentium
947 1856 1208 1902 domicilium,
1248 1860 1501 1899 nominatum

4 1943 5 1946 η
55 1912 270 1965 Principis,
299 1913 578 1952 suburbanum
599 1912 1014 1964 Constantinopolcos.
1071 1914 1247 1951 Zonaras
1277 1914 1412 1952 scribit
1427 1915 1502 1954 Ni-

0 1963 8 1972 “
55 1968 277 2021 cephorum
297 1975 370 2008 etc,
403 1969 496 2008 vide
526 1975 656 2007 cetera
691 1967 799 2020 apud
827 1967 995 2006 Petrum
1028 1967 1207 2022 Gyllium
1239 1967 1289 2007 de
1325 1969 1502 2023 Bosporo

54 2019 231 2063 Thracio
269 2023 373 2063 libro
395 2023 431 2064 5.
462 2038 550 2077 cap.
591 2022 654 2063 15.
694 2036 864 2062 PONTAN.

170 2079 435 2132 Pag.221‚2,
465 2081 515 2118 in
550 2079 755 2120 brevia.
815 2077 957 2117 Gracci
987 2077 1150 2131 βραχέα
1183 2086 1342 2128 vocant,
1364 2077 1499 2118 Latini

61 2133 215 2177 brevia.
272 2134 376 2173 Sunt
417 2142 551 2173 autem
592 2133 737 2173 vadosa
767 2134 962 2186 quaedam
989 2135 1028 2172 in
1066 2135 1164 2172 mari
1199 2135 1339 2186 spatia.
1395 2134 1501 2174 Vide

60 2188 279 2229 Miscellan.
330 2190 498 2229 Brodaei
531 2189 603 2229 lib.
633 2188 671 2228 6.
712 2202 798 2241 cap.
833 2187 900 2239 24.
932 2188 1077 2242 Vix-gil.
1122 2203 1153 2227 ι.
1183 2189 1377 2228 Aeneid.:
1425 2198 1501 2228 tres

63 2243 196 2283 Eurus
234 2244 289 2283 ab
321 2246 406 2284 alto
454 2246 498 2284 in
549 2244 687 2284 brevia
718 2253 756 2282 ec
788 2252 912 2295 syrtes
951 2253 1060 2297 urget
1076 2273 1088 2296 ‚
1130 2244 1361 2283 miserabile
1396 2247 1497 2288 visa,

61 2311 232 2342 romum.

172 2355 271 2407 Pag.
293 2354 388 2401 223,
417 2369 449 2396 1.
487 2348 540 2393 τοὶ
571 2349 831 2406 στρατόπεδα
878 2351 925 2392 δὲ
968 2348 1200 2407 ἀμφότερα.
1257 2354 1363 2393 Nota
1391 2362 1501 2392 cata-

62 2407 235 2460 chresin,
265 2417 394 2448 castra
423 2424 495 2463 pro
522 2422 692 2448 nurnero
720 2409 898 2447 navium.
953 2409 1018 2447 Sic
1047 2422 1166 2461 supra
1200 2423 1287 2461 cap.
1320 2408 1386 2460 4.,
1426 2409 1499 2447 ubi

60 2464 269 2505 Orchanes
297 2479 418 2518 gener
444 2465 494 2504 ad
523 2478 702 2504 socerum
742 2463 949 2503 visendum
988 2465 1098 2503 venit
1134 2463 1375 2502 scutarium.
1434 2463 1499 2502 Sic

62 2519 207 2572 Vix-gil.
233 2520 269 2561 3.
305 2521 500 2563 Aeneid.:
538 2520 627 2559 Dat
655 2521 812 2558 clarum
843 2534 863 2557 e
896 2521 1027 2574 puppi
1065 2521 1235 2570 sigmmz:
1276 2533 1344 2558 nos
1371 2527 1500 2557 castra

0 2569 1 2575 ¹
61 2587 272 2615 movemus.
328 2576 439 2615 Sicut
467 2582 599 2615 autem
628 2575 705 2614 hoc
734 2575 820 2613 loco
847 2583 973 2614 castra
1004 2574 1099 2612 dixit
1134 2587 1207 2624 pro
1237 2572 1360 2613 classe
1384 2604 1394 2621 ‚
1444 2575 1499 2612 ita

61 2628 130 2669 lib.
163 2643 202 2667 2.
234 2629 374 2670 classes
403 2632 501 2670 dixit
530 2645 600 2684 pro
630 2632 782 2669 casn-is.
843 2628 1033 2669 Clas-sibus
1064 2629 1127 2665 llic
1155 2628 1279 2680 locus,
1307 2631 1370 2668 hic
1397 2630 1498 2667 acles

63 2693 212 2723 certare
241 2685 426 2725 solebant.
461 2701 627 2726 ΡοΝΤΛΝ.

172 2739 273 2791 Pag.
294 2740 386 2789 226,
409 2741 477 2780 23.
514 2754 732 2786 mazam.
790 2739 922 2779 Vilior
951 2738 1023 2777 suit
1043 2731 1174 2789 μάζα,
1205 2752 1326 2790 qnam
1359 2730 1493 2789 ἄρτος,

82 2864 86 2873 Δ
111 2816 383 2851 Canzacuzenus
411 2818 474 2851 111.
1194 2814 1236 2849 36
