1794 3158
402 162 476 207 An
505 163 881 213 CANTACUZENJ
919 166 1020 206 Lm.
1053 167 1105 206 11.
1373 147 1480 215 481

14 263 190 318 egentia,
221 263 262 304 id
291 265 416 319 accipi
443 266 563 306 debet
592 267 643 307 de
669 269 793 321 gratia
821 274 860 307 et
886 273 1079 321 potestate
1106 266 1283 315 ordinis,
1316 281 1398 306 non
1428 267 1489 307 iu·

49 318 313 360 risdictionis:
343 335 423 374 qua
456 321 555 361 alios
584 322 671 362 aliis
695 337 778 362 esse
804 323 987 372 maiores,
1019 330 1172 362 certum
1204 329 1262 362 est
1291 330 1330 362 et
1365 323 1487 362 indu-

15 382 18 390 *
48 370 219 412 hitatum
247 375 354 427 apud
392 389 529 415 omnes
569 377 658 417 illos
681 406 694 428 ,
734 377 877 431 quibus
912 377 1199 419 ecclesiasticae
1237 377 1486 417 hierarchiae

49 427 196 480 gradus
223 431 415 482 perspecti
444 438 552 470 sunt.
583 446 770 476 cursen.

156 483 262 536 Pag.
280 485 378 535 434,
401 486 468 535 24.
498 486 664 535 μέτεστι
695 485 769 538 τῆς
796 484 957 538 δωρεᾶς
985 486 1046 525 Μ.

16 581 18 584 ,
161 538 657 590 Pag.455,1.120n0r
694 550 878 580 autem
906 556 971 580 ac
1000 540 1252 596 splendor
1277 541 1486 583 sedium.

48 590 155 630 Cum
183 592 279 646 legis
307 595 502 634 honorem
535 595 863 650 splendoremque
889 598 1042 636 sedium
1070 611 1190 649 penes
1204 599 1485 650 imperatorem

47 659 131 686 esse
151 675 163 697 ,
207 650 322 702 eique
356 649 474 689 licere
501 664 648 703 parvae
678 651 790 689 urbis
817 652 1043 706 episcopatu
1073 651 1239 704 dignum
1267 653 1486 693 iudicatum

46 701 99 740 ad
132 704 320 742 maiorem
353 705 595 757 provehere,
631 705 671 743 id
694 720 744 744 ne
772 707 944 747 mireris.
988 706 1206 758 Postquam
1221 709 1326 746 enim
1343 709 1487 748 Graeci

45 770 71 795 e
98 757 268 796 Romani
290 760 483 812 pontificis
513 760 740 799 obedientia
766 775 808 800 se
836 762 1132 812 subtraxerunt,
1162 764 1296 801 omnia
1315 777 1387 801 suo
1410 765 1488 802 im-

46 813 221 864 peratori
250 828 320 866 per
352 814 620 853 adulationem
653 815 905 864 detulerunt,
936 824 976 856 et
1003 830 1074 868 pro
1101 818 1195 869 iugo
1224 816 1304 855 leni
1333 825 1373 857 et
1404 817 1485 857 levi

46 865 250 907 Romanae
275 868 462 908 ecclesiae
502 870 725 909 cervicibus
753 872 833 910 suis
879 873 1054 911 ferreum
1083 871 1354 910 adsciverunt.
1411 874 1488 912 Se-

45 921 125 960 mel
153 924 259 962 enim
302 924 346 963 in
384 925 488 963 hanc
519 927 768 978 provinciam
796 927 1054 979 imperatores
1083 926 1267 974 admissi,
1307 927 1409 966 nihil
1443 930 1486 967 in

44 975 346 1029 ecclesiasticos,
375 980 494 1033 inque
523 981 628 1033 ipsos
656 980 902 1034 patriarchas
933 982 1008 1021 sibi
1029 994 1110 1019 non
1130 982 1357 1034 permisere,
1375 983 1486 1035 quod

42 1037 240 1072 testantur
266 1040 326 1073 tot
366 1035 667 1074 constitutiones
695 1036 941 1075 Graecorum
965 1038 1252 1090 imperatorum
1283 1037 1334 1076 de
1365 1037 1486 1076 rebus

42 1085 316 1128 ecclesiasticis
359 1096 398 1128 et
445 1091 718 1129 commentarii
756 1090 1004 1130 Balsamonis
1055 1093 1097 1128 in
1157 1091 1487 1131 Nomocanonem

44 1137 181 1181 Photii
209 1150 250 1182 et
276 1146 316 1182 in
347 1159 517 1184 canones
546 1144 823 1185 conciliorum
840 1176 850 1193 ‚
880 1158 1100 1198 omnesque
1130 1145 1337 1196 historici,
1363 1155 1485 1200 quot-

43 1204 146 1249 quot
175 1206 264 1251 post
301 1207 439 1238 natum
464 1199 670 1239 dissidium
704 1214 728 1238 a
756 1201 918 1239 Latinis<
936 1215 999 1240 res
1039 1202 1303 1240 Graecanicas
1331 1201 1486 1241 littera·

42 1263 135 1290 rum
164 1257 431 1294 monumentis
458 1255 805 1297 commendarunt.
836 1257 1037 1306 Quocirca
1065 1254 1264 1294 arbitratu
1292 1270 1365 1295 suo
1398 1258 1486 1311 epi—

42 1319 182 1360 scopos
211 1309 434 1361 ponebant,
475 1310 757 1363 deponebant,
788 1310 1060 1363 reponebant,
1090 1310 1411 1362 transferebant,
1445 1318 1486 1350 et

40 1361 84 1400 in
112 1363 311 1411 ordinem,
342 1366 497 1417 quoties
524 1365 747 1403 collibitum
776 1373 876 1416 erat,
906 1364 1166 1418 redigebant:
1207 1365 1417 1420 privilegia
1445 1373 1486 1406 et

0 1434 1 1442 ¹
29 1417 326 1466 *immunitatem
358 1419 495 1458 titulos
524 1427 563 1459 et
592 1419 804 1473 dignitates
833 1420 1056 1474 augebant,
1087 1420 1339 1471 minuebant,
1369 1421 1486 1460 tolle-

40 1471 168 1524 bant,
199 1475 456 1527 ipsarumque
482 1473 716 1514 dioeceseon
747 1474 845 1514 fines
874 1475 1118 1528 ampliabant
1166 1483 1235 1514 aut
1271 1476 1486 1516 contrahe-

41 1525 141 1567 hant
168 1528 371 1568 liberrime
398 1531 484 1568 sine
511 1521 631 1569 ullius
661 1537 770 1568 metu
800 1538 870 1569 aut
896 1531 1142 1570 reverentia:
1173 1531 1349 1583 ipsisque
1380 1531 1486 1570 Con·

0 1583 3 1607 ¹*
31 1583 415 1637 *stantinopolitanae
444 1583 631 1623 ecclesiae
659 1585 908 1637 praesulibus
949 1587 1133 1639 exiguum
1163 1599 1258 1624 sane
1287 1585 1485 1626 honorem

0 1632 269 1690 5'rbabebant3
299 1639 341 1678 id
370 1638 433 1678 vel
466 1639 560 1678 hinc
588 1639 750 1693 colligas
768 1669 779 1689 ‚
819 1640 953 1694 quod,
993 1649 1039 1680 ut
1067 1641 1197 1693 inquit
1225 1642 1484 1680 Innocentius

0 1694 4 1718 ''
40 1695 182 1733 tertius
218 1708 306 1746 cap.
336 1693 486 1733 Solitae
513 1701 589 1734 ext.
628 1694 678 1732 de
706 1695 846 1738 maior.
892 1702 933 1734 et
962 1694 1082 1735 obed.
1121 1694 1212 1734 illos
1258 1697 1366 1734 iuxta
1393 1711 1485 1735 sca-

39 1747 182 1787 bellum
193 1750 338 1803 pedum
359 1763 515 1788 suorum
535 1749 578 1787 in
599 1750 763 1788 sinistra
791 1759 914 1804 parte
934 1750 1067 1789 sedere
1097 1759 1168 1788 aut
1181 1750 1400 1799 faciebant
1418 1759 1488 1789 aut

35 1805 342 1858 permittebant.-
374 1818 473 1853 cum,
505 1811 550 1842 ut
578 1805 709 1857 inquit
738 1805 1010 1854 Innocentius,
1041 1805 1118 1843 alii
1144 1819 1250 1856 reges
1268 1814 1307 1843 et
1327 1807 1488 1858 princi-

0 1865 6 1877 ’
36 1871 109 1913 pes
133 1860 437 1914 archiepiscopis
451 1867 489 1898 et
513 1859 703 1914 episeopis
730 1861 806 1897 suis
837 1861 954 1910 (sicut
982 1859 1143 1910 debent)
1173 1867 1391 1898 reverentes
1416 1875 1487 1899 as·—

39 1923 206 1966 surgant
243 1923 283 1953 ec
325 1914 381 1952 eis
413 1915 530 1953 iuxta
565 1929 605 1952 se
642 1915 906 1953 venerabilem
942 1914 1073 1953 sedem
1108 1915 1317 1966 assignent.
1375 1913 1488 1965 Quid

39 1969 149 2021 quod
179 1976 218 2008 et
245 1968 511 2022 patriarchale
551 1969 699 2022 pedum
747 1983 817 2008 seu
845 1977 1047 2023 sceptrum
1085 1982 1132 2008 ex
1163 1982 1286 2007 manu
1315 1969 1490 2023 impera·

39 2024 134 2063 toris
182 2025 431 2078 accipiebant
480 2030 519 2062 et
547 2031 705 2063 tantum
747 2038 829 2063 non
857 2025 909 2063 ab
946 2024 1087 2064 iisdem
1117 2022 1487 2064 consecrabantur?

0 2090 7 2105 ⁶
41 2085 89 2117 ut
114 2077 279 2132 planum
324 2094 369 2119 ex
412 2079 687 2132 Curopalata,
729 2081 798 2132 qui
841 2080 883 2118 in
912 2079 1048 2119 libello
1090 2077 1140 2117 de
1172 2075 1311 2118 officiis
1354 2079 1486 2119 Aulae

42 2132 531 2188 Constantinopolitanae,
561 2134 660 2185 περί
689 2132 982 2186 προβλήσεως,
1022 2135 1072 2173 de
1104 2134 1352 2186 patriarchae
1379 2132 1486 2173 desi-

40 2186 229 2242 gnatione
255 2204 324 2230 seu
352 2191 657 2243 inauguratione
694 2189 745 2227 ab
774 2190 1013 2242 imperatore
1041 2187 1124 2228 fieri
1153 2187 1285 2238 solita,
1325 2190 1486 2242 copiose

39 2244 210 2283 scribit:
258 2259 377 2299 quem
405 2252 443 2283 et
470 2246 524 2283 ait
553 2244 758 2283 traditioni
787 2244 862 2283 τοῦ
892 2242 1122 2284 ὃικανικίου
1153 2258 1222 2283 seu
1249 2245 1394 2298 sceptri
1415 2259 1490 2298 pa-

38 2299 265 2339 triarchalis
297 2300 395 2339 haec
423 2300 601 2339 solennia
630 2299 751 2338 verba
781 2299 1034 2338 adhibuisse:
1076 2294 1101 2351 ἢ
1135 2295 1232 2350 ἁγία
1263 2295 1384 2351 τριάς
1413 2298 1496 2339 ‹5m2

39 2353 112 2406 τῆς
139 2355 238 2405 παρ’
267 2353 400 2407 αὕτῆς
441 2350 700 2407 δωρηθείσης
730 2351 828 2406 ἡμῖν
862 2353 1079 2405 βασιλείας
1123 2348 1397 2406 προβάλλεται
1429 2355 1479 2394 σὲ

43 2405 368 2460 α’ρχιεπίσκοπον
400 2403 879 2457 Κωνσταντινουπὸλεως
906 2410 1002 2456 νέας
1042 2403 1205 2460 Ῥώμης
1241 2405 1314 2447 καὶ
1351 2408 1489 2448 οἰκου-

39 2460 209 2513 μενικὸν
237 2460 514 2515 πατριάρχην.
576 2464 636 2502 Ita
670 2463 779 2518 quod
819 2478 842 2502 a
870 2465 1053 2503 Romano
1082 2461 1268 2517 pontifice
1295 2468 1490 2517 tanquam

0 2551 3 2553 .
41 2517 94 2556 ab
121 2519 338 2558 universali
367 2518 516 2558 Christi
538 2519 689 2558 vicario
714 2526 997 2573 pastorumque
1029 2526 1186 2572 pastore
1210 2519 1491 2571 accipiendum

42 2580 128 2611 erat
148 2603 160 2623 ,
189 2575 365 2627 accipere
394 2576 519 2613 coacti
550 2582 643 2613 sunt
671 2575 740 2623 (in
769 2588 939 2627 poenam
957 2605 967 2623 ,
1000 2576 1160 2627 opinor,
1192 2572 1354 2612 conflati
1384 2574 1491 2613 schi-

42 2631 207 2678 amatis)
227 2629 278 2667 ab
313 2629 635 2682 imperatoribus,
663 2630 732 2682 qui
761 2629 936 2679 dabant,
977 2629 1084 2683 quod
1117 2628 1213 2667 dare
1241 2627 1488 2682 nequibant:

43 2691 83 2730 et
112 2684 206 2737 quia
233 2683 283 2721 ad
312 2684 417 2723 ovile
446 2686 589 2724 reverti
618 2692 851 2732 renuerunt,
884 2686 1015 2724 adhuc
1046 2686 1085 2721 in
1109 2681 1227 2736 longe
1257 2685 1382 2737 magis
1410 2684 1489 2722 du-

32 2750 110 2781 ·ros
140 2745 180 2777 et
209 2740 380 2778 immites
406 2740 629 2781 initiatores
658 2739 914 2791 inciderunt,
955 2741 994 2779 in
1026 2740 1130 2792 ipsos
1159 2740 1323 2792 inquam
1349 2746 1489 2778 trucu-

98 2818 377 2855 Cantacuzenm
406 2820 472 2854 111.
1186 2823 1225 2856 31
