1800 3164
526 168 902 210 msTofflARUM
943 169 1015 207 iv.
1041 172 1084 211 ιι,
1461 146 1493 200 3
1508 164 1526 198 1

87 268 328 325 φιλοτιμίας
368 267 442 310 καί
477 268 692 323 σπουδῆς,
736 266 790 323 ἢν
817 267 919 324 πρὸς
949 267 1138 323 παρόντα
1157 267 1402 320 ἐνεδείξατο,
1434 266 1740 320 natrano&

86 331 134 377 ὃν
171 332 252 375 tino*
292 335 377 375 τῶν
406 332 632 390 ὁμοφύλων
662 336 901 388 ἐπολεμεῖτο
926 334 1099 389 χρόνον,
1127 331 1202 375 καί
1229 334 1402 381 δικαίως
1427 328 1573 374 εἶναιΡ
1595 349 1663 385 7ι9

85 399 340 454 ἅμειβεσθαι
377 406 465 450 τοῖς
499 399 607 450 ἴσοις
646 403 800 456 καιροῦ
835 403 1078 454 καλοῦντος,
1116 397 1177 455 μή
1205 400 1538 454 παραλυομένων

83 468 227 520 μέντοι
253 469 338 509 τῶν
367 463 504 522 ὅρκων
531 464 605 508 καί
627 469 711 508 τῶν
738 468 930 509 σπονδῶν
956 469 1041 508 τῶν
1077 464 1182 522 πρὸς
1210 464 1430 522 ἀλλήλους.
1499 466 1541 507 εἶ

43 531 165 589 ὃγάρ
205 534 342 576 ἐκεῖνα
385 534 711 588 παραβαίνοιντο
742 529 822 588 ὑφ’
857 532 1044 585 ὁτουοῦν,
1080 534 1131 574 οὔ
1162 535 1323 576 δίκαιον
1349 529 1457 575 εἶναι
1484 531 1536 574 a'-

81 595 318 654 μυνόμενον
344 597 417 642 τὸν
450 601 592 655 ἕτερον
624 600 763 648 αἰτίας
791 598 960 650 ιῖξιοῦν·
1028 599 1182 641 κωλύει
1209 596 1288 657 γὰρ
1318 600 1458 649 οὕδείς
1485 597 1537 640 α’-

81 665 298 719 μύνεσθαι
328 665 453 720 νόμος
482 665 554 709 τὸν
582 665 799 720 πάσχοντα
827 666 978 715 κακῶς.
1007 661 1128 721 ἧξίου
1157 681 1201 707 τε
1227 667 1347 724 αὐτῷ
1374 667 1534 709 α’ποδο-

80 732 213 788 θῆναι
252 729 330 782 τὰς
356 732 520 786 πόλεις,
552 730 604 782 ἃς
631 729 736 786 μετὰ
766 729 814 774 τό
847 731 955 789 πρὸς
982 730 1114 774 αὐτὸν
1147 730 1222 783 τὰς
1248 730 1436 782 σπονδὰς
1461 732 1536 774 καὶ

0 813 3 859 ³·
81 797 178 847 τούς
215 794 368 854 δ’ρκους
402 800 562 842 θέσθαι
602 801 677 855 τῆς
698 798 920 853 Ῥωμαίων
956 796 1176 854 παρείλετο
1205 800 1362 856 α’ρχῆς·
1418 795 1533 840 οὕτω

0 860 161 921 ςίογοὶρ
190 864 520 921 ἐγγεγραμμένον
548 871 634 915 τοῖς
660 861 802 920 ὅρκοις
827 861 950 907 εἶναι.
1013 862 1074 920 μὴ
1104 863 1236 919 μόνον
1269 862 1353 920 γὰρ
1393 864 1533 920 Φεράς

56 945 124 973 -τε
150 930 224 972 καί
250 928 327 980 τὰς
348 928 477 980 ἄλλας
503 933 574 987 τῆς
605 929 874 980 Μακεδονίας
890 929 1032 982 πόλεις
1051 929 1125 973 καὶ
1141 929 1192 974 τοὶ
1212 929 1401 989 φρούρια
1423 928 1569 984 πλὴνΒ

83 997 392 1053 Θεσσαλονίκης
430 993 560 1053 εἷλεν,
606 996 713 1040 ἄλλα
744 999 819 1040 καί
842 995 1124 1055 Βεῤῥοιωτῶν
1161 996 1263 1048 τούς
1292 994 1532 1040 δυνατωτοὶο

82 1077 183 1112 τους
211 1063 407 1119 χρήμασι
432 1065 506 1106 καί
531 1063 736 1119 μεγάλαις
763 1065 1030 1120 ἐπαγγελίαις
1051 1066 1326 1121 διαφθείρας,
1354 1062 1425 1106 τὸν
1452 1066 1534 1118 βα-

79 1130 228 1178 σιλέως
256 1127 422 1172 ἔπεισεν
448 1128 543 1172 υἱὸν
570 1127 767 1181 ἐξελάσαι
795 1128 867 1173 τὸν
903 1128 1131 1186 Μανουὴλ,
1160 1127 1336 1189 κάκείνῳ
1354 1128 1432 1186 τήν
1454 1126 1534 1172 πό-

18 1191 66 1237 ί5
80 1199 146 1237 λιν
173 1198 462 1252 παραδοῦναι·
520 1193 549 1238 ἃ
577 1194 653 1239 οὔκ
683 1199 750 1239 ἐπ’
777 1196 916 1253 ὀλίγον
937 1196 1034 1253 η’νιά
1055 1197 1250 1251 βασιλέα.
1309 1196 1334 1238 0‘
1354 1198 1434 1250 μὲν
1457 1190 1533 1239 οὖν
1544 1207 1666 1256 V.577

78 1260 173 1310 υἱὸς
200 1263 247 1304 ἐν
277 1261 483 1321 Θετταλίᾳ
512 1264 693 1318 διέτριβε
720 1262 836 1320 παρὰ
866 1261 939 1306 τὸν
966 1266 1084 1306 θεῖον
1101 1258 1305 1318 ’Ἄγγελον
1337 1260 1412 1305 τὸν
1447 1264 1533 1306 Ἰω-

79 1325 218 1383 άννην.
273 1325 451 1384 Κράλης
478 1331 525 1371 δὲ
553 1330 648 1371 ἐπεὶ
674 1331 843 1380 ἐδέξατο
873 1328 950 1384 τήν
977 1331 1227 1383 πρεσβείαν,
1267 1329 1430 1370 δίκαιον
1454 1330 1534 1382 μὲν

78 1393 340 1436 ἀντιτιθέναι
367 1401 451 1444 τοϊς
470 1392 608 1449 λόγοις
627 1395 810 1452 ἠδύνατο
832 1395 969 1448 οῦδὲν,
993 1391 1100 1438 οἷλλιὲ
1123 1392 1411 1450 συνωμολόγει
1434 1392 1534 1444 τούς

28 1496 31 1499 ,
80 1457 228 1516 ὅρκους
256 1459 371 1503 οὕτω
397 1462 664 1518 γεγενῆσθαι,
696 1460 950 1504 ἀποδιδόναι
978 1463 1024 1505 δὲ
1049 1459 1125 1511 τοὶς
1144 1461 1287 1510 πόλεις
1307 1461 1382 1502 οὐκ
1404 1457 1534 1515 ἢβού-

13 1526 65 1570 ao
80 1529 197 1579 λετο,
236 1525 344 1569 ἄλλα
373 1526 480 1583 πρὸς
507 1529 685 1584 σκήψεις
712 1525 869 1585 ἐχώρει
901 1527 975 1570 καί
1000 1526 1235 1585 προφάσεις
1263 1526 1447 1582 ἐχούσας
1481 1525 1533 1569 ὖ-

75 1594 162 1648 γιὲς
191 1593 327 1636 οὐδέν.
382 1593 584 1648 βασιλεὺς
612 1596 658 1638 δὲ
686 1596 760 1638 καί
786 1590 915 1644 αὖθις
943 1596 1148 1651 δευτέραν
1175 1592 1400 1648 ἐποιήσατο
1427 1600 1571 1648 πρε-0

75 1660 223 1714 σβείαν
251 1660 326 1702 καί
351 1657 478 1703 πάλιν
506 1662 626 1715 ἠξίου
666 1665 750 1704 τῶν
780 1660 943 1704 πόλεων
971 1661 1088 1719 αὐτῷ
1119 1659 1397 1716 παραχωρεῖν
1423 1659 1530 1703 κατὰ

76 1723 176 1775 τούς
206 1721 371 1782 ὅρκους.
426 1729 466 1770 εἰ
496 1728 543 1769 δὲ
571 1726 630 1783 μὴ
660 1728 867 1782 βούλοιτο,
895 1728 1059 1783 ἠπείλει
1077 1725 1354 1782 πολεμήσειν·
1410 1726 1531 1782 ἠξίου

175 1816 226 1839 ιι.
252 1798 320 1842 αἱς
346 1817 415 1839 om·
441 1805 478 1839 P.
578 1806 636 1843 23.
663 1805 815 1848 ἤπεῖλεν
832 1806 867 1840 Ρ.

77 1877 245 1908 externos
278 1885 356 1907 sese
393 1873 600 1915 convertit,
638 1879 675 1907 et
698 1873 746 1907 nd
770 1873 911 1907 Cralem
939 1872 1057 1906 missis
1083 1872 1310 1915 oratoribus,
1336 1873 1473 1919 amplas
1498 1875 1534 1909 ei

75 1922 207 1966 gratias
233 1921 308 1965 egit
332 1921 376 1955 de
402 1920 539 1954 honore
566 1932 607 1954 ac
630 1921 767 1962 studio,
798 1919 934 1966 quibus
965 1924 1194 1963 praesentem
1214 1927 1426 1965 prosecutus
1441 1921 1534 1955 fuis-

75 1972 144 2009 set,
171 1978 243 2013 quo
269 1973 433 2014 tempore
459 1966 766 2013 homophylorum
795 1978 893 2000 arma
921 1966 1154 2012 pertulisset:
1183 1978 1310 2012 seque,
1340 1967 1405 2001 ubi
1429 1979 1536 2003 oeca-

75 2015 130 2047 sio
156 2014 350 2056 inciderit,
390 2014 470 2048 iure
504 2026 546 2048 ac
574 2015 703 2049 merito
732 2015 836 2048 factis
863 2025 1142 2058 responsurum:
1171 2015 1201 2047 si
1226 2020 1347 2048 tamen
1383 2015 1533 2050 foedera

76 2061 174 2095 salva
206 2067 419 2101 manerent,
462 2062 593 2107 quibus
620 2062 666 2095 ab
696 2068 937 2108 utrocumque
962 2060 1130 2102 violatis,
1163 2061 1318 2095 alterum
1344 2062 1531 2097 vindicem

74 2113 268 2153 propterea
292 2109 332 2143 in.
357 2108 444 2143 vitio
468 2119 620 2154 ponere,
647 2109 747 2142 haud
773 2119 930 2154 aequum
948 2119 1047 2141 esse:
1071 2107 1209 2142 nullam
1228 2109 1365 2154 quippe
1384 2110 1530 2144 obstare

75 2155 205 2200 legem,
230 2156 321 2201 quin
347 2157 410 2203 qui
439 2156 557 2190 laesus
586 2160 662 2196 est,
687 2155 733 2187 ab
759 2168 815 2197 eo,
841 2157 906 2197 qui
931 2155 1051 2196 laesit,
1076 2155 1249 2188 iniuriam
1275 2164 1530 2203 persequatur,

74 2202 359 2248 postulabatque
383 2203 491 2236 urbes
517 2209 600 2248 post
625 2203 753 2237 foedus
779 2203 955 2237 sancitum
981 2202 1142 2235 Romano
1166 2202 1322 2248 imperio
1341 2204 1527 2250 ademptas

76 2250 242 2284 restitui:
269 2250 321 2283 sic
346 2251 443 2284 enim
469 2250 509 2284 in
539 2251 752 2284 iuramentis
778 2249 951 2294 scriptum
978 2254 1127 2282 exstare.
1177 2249 1342 2295 Namque
1367 2262 1442 2284 non
1469 2263 1527 2286 so-

75 2294 151 2328 lum
169 2295 302 2330 Pheras
330 2302 368 2330 et
390 2296 462 2330 alia
484 2297 722 2331 Macedoniae
747 2298 882 2342 oppida
911 2302 1023 2342 atque
1058 2297 1207 2330 castella
1237 2303 1383 2342 praeter
1408 2298 1528 2333 Thes-

76 2343 273 2377 salonicam
300 2349 513 2390 occuparat‚
540 2344 603 2379 sed
628 2344 926 2378 Berrhoeotarum
952 2354 1098 2390 quoquc
1122 2345 1396 2388 potentissimos
1414 2357 1529 2391 pecu-

76 2390 140 2423 nia
174 2396 212 2424 et
245 2391 575 2435 pollicitationibus
605 2391 740 2434 magnis
767 2397 953 2436 corruptos
979 2401 1022 2425 eo
1047 2395 1297 2436 pertraxerat,
1320 2396 1376 2425 vut
1401 2397 1526 2427 exacto

77 2435 263 2477 Mannele,
287 2438 515 2483 imperatoris
543 2438 633 2479 filio,
659 2439 785 2472 urbem
809 2439 880 2472 sibi
905 2438 1137 2472 addicerent:
1175 2439 1273 2484 quod
1298 2450 1384 2471 sane
1409 2440 1527 2474 mole-

77 2483 147 2518 ntia
169 2484 348 2519 afficiebat
371 2488 627 2531 imperatorem
651 2496 725 2519 non
750 2485 935 2521 mediocri.
985 2485 1135 2519 Manuel
1155 2485 1281 2530 itaque
1303 2485 1402 2531 apud
1418 2488 1527 2521 loan-

77 2540 162 2565 nem
189 2533 365 2578 Angelum
391 2533 648 2568 consobrinum
674 2533 713 2566 in
732 2533 920 2568 Thessalia
945 2532 1108 2576 degebat.
1159 2532 1295 2574 Crales,
1319 2533 1444 2568 audita
1469 2535 1527 2568 »le-

78 2578 245 2622 gastone,
273 2580 369 2613 nihil
393 2581 488 2614 iuste
523 2579 724 2614 obtendere
762 2586 917 2625 poterat.
977 2580 1023 2614 Et
1047 2580 1251 2613 iuramenta
1276 2581 1328 2614 sic
1350 2586 1524 2627 concepta

79 2635 178 2667 esse,
196 2636 270 2658 non
289 2627 366 2661 ibat
386 2627 451 2661 ille
470 2627 619 2674 quidem
643 2627 797 2668 inficias,
810 2627 946 2673 oppida
968 2632 1090 2660 tamen
1109 2626 1260 2661 reddere
1278 2627 1525 2669 nolebat,sed

79 2670 126 2703 ad
149 2678 358 2717 praetextus
391 2679 430 2708 et
462 2676 709 2709 accusationes
746 2675 894 2719 ineptas
919 2674 1166 2719 confugiebat,
1223 2675 1426 2719 Imperator
1455 2675 1526 2708 ite·

79 2721 158 2751 rata
181 2718 215 2753 le
239 2720 362 2755 atione
385 2722 566 2767 postulat,
596 2727 639 2755 ut
662 2721 734 2754 sibi
758 2722 910 2760 urbibus
937 2732 981 2755 ex
1005 2722 1216 2756 iuramentis
1241 2722 1367 2755 cedat:
1405 2723 1434 2755 si
1458 2721 1526 2754 ab·

80 2768 198 2810 neget,
251 2766 363 2802 ellum
386 2769 421 2803 ei
447 2768 652 2811 denuntiat,
677 2774 716 2804 et
738 2773 836 2811 orat,
860 2769 998 2804 suturas
1020 2767 1151 2803 caedes
1187 2779 1229 2802 ac
1254 2768 1446 2804 servitutes
1476 2778 1524 2804 ne
