1794 3158
421 168 494 207 AD
537 163 906 208 CANTACUZENJ
945 164 1046 203 Lm.
1075 164 1109 202 1.
1375 136 1479 196 381

10 265 127 317 qn'e's
145 298 156 319 ‚
188 270 256 323 qui
283 268 338 308 dii
366 264 448 307 non
476 274 594 314 sunt,
619 265 941 306 accommodatur
959 294 971 314 ,
1014 262 1282 315 dicunturque
1308 273 1489 312 προσκυ-

31 325 245 372 'veto-fhn,
289 325 472 372 adorari,
507 323 547 361 id
575 329 635 361 est
670 321 860 374 singulari
890 318 1063 372 quadam
1091 320 1372 366 veneratione,
1400 330 1490 354 cor-

0 391 12 415 ¹3
51 393 151 433 pore
185 379 235 417 ad
279 385 426 417 terram
456 379 680 428 incurvato,
708 377 827 415 affici.
887 374 1091 413 summissi
1118 374 1287 427 petimus
1317 381 1487 421 terram,

0 437 9 463 '⁸
55 436 186 487 inquit
213 433 369 473 Aeneas
397 435 437 472 5.
472 433 640 474 Aeneid.
695 433 827 482 Quem
851 429 1045 468 adorandi
1074 427 1238 467 modum
1267 434 1308 467 et
1334 432 1489 478 gestum

32 489 244 542 =·expressit
289 488 557 542 pulcherrime
605 485 914 535 Themistocles,
952 484 1048 522 dum
1098 497 1231 536 regem
1275 482 1490 520 Persarum

54 559 128 600 per
159 543 452 584 simulationem
482 543 678 582 adoravit.
732 539 943 579 Annulum
973 540 1081 577 enim
1111 538 1252 577 cadere
1280 538 1457 590 permisit
1475 551 1488 575 :

47 613 175 654 -quem
217 612 308 638 cum
338 612 378 638 se
411 598 605 636 inclinans
645 597 840 641 levasset,
881 596 989 634 visus
1017 600 1075 632 est
1104 607 1176 632 suo
1203 606 1370 631 munere
1401 605 1492 644 per-

49 655 229 696 functus.
284 653 431 692 Noster
458 666 618 705 quoque
648 652 742 690 satis
774 649 879 689 clare
910 648 1013 687 libro
1045 662 1085 686 2.
1115 662 1200 700 cap.
1220 649 1282 697 5.‚
1311 648 1380 686 ubi
1408 648 1492 685 Ta-

0 721 11 742 '›
48 709 305 756 lmerchanes‚
328 709 524 762 Phrygiae
545 714 727 759 satrapa,
752 705 802 743 ad
831 707 1109 756 imperatorem
1140 704 1265 741 venit.
1321 703 1425 741 Nam
1438 703 1489 741 de

32 767 140 806 >‚eius
168 763 378 803 comitibus
407 764 539 802 Persis
558 792 570 812 ,
601 758 638 800 οἱ
663 760 741 811 μὲν
768 754 889 798 ἄλλοι
916 756 1065 803 πάντες
1109 748 1277 796 ἄπωθεν
1315 753 1382 796 τὸν
1412 758 1491 807 βα-

0 830 9 841 ·
43 820 172 860 ’σιλέα
218 815 518 870 προσεκύνουν,
558 813 636 862 τὰς
673 811 859 868 κεφαλὰς
903 809 1135 864 ἐρείσαντες
1175 808 1247 850 ἐπὶ
1281 807 1354 862 τὴν
1399 812 1491 862 γῆν.

42 875 131 915 'Ista
149 873 338 913 adoratio
377 874 496 911 etiam
539 871 658 910 hodie
689 870 870 909 barbaris
908 870 948 906 in
977 880 1089 905 more
1119 874 1188 909 est.
1245 866 1335 905 Non
1369 867 1489 918 igitur

47 930 224 970 verebor
252 930 498 981 προσκυνεῖν
539 940 736 981 exponere
775 925 975 976 ador-arc,
1005 935 1099 962 cum
1136 936 1198 962 res
1231 929 1314 962 tam
1353 930 1490 975 aperta

0 997 11 1006 ·
43 987 112 1027 ἐὴ.
168 993 340 1025 romnus.

73 1048 76 1053 ’
162 1041 266 1094 Pag.
297 1054 365 1088 22,
403 1052 437 1078 1.
468 1032 722 1092 πραγμάτων
750 1050 829 1078 om.
858 1035 920 1075 M.

160 1095 266 1148 Pag.
303 1109 370 1146 22,
400 1094 442 1134 6.
474 1090 800 1133 κινδυνεύσαντα
828 1093 887 1134 Μ.

162 1151 264 1204 Pag.
299 1163 368 1200 22,
398 1149 440 1189 8.
473 1145 553 1198 ἔξω
582 1150 639 1191 Μ.

159 1206 265 1259 Pag.
300 1206 365 1255 25,
398 1204 438 1244 5.
472 1213 693 1244 nostra
726 1204 1223 1256 Romanorumque
1261 1200 1491 1240 omnium

43 1260 306 1303 Jadmissa.
384 1259 451 1298 Ad
487 1258 621 1299 locum
675 1258 794 1297 Pauli
848 1257 991 1297 alludit
1045 1258 1181 1298 Actor.
1217 1269 1279 1309 ¹7·
1314 1257 1366 1301 in·
1393 1269 1490 1293 con-

48 1319 165 1356 cione
208 1316 259 1355 ad
286 1315 579 1368 Areopagitas:
629 1310 729 1358 τοὺς
771 1311 848 1363 μὲν
891 1307 968 1352 οὖν
1008 1310 1189 1363 χρόνους
1224 1310 1297 1361 τῆς
1325 1304 1491 1361 ἆγνοίας

0 1385 10 1407 ’.
44 1367 259 1423 »ὑπεριδών
288 1365 309 1408 ὅ
338 1367 449 1415 θεός.
506 1370 721 1421 Subiungit
748 1375 913 1416 noster,
954 1362 1027 1418 τήν
1055 1363 1232 1418 καρδίαν
1259 1364 1330 1404 τοῦ
1367 1366 1492 1414 βασι-

45 1426 152 1474 λέως
179 1424 353 1465 εὐθεῖαν
381 1419 744 1476 ἀπεργασάμενος,
776 1422 846 1461 ubi
876 1422 999 1461 alium
1029 1420 1159 1459 locum
1191 1421 1232 1457 in
1251 1427 1385 1458 mente
1416 1419 1490 1457 ha-

0 1494 10 1507 ’
46 1481 165 1530 buit,
208 1482 277 1534 qui
316 1486 375 1519 est
402 1479 538 1520 Actor.
555 1478 595 1517 8.
653 1477 719 1516 Sic
762 1479 867 1517 enim
908 1484 1068 1516 sanctus
1095 1477 1243 1515 Petrus
1272 1474 1322 1514 ad
1358 1474 1491 1513 Simo-

0 1585 2 1591 *
40 1543 140 1576 ‘nem
158 1565 170 1586 ,
199 1535 334 1575 oblata
351 1536 520 1588 pecunia
547 1547 619 1587 per
643 1546 834 1571 manuum
855 1532 1146 1585 impositionem
1173 1530 1346 1583 Spiritus
1366 1530 1492 1568 sancti

4 1616 7 1617 ν
40 1589 370 1630 {communicandi
402 1596 637 1641 potestatem
666 1587 740 1626 sibi
766 1588 928 1626 concedi
961 1594 1189 1639 petentem:
1222 1582 1246 1637 ἦ
1274 1580 1356 1637 γὰρ
1387 1598 1490 1636 καρ-

46 1644 120 1697 δία
148 1659 225 1685 σου
255 1643 328 1684 οὐκ
357 1641 469 1684 ἔστιν
499 1641 648 1682 εὐθεῖα
675 1637 851 1681 ἐνώπιον
886 1641 1002 1680 θεοῦ.
1057 1641 1148 1680 Non
1188 1641 1295 1678 enim
1332 1646 1493 1678 senten—-

41 1702 114 1740 *iis
148 1700 268 1739 modo
301 1701 464 1752 integris
491 1699 717 1738 divinarum
746 1696 969 1735 litterarum
989 1695 1261 1742 innectendis‚
1282 1694 1351 1733 sed
1373 1696 1493 1733 etiam

47 1757 168 1795 unico
203 1755 328 1795 verbo
367 1755 508 1793 iisdem
553 1752 801 1792 insinuandis
843 1751 1144 1790 Cantacuzenus
1176 1749 1347 1802 gaudet:
1382 1748 1494 1801 quod

43 1818 111 1859 te,
137 1811 306 1857 Lector,
334 1809 399 1848 hic
423 1810 673 1862 potissimum
694 1806 890 1846 monitum
921 1805 1044 1844 volui.
1086 1805 1190 1844 Sane
1208 1803 1492 1857 peritissimum

46 1878 183 1906 sacrae
209 1866 428 1919 scripturae
455 1864 605 1913 fuisse,
636 1869 744 1901 extra
772 1861 944 1900 dubium
971 1867 1041 1901 est.
1069 1873 1237 1899 rom-,m-

156 1921 263 1974 Pag.
296 1921 363 1967 25,
394 1919 436 1958 8.
472 1915 548 1965 τὰς
574 1925 680 1957 recte
709 1916 804 1956 add.
835 1917 894 1955 M.
922 1922 1015 1954 ante
1040 1910 1231 1968 χάριτας.

157 1977 262 2029 Pag.
293 1975 362 2025 23,
396 1987 454 2024 ¹7·
483 1969 582 2020 τούς
610 1968 758 2024 λόγους
788 1978 895 2011 recte
928 1971 988 2012 M.

158 2033 260 2084 Pag.
291 2032 357 2079 23,
395 2028 455 2072 18.
484 2028 553 2067 δεῖ
576 2029 634 2066 Μ.
667 2041 843 2080 quoque.
890 2027 1029 2065 Recte.

4 2129 6 2131 ,
156 2087 258 2139 Pag.
290 2085 359 2135 25,
390 2097 458 2123 21.
490 2082 864 2137 Adrianopoli.
917 2079 1171 2120 Orestiadem
1198 2085 1315 2118 antea
1341 2077 1488 2119 dictam

43 2138 149 2182 lianc
167 2142 323 2190 urbem,
344 2139 508 2193 quidam
532 2145 710 2177 auctores
738 2144 846 2176 sunt.
868 2135 1058 2175 Solebant
1070 2134 1226 2173 Sultani
1245 2135 1407 2173 Turcici
1425 2150 1488 2174 re-

26 2209 168 2248 ·gnum
185 2196 380 2249 auspicari
403 2196 444 2233 in
465 2208 511 2233 ea
529 2194 705 2242 civitate,
718 2206 820 2246 quae
838 2191 949 2231 sedes
970 2196 1070 2229 esset
1085 2189 1255 2242 imperii.
1281 2190 1486 2243 Principio

28 2247 188 2292 ''Turcis
218 2254 345 2304 (capta
372 2247 716 2302 Constantinopoli
744 2245 943 2294 videlicet)
983 2245 1059 2284 fuit
1089 2244 1218 2284 Prusa
1246 2245 1485 2298 Bithyniae,

2 2347 5 2350 ,
43 2307 166 2360 paulo
204 2314 295 2346 ante
334 2312 502 2345 mortem
539 2304 726 2343 Osmanis
761 2303 813 2342 ab
849 2300 1043 2340 Urchane
1085 2299 1167 2338 filio
1208 2308 1350 2352 capta,
1382 2314 1486 2352 quae

4 2370 5 2374 ’
43 2360 137 2402 licet
180 2362 377 2401 honorem
415 2361 523 2399 hunc
564 2373 645 2397 non
691 2358 762 2397 diu
801 2357 997 2406 retinuit,
1044 2369 1088 2395 ex
1133 2355 1300 2408 pristina
1350 2362 1485 2395 tamen

41 2419 317 2471 praerogativa
356 2416 530 2464 meruit,
573 2422 619 2452 ut
657 2412 875 2467 longissimi
924 2411 1115 2464 temporis
1157 2411 1285 2463 spatio
1325 2409 1484 2450 Sultani

28 2470 270 2511 &Turcarum
297 2471 473 2520 mortui,
503 2470 676 2522 paternis
706 2475 745 2508 et
772 2469 889 2507 avitis
918 2468 1006 2506 istic
1033 2466 1330 2514 monumentis,
1365 2467 1486 2505 etiam

42 2524 113 2565 diu
134 2535 222 2579 post
243 2534 398 2580 captam
417 2523 819 2577 Constantinopolim,
840 2522 1094 2562 inferrentur.
1126 2521 1346 2573 Postquam
1374 2534 1486 2571 vero,

45 2585 278 2621 transvectis
306 2584 348 2620 in
378 2582 582 2633 Europam
609 2581 746 2632 copiis,
765 2580 942 2618 Murates
962 2578 1010 2627 1.,
1030 2576 1226 2615 Urebanis
1255 2577 1321 2625 F„
1339 2576 1486 2615 Osma—

44 2637 107 2674 nis
136 2636 170 2674 N
177 2666 204 2685 .,
222 2635 548 2689 Hadrianopolim
576 2637 769 2687 cepisset,
798 2634 937 2673 eodem
967 2639 1005 2672 et
1032 2633 1144 2684 regni
1173 2631 1284 2669 sedes
1314 2643 1358 2668 ex
1388 2630 1486 2669 Asia

49 2693 327 2744 commigrasse
354 2692 540 2740 videtur,
559 2690 667 2742 quod
694 2697 800 2728 recte
821 2704 862 2728 se
892 2689 1067 2726 facturos
1094 2685 1250 2725 Sultani
1278 2684 1483 2731 ducerent,

48 2746 82 2784 si
111 2746 231 2786 rebus
262 2745 480 2786 Anatolicis
511 2747 591 2786 iam
619 2743 992 2800 tranquillioribus,
1034 2742 1290 2795 praecipuum
1320 2739 1484 2779 militiae
