<?xml version="1.0" encoding="UTF-8"?>
<!DOCTYPE html PUBLIC "-//W3C//DTD XHTML 1.0 Transitional//EN"
    "http://www.w3.org/TR/xhtml1/DTD/xhtml1-transitional.dtd">
<html xmlns="http://www.w3.org/1999/xhtml" xml:lang="en" lang="en">
 <head>
  <title>
</title>
<meta http-equiv="Content-Type" content="text/html;charset=utf-8" />
  <meta name='ocr-system' content='tesseract 3.04.00' />
  <meta name='ocr-capabilities' content='ocr_page ocr_carea ocr_par ocr_line ocrx_word'/>
</head>
<body>
  <div class='ocr_page' id='page_1' title='image "./corpusscriptorum25niebuoft_0164.png"; bbox 0 0 1800 3164; ppageno 0'>
   <div class='ocr_carea' id='block_1_1' title="bbox 327 172 1235 240">
    <p class='ocr_par' dir='ltr' id='par_1_1' title="bbox 327 172 1235 240">
     <span class='ocr_line' id='line_1_1' title="bbox 327 172 1235 240; baseline 0.007 -12"><span class='ocrx_word' id='word_1_1' title='bbox 327 172 436 240; x_wconf 50' lang='lat'><em>1¹54</em></span> <span class='ocrx_word' id='word_1_2' title='bbox 858 190 1235 235; x_wconf 77' lang='lat' dir='ltr'><strong>CANTACUZENJ</strong></span> 
     </span>
    </p>
   </div>
   <div class='ocr_carea' id='block_1_2' title="bbox 108 289 1800 1805">
    <p class='ocr_par' dir='ltr' id='par_1_2' title="bbox 108 289 1772 484">
     <span class='ocr_line' id='line_1_2' title="bbox 108 289 1772 354; baseline 0.001 -16"><span class='ocrx_word' id='word_1_3' title='bbox 108 303 197 340; x_wconf 76' lang='lat' dir='ltr'><em>A.c.</em></span> <span class='ocrx_word' id='word_1_4' title='bbox 218 306 303 342; x_wconf 74' lang='lat'>1350</span> <span class='ocrx_word' id='word_1_5' title='bbox 316 307 423 346; x_wconf 83' lang='grc' dir='ltr'><em>μενα</em></span> <span class='ocrx_word' id='word_1_6' title='bbox 451 290 710 346; x_wconf 72' lang='grc' dir='ltr'><em>ἀμύνονται,</em></span> <span class='ocrx_word' id='word_1_7' title='bbox 743 291 818 333; x_wconf 81' lang='grc' dir='ltr'><strong><em>καί</em></strong></span> <span class='ocrx_word' id='word_1_8' title='bbox 842 289 955 334; x_wconf 68' lang='grc' dir='ltr'><em>οὕτω</em></span> <span class='ocrx_word' id='word_1_9' title='bbox 989 291 1094 346; x_wconf 74' lang='grc' dir='ltr'><em>μετὰ</em></span> <span class='ocrx_word' id='word_1_10' title='bbox 1124 294 1441 351; x_wconf 75' lang='grc' dir='ltr'><em>σφοδρότητος,</em></span> <span class='ocrx_word' id='word_1_11' title='bbox 1471 297 1528 346; x_wconf 80' lang='grc' dir='ltr'><em>ὥς</em></span> <span class='ocrx_word' id='word_1_12' title='bbox 1557 298 1632 352; x_wconf 80' lang='grc' dir='ltr'><em>τῆς</em></span> <span class='ocrx_word' id='word_1_13' title='bbox 1664 313 1772 354; x_wconf 66' lang='grc' dir='ltr'><em>σφε·</em></span> 
     </span>
     <span class='ocr_line' id='line_1_3' title="bbox 275 354 1772 417; baseline 0.004 -17"><span class='ocrx_word' id='word_1_14' title='bbox 275 360 439 413; x_wconf 66' lang='grc' dir='ltr'><em>(ςτέρας</em></span> <span class='ocrx_word' id='word_1_15' title='bbox 468 354 663 414; x_wconf 72' lang='grc' dir='ltr'><em>ἀφειδεῖν</em></span> <span class='ocrx_word' id='word_1_16' title='bbox 705 355 951 399; x_wconf 81' lang='grc' dir='ltr'><em>παντάπασι</em></span> <span class='ocrx_word' id='word_1_17' title='bbox 995 359 1117 414; x_wconf 79' lang='grc' dir='ltr'><em>ζωῆς.</em></span> <span class='ocrx_word' id='word_1_18' title='bbox 1172 363 1289 403; x_wconf 80' lang='grc' dir='ltr'><em>τοῦτο</em></span> <span class='ocrx_word' id='word_1_19' title='bbox 1334 360 1385 417; x_wconf 73' lang='grc' dir='ltr'><em>δὴ</em></span> <span class='ocrx_word' id='word_1_20' title='bbox 1427 365 1502 406; x_wconf 67' lang='grc' dir='ltr'><em>καί</em></span> <span class='ocrx_word' id='word_1_21' title='bbox 1527 362 1650 413; x_wconf 70' lang='grc' dir='ltr'><em>αὐτὸς</em></span> <span class='ocrx_word' id='word_1_22' title='bbox 1676 362 1772 406; x_wconf 70' lang='grc' dir='ltr'><em>νυνὶ</em></span> 
     </span>
     <span class='ocr_line' id='line_1_4' title="bbox 315 422 1770 484; baseline 0.003 -18"><span class='ocrx_word' id='word_1_23' title='bbox 315 423 490 479; x_wconf 78' lang='grc' dir='ltr'><em>ποιήσω.</em></span> <span class='ocrx_word' id='word_1_24' title='bbox 518 423 703 477; x_wconf 72' lang='grc' dir='ltr'><em>μάλιστα</em></span> <span class='ocrx_word' id='word_1_25' title='bbox 732 425 810 476; x_wconf 84' lang='grc' dir='ltr'><em>μὲν</em></span> <span class='ocrx_word' id='word_1_26' title='bbox 838 422 918 479; x_wconf 75' lang='grc' dir='ltr'><em>γὰρ</em></span> <span class='ocrx_word' id='word_1_27' title='bbox 954 425 1190 482; x_wconf 78' lang='grc' dir='ltr'><em>ἐβουλόμην</em></span> <span class='ocrx_word' id='word_1_28' title='bbox 1207 426 1267 482; x_wconf 75' lang='grc' dir='ltr'><em>μη</em></span> <span class='ocrx_word' id='word_1_29' title='bbox 1299 426 1481 482; x_wconf 84' lang='grc' dir='ltr'><em>πόλεμον</em></span> <span class='ocrx_word' id='word_1_30' title='bbox 1508 435 1636 471; x_wconf 79' lang='grc' dir='ltr'><strong><em>κινεῖν</em></strong></span> <span class='ocrx_word' id='word_1_31' title='bbox 1663 429 1770 484; x_wconf 86' lang='grc' dir='ltr'><em>πρὸς</em></span> 
     </span>
    </p>

    <p class='ocr_par' dir='ltr' id='par_1_3' title="bbox 175 487 1800 616">
     <span class='ocr_line' id='line_1_5' title="bbox 175 487 1769 550; baseline 0.001 -16"><span class='ocrx_word' id='word_1_32' title='bbox 175 499 217 534; x_wconf 89' lang='lat' dir='ltr'><em>V.</em></span> <span class='ocrx_word' id='word_1_33' title='bbox 229 501 297 535; x_wconf 80' lang='lat'><em>632</em></span> <span class='ocrx_word' id='word_1_34' title='bbox 313 494 375 542; x_wconf 79' lang='grc' dir='ltr'><em>σὲ,</em></span> <span class='ocrx_word' id='word_1_35' title='bbox 411 489 518 532; x_wconf 74' lang='grc' dir='ltr'><em>ἄλλα</em></span> <span class='ocrx_word' id='word_1_36' title='bbox 552 492 678 546; x_wconf 89' lang='grc' dir='ltr'><em>φίλον</em></span> <span class='ocrx_word' id='word_1_37' title='bbox 694 491 768 531; x_wconf 82' lang='grc' dir='ltr'><em>καί</em></span> <span class='ocrx_word' id='word_1_38' title='bbox 794 487 1022 545; x_wconf 80' lang='grc' dir='ltr'><em>σύμμαχον</em></span> <span class='ocrx_word' id='word_1_39' title='bbox 1053 490 1180 546; x_wconf 79' lang='grc' dir='ltr'><em>ἔχειν,</em></span> <span class='ocrx_word' id='word_1_40' title='bbox 1211 490 1351 550; x_wconf 72' lang='grc' dir='ltr'><em>ὥσπερ</em></span> <span class='ocrx_word' id='word_1_41' title='bbox 1387 496 1561 548; x_wconf 83' lang='grc' dir='ltr'><em>δίκαιον,</em></span> <span class='ocrx_word' id='word_1_42' title='bbox 1594 494 1769 537; x_wconf 73' lang='grc' dir='ltr'><em>καὶτῶν</em></span> 
     </span>
     <span class='ocr_line' id='line_1_6' title="bbox 308 551 1800 616; baseline 0.003 -19"><span class='ocrx_word' id='word_1_43' title='bbox 308 557 588 614; x_wconf 77' lang='grc' dir='ltr'><em>ὑπηργμένων</em></span> <span class='ocrx_word' id='word_1_44' title='bbox 613 558 799 610; x_wconf 75' lang='grc' dir='ltr'><em>α’γαθιόν,</em></span> <span class='ocrx_word' id='word_1_45' title='bbox 826 551 855 613; x_wconf 82' lang='grc' dir='ltr'><em>ᾗ</em></span> <span class='ocrx_word' id='word_1_46' title='bbox 884 553 937 599; x_wconf 72' lang='grc' dir='ltr'><em>ἂν</em></span> <span class='ocrx_word' id='word_1_47' title='bbox 963 555 1150 610; x_wconf 82' lang='grc' dir='ltr'><em>μάλιστα</em></span> <span class='ocrx_word' id='word_1_48' title='bbox 1174 561 1409 616; x_wconf 80' lang='grc' dir='ltr'><em>δυναίμην,</em></span> <span class='ocrx_word' id='word_1_49' title='bbox 1449 561 1620 604; x_wconf 83' lang='grc' dir='ltr'><em>ἐκτίνειν</em></span> <span class='ocrx_word' id='word_1_50' title='bbox 1644 560 1800 614; x_wconf 62' lang='grc' dir='ltr'><em>α’μοι-Ξῇ</em></span> 
     </span>
    </p>

    <p class='ocr_par' dir='ltr' id='par_1_4' title="bbox 307 620 1766 681">
     <span class='ocr_line' id='line_1_7' title="bbox 307 620 1766 681; baseline 0.004 -17"><span class='ocrx_word' id='word_1_51' title='bbox 307 622 397 677; x_wconf 78' lang='grc' dir='ltr'><em>βάς.</em></span> <span class='ocrx_word' id='word_1_52' title='bbox 454 621 550 664; x_wconf 60' lang='lat' dir='ltr'><em>§nel</em></span> <span class='ocrx_word' id='word_1_53' title='bbox 579 623 616 663; x_wconf 88' lang='grc' dir='ltr'><em>δ’</em></span> <span class='ocrx_word' id='word_1_54' title='bbox 647 620 776 672; x_wconf 76' lang='grc' dir='ltr'><em>αὐτὸς</em></span> <span class='ocrx_word' id='word_1_55' title='bbox 804 623 888 665; x_wconf 75' lang='grc' dir='ltr'><em>τῶν</em></span> <span class='ocrx_word' id='word_1_56' title='bbox 925 625 1107 666; x_wconf 86' lang='grc' dir='ltr'><em>δικαίων</em></span> <span class='ocrx_word' id='word_1_57' title='bbox 1133 622 1293 681; x_wconf 75' lang='grc' dir='ltr'><em>ᾕρησαι</em></span> <span class='ocrx_word' id='word_1_58' title='bbox 1324 632 1456 669; x_wconf 81' lang='grc' dir='ltr'><em>ποιεῖν</em></span> <span class='ocrx_word' id='word_1_59' title='bbox 1485 628 1634 678; x_wconf 80' lang='grc' dir='ltr'><em>ου’δὲν,</em></span> <span class='ocrx_word' id='word_1_60' title='bbox 1665 627 1766 670; x_wconf 77' lang='grc' dir='ltr'><em>ου’δὲ</em></span> 
     </span>
    </p>

    <p class='ocr_par' dir='ltr' id='par_1_5' title="bbox 305 687 1768 815">
     <span class='ocr_line' id='line_1_8' title="bbox 305 687 1768 747; baseline 0.003 -16"><span class='ocrx_word' id='word_1_61' title='bbox 305 690 392 731; x_wconf 76' lang='grc' dir='ltr'><em>τῶν</em></span> <span class='ocrx_word' id='word_1_62' title='bbox 431 688 660 741; x_wconf 82' lang='grc' dir='ltr'><em>Ῥωμαίοις</em></span> <span class='ocrx_word' id='word_1_63' title='bbox 701 687 862 731; x_wconf 86' lang='grc' dir='ltr'><em>πόλεων</em></span> <span class='ocrx_word' id='word_1_64' title='bbox 896 690 1194 746; x_wconf 71' lang='grc' dir='ltr'><em>ἀφίστασθαι,</em></span> <span class='ocrx_word' id='word_1_65' title='bbox 1233 688 1283 741; x_wconf 73' lang='grc' dir='ltr'><em>ἃς</em></span> <span class='ocrx_word' id='word_1_66' title='bbox 1311 691 1422 747; x_wconf 80' lang='grc' dir='ltr'><em>ἔχεις</em></span> <span class='ocrx_word' id='word_1_67' title='bbox 1454 692 1608 743; x_wconf 82' lang='grc' dir='ltr'><em>οἶδίκως</em></span> <span class='ocrx_word' id='word_1_68' title='bbox 1638 709 1768 735; x_wconf 81' lang='grc' dir='ltr'><em>κατα-</em></span> 
     </span>
     <span class='ocr_line' id='line_1_9' title="bbox 306 750 1767 815; baseline 0.003 -18"><span class='ocrx_word' id='word_1_69' title='bbox 306 753 439 808; x_wconf 78' lang='grc' dir='ltr'><em>σχών,</em></span> <span class='ocrx_word' id='word_1_70' title='bbox 472 750 634 811; x_wconf 70' lang='grc' dir='ltr'><em>ἀνάγκη</em></span> <span class='ocrx_word' id='word_1_71' title='bbox 665 754 737 797; x_wconf 77' lang='grc' dir='ltr'><em>καί</em></span> <span class='ocrx_word' id='word_1_72' title='bbox 760 754 890 798; x_wconf 73' lang='grc' dir='ltr'><em>αὕτὸν</em></span> <span class='ocrx_word' id='word_1_73' title='bbox 912 752 939 798; x_wconf 71' lang='grc' dir='ltr'><em>ἃ</em></span> <span class='ocrx_word' id='word_1_74' title='bbox 958 759 1114 810; x_wconf 68' lang='grc' dir='ltr'><em>νομιζω</em></span> <span class='ocrx_word' id='word_1_75' title='bbox 1138 760 1376 815; x_wconf 76' lang='grc' dir='ltr'><em>συμφέρειν</em></span> <span class='ocrx_word' id='word_1_76' title='bbox 1391 759 1618 813; x_wconf 85' lang='grc' dir='ltr'><em>Ῥωμαίοις</em></span> <span class='ocrx_word' id='word_1_77' title='bbox 1634 758 1767 813; x_wconf 75' lang='grc' dir='ltr'><em>πράτ-</em></span> 
     </span>
    </p>

    <p class='ocr_par' dir='ltr' id='par_1_6' title="bbox 261 819 1800 1608">
     <span class='ocr_line' id='line_1_10' title="bbox 306 819 1766 881; baseline 0.004 -18"><span class='ocrx_word' id='word_1_78' title='bbox 306 835 406 875; x_wconf 81' lang='grc' dir='ltr'><em>τειν,</em></span> <span class='ocrx_word' id='word_1_79' title='bbox 436 821 511 876; x_wconf 85' lang='grc' dir='ltr'>καί</span> <span class='ocrx_word' id='word_1_80' title='bbox 529 819 599 877; x_wconf 70' lang='grc' dir='ltr'><em>4μή</em></span> <span class='ocrx_word' id='word_1_81' title='bbox 630 824 827 879; x_wconf 80' lang='grc' dir='ltr'><em>περιορᾷν</em></span> <span class='ocrx_word' id='word_1_82' title='bbox 857 821 1014 872; x_wconf 72' lang='grc' dir='ltr'><em>ἀδίκως</em></span> <span class='ocrx_word' id='word_1_83' title='bbox 1043 822 1156 866; x_wconf 69' lang='grc' dir='ltr'><em>οὕτω</em></span> <span class='ocrx_word' id='word_1_84' title='bbox 1186 827 1585 874; x_wconf 72' lang='grc' dir='ltr'><em>καταδουλωθέντας</em></span> <span class='ocrx_word' id='word_1_85' title='bbox 1615 827 1766 881; x_wconf 85' lang='grc' dir='ltr'><em>Τριβα-</em></span> 
     </span>
     <span class='ocr_line' id='line_1_11' title="bbox 305 885 1800 947; baseline 0.003 -19"><span class='ocrx_word' id='word_1_86' title='bbox 305 891 407 938; x_wconf 80' lang='grc' dir='ltr'><em>λοῖς.</em></span> <span class='ocrx_word' id='word_1_87' title='bbox 453 885 559 930; x_wconf 75' lang='grc' dir='ltr'><em>οἷλλά</em></span> <span class='ocrx_word' id='word_1_88' title='bbox 591 890 668 930; x_wconf 78' lang='grc' dir='ltr'><em>νῦν</em></span> <span class='ocrx_word' id='word_1_89' title='bbox 694 890 774 941; x_wconf 79' lang='grc' dir='ltr'><em>μὲν</em></span> <span class='ocrx_word' id='word_1_90' title='bbox 803 890 896 931; x_wconf 76' lang='grc' dir='ltr'><em>ἐπεὶ</em></span> <span class='ocrx_word' id='word_1_91' title='bbox 925 887 983 945; x_wconf 73' lang='grc' dir='ltr'><em>μὴ</em></span> <span class='ocrx_word' id='word_1_92' title='bbox 1015 892 1089 931; x_wconf 86' lang='grc' dir='ltr'><em>καί</em></span> <span class='ocrx_word' id='word_1_93' title='bbox 1116 890 1141 945; x_wconf 78' lang='grc' dir='ltr'><em>ἦ</em></span> <span class='ocrx_word' id='word_1_94' title='bbox 1173 893 1544 947; x_wconf 81' lang='grc' dir='ltr'><em>παρεσκευασμένη</em></span> <span class='ocrx_word' id='word_1_95' title='bbox 1584 889 1763 947; x_wconf 77' lang='grc' dir='ltr'><em>στρατιὰ</em></span> <span class='ocrx_word' id='word_1_96' title='bbox 1782 907 1800 938; x_wconf 81' lang='lat'>1</span> 
     </span>
     <span class='ocr_line' id='line_1_12' title="bbox 309 953 1768 1013; baseline 0.003 -18"><span class='ocrx_word' id='word_1_97' title='bbox 309 954 488 1011; x_wconf 74' lang='grc' dir='ltr'><em>ἀφῖκτο,</em></span> <span class='ocrx_word' id='word_1_98' title='bbox 524 956 583 1003; x_wconf 84' lang='grc' dir='ltr'><em>εἷς</em></span> <span class='ocrx_word' id='word_1_99' title='bbox 609 953 847 1007; x_wconf 75' lang='grc' dir='ltr'><em>Βυζάντιον</em></span> <span class='ocrx_word' id='word_1_100' title='bbox 877 957 951 998; x_wconf 84' lang='grc' dir='ltr'><em>καί</em></span> <span class='ocrx_word' id='word_1_101' title='bbox 978 955 1110 1006; x_wconf 72' lang='grc' dir='ltr'><em>αὐτὸς</em></span> <span class='ocrx_word' id='word_1_102' title='bbox 1141 957 1497 1012; x_wconf 76' lang='grc' dir='ltr'><em>ε’πανελεύσομαι,</em></span> <span class='ocrx_word' id='word_1_103' title='bbox 1527 956 1601 999; x_wconf 79' lang='grc' dir='ltr'><em>καὶ</em></span> <span class='ocrx_word' id='word_1_104' title='bbox 1628 974 1768 1013; x_wconf 86' lang='grc' dir='ltr'><em>παρα-</em></span> 
     </span>
     <span class='ocr_line' id='line_1_13' title="bbox 261 1017 1765 1080; baseline 0.002 -17"><span class='ocrx_word' id='word_1_105' title='bbox 261 1017 623 1074; x_wconf 77' lang='grc' dir='ltr'><em>Βσκευασοέμενος</em></span> <span class='ocrx_word' id='word_1_106' title='bbox 653 1023 728 1063; x_wconf 82' lang='grc' dir='ltr'><em>τοῦ</em></span> <span class='ocrx_word' id='word_1_107' title='bbox 756 1024 988 1077; x_wconf 77' lang='grc' dir='ltr'><em>χειμῶνος,</em></span> <span class='ocrx_word' id='word_1_108' title='bbox 1021 1020 1111 1077; x_wconf 78' lang='grc' dir='ltr'><em>ἅμα</em></span> <span class='ocrx_word' id='word_1_109' title='bbox 1138 1019 1211 1080; x_wconf 78' lang='grc' dir='ltr'><em>ἦρι</em></span> <span class='ocrx_word' id='word_1_110' title='bbox 1241 1023 1298 1073; x_wconf 75' lang='grc' dir='ltr'><em>ὥς</em></span> <span class='ocrx_word' id='word_1_111' title='bbox 1325 1021 1512 1078; x_wconf 79' lang='grc' dir='ltr'><em>μάλιστα</em></span> <span class='ocrx_word' id='word_1_112' title='bbox 1544 1021 1630 1078; x_wconf 79' lang='grc' dir='ltr'><em>ἔχω</em></span> <span class='ocrx_word' id='word_1_113' title='bbox 1656 1022 1765 1078; x_wconf 68' lang='grc' dir='ltr'><em>μετὰ</em></span> 
     </span>
     <span class='ocr_line' id='line_1_14' title="bbox 304 1087 1768 1147; baseline 0.003 -20"><span class='ocrx_word' id='word_1_114' title='bbox 304 1088 462 1142; x_wconf 83' lang='grc' dir='ltr'><em>πολλῆς</em></span> <span class='ocrx_word' id='word_1_115' title='bbox 494 1087 713 1141; x_wconf 82' lang='grc' dir='ltr'><em>δυνάμεως</em></span> <span class='ocrx_word' id='word_1_116' title='bbox 739 1090 813 1130; x_wconf 84' lang='grc' dir='ltr'><em>καί</em></span> <span class='ocrx_word' id='word_1_117' title='bbox 826 1087 1008 1144; x_wconf 82' lang='grc' dir='ltr'><em>μεγάλης</em></span> <span class='ocrx_word' id='word_1_118' title='bbox 1040 1092 1113 1144; x_wconf 78' lang='grc' dir='ltr'><em>τῆς</em></span> <span class='ocrx_word' id='word_1_119' title='bbox 1141 1093 1412 1146; x_wconf 82' lang='grc' dir='ltr'><em>παρασκευῆς</em></span> <span class='ocrx_word' id='word_1_120' title='bbox 1439 1091 1544 1144; x_wconf 71' lang='grc' dir='ltr'><em>ὑμῖν</em></span> <span class='ocrx_word' id='word_1_121' title='bbox 1569 1093 1768 1147; x_wconf 82' lang='grc' dir='ltr'><em>ἐπιστρα-</em></span> 
     </span>
     <span class='ocr_line' id='line_1_15' title="bbox 304 1150 1769 1214; baseline 0.002 -20"><span class='ocrx_word' id='word_1_122' title='bbox 304 1151 456 1207; x_wconf 78' lang='grc' dir='ltr'><em>τεύσω,</em></span> <span class='ocrx_word' id='word_1_123' title='bbox 487 1150 658 1210; x_wconf 76' lang='grc' dir='ltr'><em>γνώμην</em></span> <span class='ocrx_word' id='word_1_124' title='bbox 686 1153 811 1210; x_wconf 77' lang='grc' dir='ltr'><em>ἔχων,</em></span> <span class='ocrx_word' id='word_1_125' title='bbox 841 1155 898 1204; x_wconf 74' lang='grc' dir='ltr'><em>ὥς</em></span> <span class='ocrx_word' id='word_1_126' title='bbox 926 1150 954 1211; x_wconf 78' lang='grc' dir='ltr'><em>ἢ</em></span> <span class='ocrx_word' id='word_1_127' title='bbox 982 1156 1226 1210; x_wconf 84' lang='grc' dir='ltr'><em>μαχόμενος</em></span> <span class='ocrx_word' id='word_1_128' title='bbox 1257 1160 1492 1210; x_wconf 76' lang='grc' dir='ltr'><em>πεσεῖσθαι,</em></span> <span class='ocrx_word' id='word_1_129' title='bbox 1524 1152 1552 1212; x_wconf 81' lang='grc' dir='ltr'><em>ἢ</em></span> <span class='ocrx_word' id='word_1_130' title='bbox 1580 1154 1685 1212; x_wconf 86' lang='grc' dir='ltr'><em>πρὸς</em></span> <span class='ocrx_word' id='word_1_131' title='bbox 1711 1157 1769 1214; x_wconf 67' lang='grc' dir='ltr'><em>τῷ</em></span> 
     </span>
     <span class='ocr_line' id='line_1_16' title="bbox 308 1219 1800 1279; baseline 0.001 -17"><span class='ocrx_word' id='word_1_132' title='bbox 308 1219 536 1273; x_wconf 87' lang='grc' dir='ltr'><em>Ρωμαίους</em></span> <span class='ocrx_word' id='word_1_133' title='bbox 564 1221 818 1276; x_wconf 75' lang='grc' dir='ltr'><em>ἐλευθεροῦν</em></span> <span class='ocrx_word' id='word_1_134' title='bbox 844 1223 920 1264; x_wconf 79' lang='grc' dir='ltr'><em>καί</em></span> <span class='ocrx_word' id='word_1_135' title='bbox 955 1219 1088 1265; x_wconf 74' lang='grc' dir='ltr'><em>αὐτὸν</em></span> <span class='ocrx_word' id='word_1_136' title='bbox 1127 1221 1200 1264; x_wconf 84' lang='grc' dir='ltr'>καί</span> <span class='ocrx_word' id='word_1_137' title='bbox 1225 1220 1437 1279; x_wconf 71' lang='grc' dir='ltr'><em>ὑπηκόους</em></span> <span class='ocrx_word' id='word_1_138' title='bbox 1466 1223 1800 1277; x_wconf 67' lang='grc' dir='ltr'><em>ἔξανδρανιοδί-ιν</em></span> 
     </span>
     <span class='ocr_line' id='line_1_17' title="bbox 305 1285 1771 1345; baseline 0.002 -18"><span class='ocrx_word' id='word_1_139' title='bbox 305 1287 459 1339; x_wconf 83' lang='grc' dir='ltr'><em>ζεσθαι</em></span> <span class='ocrx_word' id='word_1_140' title='bbox 486 1285 561 1329; x_wconf 70' lang='grc' dir='ltr'><em>καὶ</em></span> <span class='ocrx_word' id='word_1_141' title='bbox 587 1288 857 1345; x_wconf 77' lang='grc' dir='ltr'><em>διαφθείρειν</em></span> <span class='ocrx_word' id='word_1_142' title='bbox 899 1289 974 1331; x_wconf 82' lang='grc' dir='ltr'><em>καί</em></span> <span class='ocrx_word' id='word_1_143' title='bbox 1000 1291 1385 1336; x_wconf 78' lang='grc' dir='ltr'><em>καταδουλοῦσθαι.</em></span> <span class='ocrx_word' id='word_1_144' title='bbox 1452 1286 1482 1331; x_wconf 75' lang='grc' dir='ltr'><em>ἃ</em></span> <span class='ocrx_word' id='word_1_145' title='bbox 1525 1288 1669 1331; x_wconf 80' lang='grc' dir='ltr'><em>εἰδότα</em></span> <span class='ocrx_word' id='word_1_146' title='bbox 1695 1290 1771 1330; x_wconf 76' lang='grc' dir='ltr'><strong><em>καί</em></strong></span> 
     </span>
     <span class='ocr_line' id='line_1_18' title="bbox 307 1350 1769 1411; baseline 0.002 -18"><span class='ocrx_word' id='word_1_147' title='bbox 307 1351 441 1395; x_wconf 71' lang='grc' dir='ltr'><em>αὐτὸν</em></span> <span class='ocrx_word' id='word_1_148' title='bbox 471 1350 528 1403; x_wconf 77' lang='grc' dir='ltr'><em>ὥς</em></span> <span class='ocrx_word' id='word_1_149' title='bbox 556 1354 709 1411; x_wconf 75' lang='grc' dir='ltr'><em>ἀληθῆ,</em></span> <span class='ocrx_word' id='word_1_150' title='bbox 743 1355 1146 1411; x_wconf 81' lang='grc' dir='ltr'><em>παρασκευάζεσθαι</em></span> <span class='ocrx_word' id='word_1_151' title='bbox 1176 1356 1234 1406; x_wconf 76' lang='grc' dir='ltr'><em>ὥς</em></span> <span class='ocrx_word' id='word_1_152' title='bbox 1261 1355 1556 1410; x_wconf 79' lang='grc' dir='ltr'><em>α’μυνούμενον</em></span> <span class='ocrx_word' id='word_1_153' title='bbox 1574 1355 1649 1397; x_wconf 82' lang='grc' dir='ltr'><em>καί</em></span> <span class='ocrx_word' id='word_1_154' title='bbox 1674 1355 1769 1396; x_wconf 89' lang='grc' dir='ltr'><em>δια-</em></span> 
     </span>
     <span class='ocr_line' id='line_1_19' title="bbox 288 1419 1768 1479; baseline 0.001 -18"><span class='ocrx_word' id='word_1_155' title='bbox 288 1419 587 1475; x_wconf 76' lang='grc' dir='ltr'><em>,γωνιοῦμενον</em></span> <span class='ocrx_word' id='word_1_156' title='bbox 614 1421 713 1478; x_wconf 76' lang='grc' dir='ltr'><em>περὶ</em></span> <span class='ocrx_word' id='word_1_157' title='bbox 743 1424 826 1464; x_wconf 78' lang='grc' dir='ltr'><em>τῶν</em></span> <span class='ocrx_word' id='word_1_158' title='bbox 855 1419 1004 1468; x_wconf 77' lang='grc' dir='ltr'><em>ὅλων.”</em></span> <span class='ocrx_word' id='word_1_159' title='bbox 1059 1423 1235 1479; x_wconf 80' lang='grc' dir='ltr'><em>Κράλης</em></span> <span class='ocrx_word' id='word_1_160' title='bbox 1273 1424 1320 1465; x_wconf 81' lang='grc' dir='ltr'><em>δὲ</em></span> <span class='ocrx_word' id='word_1_161' title='bbox 1348 1424 1535 1471; x_wconf 80' lang='grc' dir='ltr'><em>α’κούσας</em></span> <span class='ocrx_word' id='word_1_162' title='bbox 1557 1422 1768 1476; x_wconf 78' lang='grc' dir='ltr'><em>βασιλέως</em></span> 
     </span>
     <span class='ocr_line' id='line_1_20' title="bbox 306 1482 1769 1544; baseline 0.001 -17"><span class='ocrx_word' id='word_1_163' title='bbox 306 1482 440 1536; x_wconf 74' lang='grc' dir='ltr'><em>οὕτως</em></span> <span class='ocrx_word' id='word_1_164' title='bbox 470 1489 692 1544; x_wconf 78' lang='grc' dir='ltr'><em>ἐμβριθῶς</em></span> <span class='ocrx_word' id='word_1_165' title='bbox 719 1487 1000 1542; x_wconf 78' lang='grc' dir='ltr'><em>διειλεγμένου</em></span> <span class='ocrx_word' id='word_1_166' title='bbox 1041 1490 1142 1542; x_wconf 71' lang='grc' dir='ltr'><em>περὶ</em></span> <span class='ocrx_word' id='word_1_167' title='bbox 1182 1490 1259 1530; x_wconf 77' lang='grc' dir='ltr'><em>τοῦ</em></span> <span class='ocrx_word' id='word_1_168' title='bbox 1294 1491 1480 1540; x_wconf 84' lang='grc' dir='ltr'><em>πολέμου</em></span> <span class='ocrx_word' id='word_1_169' title='bbox 1500 1520 1513 1539; x_wconf 88' lang='grc'>,</span> <span class='ocrx_word' id='word_1_170' title='bbox 1554 1488 1631 1529; x_wconf 76' lang='grc' dir='ltr'><em>καί</em></span> <span class='ocrx_word' id='word_1_171' title='bbox 1656 1484 1769 1541; x_wconf 74' lang='grc' dir='ltr'><em>ὁρῶν</em></span> 
     </span>
     <span class='ocr_line' id='line_1_21' title="bbox 303 1549 1800 1608; baseline -0.001 -15"><span class='ocrx_word' id='word_1_172' title='bbox 303 1549 571 1605; x_wconf 72' lang='grc' dir='ltr'><em>ἀμετάθετον</em></span> <span class='ocrx_word' id='word_1_173' title='bbox 597 1551 675 1607; x_wconf 80' lang='grc' dir='ltr'><em>τὴν</em></span> <span class='ocrx_word' id='word_1_174' title='bbox 702 1552 868 1608; x_wconf 80' lang='grc' dir='ltr'><em>γνώμην</em></span> <span class='ocrx_word' id='word_1_175' title='bbox 889 1551 1053 1606; x_wconf 80' lang='grc' dir='ltr'><em>ἔχοντα,</em></span> <span class='ocrx_word' id='word_1_176' title='bbox 1085 1550 1160 1593; x_wconf 84' lang='grc' dir='ltr'><em>καί</em></span> <span class='ocrx_word' id='word_1_177' title='bbox 1177 1551 1398 1605; x_wconf 82' lang='grc' dir='ltr'><em>γενόμενος</em></span> <span class='ocrx_word' id='word_1_178' title='bbox 1419 1550 1631 1606; x_wconf 77' lang='grc' dir='ltr'><em>περιδεὴς,</em></span> <span class='ocrx_word' id='word_1_179' title='bbox 1660 1554 1800 1601; x_wconf 56' lang='lat' dir='ltr'><strong>§dec-2</strong></span> 
     </span>
    </p>

    <p class='ocr_par' dir='ltr' id='par_1_7' title="bbox 177 1613 1769 1805">
     <span class='ocr_line' id='line_1_22' title="bbox 302 1613 1767 1672; baseline -0.003 -12"><span class='ocrx_word' id='word_1_180' title='bbox 302 1632 348 1660; x_wconf 82' lang='grc' dir='ltr'><em>το</em></span> <span class='ocrx_word' id='word_1_181' title='bbox 395 1618 606 1672; x_wconf 82' lang='grc' dir='ltr'><em>βασιλέως</em></span> <span class='ocrx_word' id='word_1_182' title='bbox 645 1617 705 1672; x_wconf 75' lang='grc' dir='ltr'><em>μή</em></span> <span class='ocrx_word' id='word_1_183' title='bbox 747 1615 855 1659; x_wconf 74' lang='grc' dir='ltr'><em>οὕτω</em></span> <span class='ocrx_word' id='word_1_184' title='bbox 884 1616 990 1672; x_wconf 82' lang='grc' dir='ltr'><em>πρὸς</em></span> <span class='ocrx_word' id='word_1_185' title='bbox 1021 1615 1148 1672; x_wconf 71' lang='grc' dir='ltr'><em>ὀργήν</em></span> <span class='ocrx_word' id='word_1_186' title='bbox 1178 1618 1250 1658; x_wconf 75' lang='grc' dir='ltr'><em>ἐπὶ</em></span> <span class='ocrx_word' id='word_1_187' title='bbox 1278 1613 1351 1657; x_wconf 84' lang='grc' dir='ltr'><em>τὸν</em></span> <span class='ocrx_word' id='word_1_188' title='bbox 1380 1616 1565 1667; x_wconf 82' lang='grc' dir='ltr'><em>πόλεμον</em></span> <span class='ocrx_word' id='word_1_189' title='bbox 1593 1615 1767 1665; x_wconf 75' lang='grc' dir='ltr'><em>ἐξάπτε-</em></span> 
     </span>
     <span class='ocr_line' id='line_1_23' title="bbox 305 1677 1769 1738; baseline -0.002 -12"><span class='ocrx_word' id='word_1_190' title='bbox 305 1687 429 1738; x_wconf 86' lang='grc' dir='ltr'><em>σθαι,</em></span> <span class='ocrx_word' id='word_1_191' title='bbox 460 1682 576 1726; x_wconf 79' lang='grc' dir='ltr'><em>οἶλλά</em></span> <span class='ocrx_word' id='word_1_192' title='bbox 604 1683 727 1725; x_wconf 80' lang='grc' dir='ltr'><em>λύσιν</em></span> <span class='ocrx_word' id='word_1_193' title='bbox 745 1682 837 1725; x_wconf 79' lang='grc' dir='ltr'><em>τινα</em></span> <span class='ocrx_word' id='word_1_194' title='bbox 865 1685 1117 1738; x_wconf 79' lang='grc' dir='ltr'><em>ἐξευρίσκειν</em></span> <span class='ocrx_word' id='word_1_195' title='bbox 1145 1685 1227 1724; x_wconf 76' lang='grc' dir='ltr'><em>τῶν</em></span> <span class='ocrx_word' id='word_1_196' title='bbox 1258 1683 1422 1735; x_wconf 73' lang='grc' dir='ltr'><em>κακῶν,</em></span> <span class='ocrx_word' id='word_1_197' title='bbox 1452 1678 1554 1724; x_wconf 79' lang='grc' dir='ltr'><em>ὅθεν</em></span> <span class='ocrx_word' id='word_1_198' title='bbox 1580 1677 1660 1734; x_wconf 78' lang='grc' dir='ltr'><em>ὅ,τε</em></span> <span class='ocrx_word' id='word_1_199' title='bbox 1690 1682 1769 1723; x_wconf 85' lang='grc' dir='ltr'><em>πό·-</em></span> 
     </span>
     <span class='ocr_line' id='line_1_24' title="bbox 177 1746 1769 1805; baseline 0.001 -15"><span class='ocrx_word' id='word_1_200' title='bbox 177 1753 429 1804; x_wconf 80' lang='grc' dir='ltr'><em>Ρ.79ιλεμος</em></span> <span class='ocrx_word' id='word_1_201' title='bbox 455 1748 814 1804; x_wconf 86' lang='grc' dir='ltr'><em>καταλυθήσεται,</em></span> <span class='ocrx_word' id='word_1_202' title='bbox 845 1751 920 1791; x_wconf 84' lang='grc' dir='ltr'><em>καί</em></span> <span class='ocrx_word' id='word_1_203' title='bbox 955 1750 1052 1805; x_wconf 84' lang='grc' dir='ltr'><em>μηδ’</em></span> <span class='ocrx_word' id='word_1_204' title='bbox 1095 1749 1222 1798; x_wconf 75' lang='grc' dir='ltr'><em>αὐτὸς</em></span> <span class='ocrx_word' id='word_1_205' title='bbox 1256 1746 1499 1791; x_wconf 81' lang='grc' dir='ltr'><em>παντάπασι</em></span> <span class='ocrx_word' id='word_1_206' title='bbox 1524 1749 1657 1804; x_wconf 83' lang='grc' dir='ltr'><em>μηδὲν</em></span> <span class='ocrx_word' id='word_1_207' title='bbox 1681 1749 1769 1791; x_wconf 67' lang='grc' dir='ltr'><em>τῶν</em></span> 
     </span>
    </p>
   </div>
   <div class='ocr_carea' id='block_1_3' title="bbox 401 1832 858 1881">
    <p class='ocr_par' dir='ltr' id='par_1_8' title="bbox 401 1832 858 1881">
     <span class='ocr_line' id='line_1_25' title="bbox 401 1832 858 1881; baseline -0.002 -11"><span class='ocrx_word' id='word_1_208' title='bbox 401 1846 454 1880; x_wconf 86' lang='lat'><em>¹7·</em></span> <span class='ocrx_word' id='word_1_209' title='bbox 479 1832 793 1881; x_wconf 70' lang='grc' dir='ltr'><em>διοιγωνούμενον</em></span> <span class='ocrx_word' id='word_1_210' title='bbox 820 1835 858 1869; x_wconf 87' lang='grc' dir='ltr'><em>Ρ.</em></span> 
     </span>
    </p>
   </div>
   <div class='ocr_carea' id='block_1_4' title="bbox 248 1894 1796 2836">
    <p class='ocr_par' dir='ltr' id='par_1_9' title="bbox 248 1894 1796 2836">
     <span class='ocr_line' id='line_1_26' title="bbox 303 1894 1796 1941; baseline -0.002 -7"><span class='ocrx_word' id='word_1_211' title='bbox 303 1904 473 1938; x_wconf 79' lang='lat' dir='ltr'><strong>vertunt,</strong></span> <span class='ocrx_word' id='word_1_212' title='bbox 516 1901 555 1931; x_wconf 89' lang='lat' dir='ltr'><em>et</em></span> <span class='ocrx_word' id='word_1_213' title='bbox 581 1896 667 1930; x_wconf 84' lang='lat' dir='ltr'><strong>dum</strong></span> <span class='ocrx_word' id='word_1_214' title='bbox 691 1894 803 1929; x_wconf 86' lang='lat' dir='ltr'><strong>vitam</strong></span> <span class='ocrx_word' id='word_1_215' title='bbox 830 1905 931 1928; x_wconf 86' lang='lat' dir='ltr'><strong>suam</strong></span> <span class='ocrx_word' id='word_1_216' title='bbox 956 1895 1274 1929; x_wconf 85' lang='lat' dir='ltr'><strong>vehementissime</strong></span> <span class='ocrx_word' id='word_1_217' title='bbox 1300 1895 1528 1936; x_wconf 85' lang='lat' dir='ltr'><strong>defendunt,</strong></span> <span class='ocrx_word' id='word_1_218' title='bbox 1562 1896 1634 1941; x_wconf 87' lang='lat' dir='ltr'><strong>ipsi</strong></span> <span class='ocrx_word' id='word_1_219' title='bbox 1668 1897 1769 1931; x_wconf 77' lang='lat' dir='ltr'><strong>vitae</strong></span> <span class='ocrx_word' id='word_1_220' title='bbox 1789 1915 1796 1920; x_wconf 42' lang='grc' dir='ltr'><em>ν</em></span> 
     </span>
     <span class='ocr_line' id='line_1_27' title="bbox 304 1941 1794 1989; baseline -0.003 -9"><span class='ocrx_word' id='word_1_221' title='bbox 304 1946 409 1980; x_wconf 87' lang='lat' dir='ltr'><strong>nullo</strong></span> <span class='ocrx_word' id='word_1_222' title='bbox 434 1945 549 1978; x_wconf 70' lang='lat' dir='ltr'><strong>modo</strong></span> <span class='ocrx_word' id='word_1_223' title='bbox 569 1946 736 1989; x_wconf 82' lang='lat' dir='ltr'><strong>parcunt.</strong></span> <span class='ocrx_word' id='word_1_224' title='bbox 784 1941 886 1975; x_wconf 84' lang='lat' dir='ltr'>Idem</span> <span class='ocrx_word' id='word_1_225' title='bbox 911 1953 997 1977; x_wconf 86' lang='lat' dir='ltr'><strong>sane</strong></span> <span class='ocrx_word' id='word_1_226' title='bbox 1023 1954 1087 1986; x_wconf 81' lang='lat' dir='ltr'><em>ego</em></span> <span class='ocrx_word' id='word_1_227' title='bbox 1115 1954 1212 1976; x_wconf 86' lang='lat' dir='ltr'><strong>nunc</strong></span> <span class='ocrx_word' id='word_1_228' title='bbox 1235 1942 1376 1976; x_wconf 85' lang='lat' dir='ltr'><strong>faciam.</strong></span> <span class='ocrx_word' id='word_1_229' title='bbox 1424 1943 1530 1976; x_wconf 89' lang='lat' dir='ltr'><strong>Nihil</strong></span> <span class='ocrx_word' id='word_1_230' title='bbox 1563 1944 1661 1977; x_wconf 84' lang='lat' dir='ltr'><strong>euim</strong></span> <span class='ocrx_word' id='word_1_231' title='bbox 1692 1945 1764 1977; x_wconf 84' lang='lat' dir='ltr'><em>mi·</em></span> <span class='ocrx_word' id='word_1_232' title='bbox 1790 1957 1794 1963; x_wconf 56' lang='grc'><em>»</em></span> 
     </span>
     <span class='ocr_line' id='line_1_28' title="bbox 302 1988 1764 2038; baseline -0.003 -11"><span class='ocrx_word' id='word_1_233' title='bbox 302 2005 374 2028; x_wconf 82' lang='lat' dir='ltr'><strong>nus</strong></span> <span class='ocrx_word' id='word_1_234' title='bbox 399 1993 618 2038; x_wconf 80' lang='lat' dir='ltr'><strong>cupiebam,</strong></span> <span class='ocrx_word' id='word_1_235' title='bbox 647 1999 755 2035; x_wconf 86' lang='lat' dir='ltr'><strong>quam</strong></span> <span class='ocrx_word' id='word_1_236' title='bbox 779 1988 879 2023; x_wconf 89' lang='lat' dir='ltr'><strong>bello</strong></span> <span class='ocrx_word' id='word_1_237' title='bbox 907 1995 942 2023; x_wconf 88' lang='lat' dir='ltr'><em>te</em></span> <span class='ocrx_word' id='word_1_238' title='bbox 967 1991 1164 2034; x_wconf 87' lang='lat' dir='ltr'><strong>persequi,</strong></span> <span class='ocrx_word' id='word_1_239' title='bbox 1189 1989 1266 2030; x_wconf 88' lang='lat' dir='ltr'><strong>sed,</strong></span> <span class='ocrx_word' id='word_1_240' title='bbox 1300 1995 1340 2023; x_wconf 89' lang='lat' dir='ltr'><em>ut</em></span> <span class='ocrx_word' id='word_1_241' title='bbox 1369 2000 1526 2036; x_wconf 88' lang='lat' dir='ltr'><strong>aequum</strong></span> <span class='ocrx_word' id='word_1_242' title='bbox 1553 1994 1642 2030; x_wconf 84' lang='lat' dir='ltr'><strong>erat,</strong></span> <span class='ocrx_word' id='word_1_243' title='bbox 1668 1991 1764 2023; x_wconf 86' lang='lat' dir='ltr'><strong>ami-</strong></span> 
     </span>
     <span class='ocr_line' id='line_1_29' title="bbox 307 2036 1765 2083; baseline -0.001 -11"><span class='ocrx_word' id='word_1_244' title='bbox 307 2051 389 2073; x_wconf 87' lang='lat' dir='ltr'><strong>cum</strong></span> <span class='ocrx_word' id='word_1_245' title='bbox 424 2043 460 2071; x_wconf 88' lang='lat' dir='ltr'><em>et</em></span> <span class='ocrx_word' id='word_1_246' title='bbox 496 2041 636 2072; x_wconf 85' lang='lat' dir='ltr'><strong>socium</strong></span> <span class='ocrx_word' id='word_1_247' title='bbox 663 2037 813 2078; x_wconf 85' lang='lat' dir='ltr'><strong>habere,</strong></span> <span class='ocrx_word' id='word_1_248' title='bbox 842 2037 990 2083; x_wconf 87' lang='lat' dir='ltr'><strong>tuisque</strong></span> <span class='ocrx_word' id='word_1_249' title='bbox 1015 2037 1154 2070; x_wconf 83' lang='lat' dir='ltr'><strong>meritis</strong></span> <span class='ocrx_word' id='word_1_250' title='bbox 1182 2037 1279 2070; x_wconf 76' lang='lat' dir='ltr'><strong>ultro</strong></span> <span class='ocrx_word' id='word_1_251' title='bbox 1304 2036 1395 2071; x_wconf 84' lang='lat' dir='ltr'><em>mihi</em></span> <span class='ocrx_word' id='word_1_252' title='bbox 1420 2037 1619 2080; x_wconf 79' lang='lat' dir='ltr'><strong>praestitis,</strong></span> <span class='ocrx_word' id='word_1_253' title='bbox 1646 2047 1765 2083; x_wconf 87' lang='lat' dir='ltr'><strong>quan-</strong></span> 
     </span>
     <span class='ocr_line' id='line_1_30' title="bbox 304 2083 1766 2130; baseline -0.001 -10"><span class='ocrx_word' id='word_1_254' title='bbox 304 2092 360 2123; x_wconf 82' lang='lat' dir='ltr'><em>tas</em></span> <span class='ocrx_word' id='word_1_255' title='bbox 386 2086 561 2119; x_wconf 85' lang='lat' dir='ltr'><strong>maximas</strong></span> <span class='ocrx_word' id='word_1_256' title='bbox 588 2095 751 2130; x_wconf 87' lang='lat' dir='ltr'><strong>possem,</strong></span> <span class='ocrx_word' id='word_1_257' title='bbox 779 2085 908 2129; x_wconf 79' lang='lat' dir='ltr'><strong>gratias</strong></span> <span class='ocrx_word' id='word_1_258' title='bbox 938 2084 1084 2116; x_wconf 81' lang='lat' dir='ltr'><strong>referre.</strong></span> <span class='ocrx_word' id='word_1_259' title='bbox 1137 2083 1320 2128; x_wconf 86' lang='lat' dir='ltr'>Quoniam</span> <span class='ocrx_word' id='word_1_260' title='bbox 1344 2089 1468 2117; x_wconf 87' lang='lat' dir='ltr'><strong>tamen</strong></span> <span class='ocrx_word' id='word_1_261' title='bbox 1498 2083 1593 2117; x_wconf 88' lang='lat' dir='ltr'><strong>nihil</strong></span> <span class='ocrx_word' id='word_1_262' title='bbox 1626 2090 1766 2118; x_wconf 81' lang='lat' dir='ltr'><strong>rectum</strong></span> 
     </span>
     <span class='ocr_line' id='line_1_31' title="bbox 304 2130 1767 2178; baseline -0.001 -12"><span class='ocrx_word' id='word_1_263' title='bbox 304 2144 348 2167; x_wconf 88' lang='lat' dir='ltr'><strong>ac</strong></span> <span class='ocrx_word' id='word_1_264' title='bbox 371 2132 528 2178; x_wconf 88' lang='lat' dir='ltr'><strong>probum</strong></span> <span class='ocrx_word' id='word_1_265' title='bbox 553 2142 671 2177; x_wconf 83' lang='lat' dir='ltr'><strong>agere,</strong></span> <span class='ocrx_word' id='word_1_266' title='bbox 694 2142 815 2176; x_wconf 87' lang='lat' dir='ltr'><strong>neque</strong></span> <span class='ocrx_word' id='word_1_267' title='bbox 842 2131 889 2164; x_wconf 88' lang='lat' dir='ltr'><strong>ab</strong></span> <span class='ocrx_word' id='word_1_268' title='bbox 915 2130 1081 2168; x_wconf 79' lang='lat' dir='ltr'>urbibus.</span> <span class='ocrx_word' id='word_1_269' title='bbox 1110 2142 1199 2176; x_wconf 84' lang='lat' dir='ltr'><strong>quas</strong></span> <span class='ocrx_word' id='word_1_270' title='bbox 1227 2136 1352 2164; x_wconf 83' lang='lat' dir='ltr'><strong>contra</strong></span> <span class='ocrx_word' id='word_1_271' title='bbox 1373 2131 1426 2164; x_wconf 78' lang='lat' dir='ltr'><strong>fas</strong></span> <span class='ocrx_word' id='word_1_272' title='bbox 1452 2135 1645 2176; x_wconf 84' lang='lat' dir='ltr'><strong>occupatas</strong></span> <span class='ocrx_word' id='word_1_273' title='bbox 1672 2132 1767 2165; x_wconf 82' lang='lat' dir='ltr'><strong>reti-</strong></span> 
     </span>
     <span class='ocr_line' id='line_1_32' title="bbox 304 2177 1791 2223; baseline -0.002 -9"><span class='ocrx_word' id='word_1_274' title='bbox 304 2191 384 2221; x_wconf 85' lang='lat' dir='ltr'><strong>nes,</strong></span> <span class='ocrx_word' id='word_1_275' title='bbox 409 2178 596 2213; x_wconf 81' lang='lat' dir='ltr'><strong>discedere</strong></span> <span class='ocrx_word' id='word_1_276' title='bbox 623 2178 831 2219; x_wconf 85' lang='lat' dir='ltr'><strong>decrevisti,</strong></span> <span class='ocrx_word' id='word_1_277' title='bbox 859 2189 950 2223; x_wconf 88' lang='lat' dir='ltr'><strong>opus</strong></span> <span class='ocrx_word' id='word_1_278' title='bbox 977 2183 1033 2210; x_wconf 91' lang='lat' dir='ltr'><em>est</em></span> <span class='ocrx_word' id='word_1_279' title='bbox 1056 2183 1093 2211; x_wconf 86' lang='lat' dir='ltr'><em>et</em></span> <span class='ocrx_word' id='word_1_280' title='bbox 1115 2188 1171 2210; x_wconf 88' lang='lat' dir='ltr'><em>me</em></span> <span class='ocrx_word' id='word_1_281' title='bbox 1196 2177 1362 2222; x_wconf 84' lang='lat' dir='ltr'><strong>aggredi,</strong></span> <span class='ocrx_word' id='word_1_282' title='bbox 1396 2188 1487 2223; x_wconf 85' lang='lat' dir='ltr'><strong>quae</strong></span> <span class='ocrx_word' id='word_1_283' title='bbox 1515 2188 1559 2210; x_wconf 80' lang='lat' dir='ltr'><em>ex</em></span> <span class='ocrx_word' id='word_1_284' title='bbox 1582 2179 1764 2212; x_wconf 78' lang='lat' dir='ltr'><strong>Romano-</strong></span> <span class='ocrx_word' id='word_1_285' title='bbox 1788 2199 1791 2203; x_wconf 42' lang='lat' dir='ltr'><em>r</em></span> 
     </span>
     <span class='ocr_line' id='line_1_33' title="bbox 305 2225 1767 2270; baseline -0.002 -10"><span class='ocrx_word' id='word_1_286' title='bbox 305 2237 386 2260; x_wconf 81' lang='lat' dir='ltr'><strong>rum</strong></span> <span class='ocrx_word' id='word_1_287' title='bbox 411 2237 450 2260; x_wconf 88' lang='lat' dir='ltr'><em>re</em></span> <span class='ocrx_word' id='word_1_288' title='bbox 475 2226 623 2269; x_wconf 89' lang='lat' dir='ltr'><strong>publica</strong></span> <span class='ocrx_word' id='word_1_289' title='bbox 651 2225 730 2258; x_wconf 85' lang='lat' dir='ltr'><strong>fore</strong></span> <span class='ocrx_word' id='word_1_290' title='bbox 756 2225 887 2264; x_wconf 86' lang='lat' dir='ltr'><strong>sentio,</strong></span> <span class='ocrx_word' id='word_1_291' title='bbox 920 2230 957 2258; x_wconf 90' lang='lat' dir='ltr'><em>et</em></span> <span class='ocrx_word' id='word_1_292' title='bbox 981 2230 1151 2258; x_wconf 79' lang='lat' dir='ltr'><strong>excutere</strong></span> <span class='ocrx_word' id='word_1_293' title='bbox 1178 2225 1315 2269; x_wconf 86' lang='lat' dir='ltr'><strong>iugum,</strong></span> <span class='ocrx_word' id='word_1_294' title='bbox 1341 2225 1439 2270; x_wconf 90' lang='lat' dir='ltr'><strong>quod</strong></span> <span class='ocrx_word' id='word_1_295' title='bbox 1465 2235 1590 2258; x_wconf 85' lang='lat' dir='ltr'><strong>eorum</strong></span> <span class='ocrx_word' id='word_1_296' title='bbox 1615 2225 1767 2260; x_wconf 86' lang='lat' dir='ltr'><strong>cervici-</strong></span> 
     </span>
     <span class='ocr_line' id='line_1_34' title="bbox 305 2271 1764 2316; baseline -0.001 -8"><span class='ocrx_word' id='word_1_297' title='bbox 305 2274 375 2308; x_wconf 87' lang='lat' dir='ltr'><em>bus</em></span> <span class='ocrx_word' id='word_1_298' title='bbox 401 2271 560 2307; x_wconf 86' lang='lat' dir='ltr'><strong>Triballi</strong></span> <span class='ocrx_word' id='word_1_299' title='bbox 583 2282 648 2316; x_wconf 84' lang='lat' dir='ltr'><em>per</em></span> <span class='ocrx_word' id='word_1_300' title='bbox 676 2271 778 2304; x_wconf 82' lang='lat' dir='ltr'><strong>nefas</strong></span> <span class='ocrx_word' id='word_1_301' title='bbox 805 2272 1054 2306; x_wconf 78' lang='lat' dir='ltr'><strong>iniunxerunt.</strong></span> <span class='ocrx_word' id='word_1_302' title='bbox 1103 2272 1238 2305; x_wconf 83' lang='lat' dir='ltr'><strong>Verum</strong></span> <span class='ocrx_word' id='word_1_303' title='bbox 1265 2282 1362 2304; x_wconf 90' lang='lat' dir='ltr'><strong>nunc</strong></span> <span class='ocrx_word' id='word_1_304' title='bbox 1392 2271 1560 2316; x_wconf 84' lang='lat' dir='ltr'><strong>quidem,</strong></span> <span class='ocrx_word' id='word_1_305' title='bbox 1585 2283 1665 2306; x_wconf 88' lang='lat' dir='ltr'><strong>cum</strong></span> <span class='ocrx_word' id='word_1_306' title='bbox 1703 2272 1764 2306; x_wconf 87' lang='lat' dir='ltr'><em>in-</em></span> 
     </span>
     <span class='ocr_line' id='line_1_35' title="bbox 306 2318 1761 2365; baseline -0.002 -11"><span class='ocrx_word' id='word_1_307' title='bbox 306 2331 415 2365; x_wconf 84' lang='lat' dir='ltr'><strong>super</strong></span> <span class='ocrx_word' id='word_1_308' title='bbox 439 2319 666 2363; x_wconf 76' lang='lat' dir='ltr'><strong>conscriptae</strong></span> <span class='ocrx_word' id='word_1_309' title='bbox 698 2319 826 2363; x_wconf 85' lang='lat' dir='ltr'><strong>copiae</strong></span> <span class='ocrx_word' id='word_1_310' title='bbox 860 2318 1023 2352; x_wconf 83' lang='lat' dir='ltr'><strong>nondum</strong></span> <span class='ocrx_word' id='word_1_311' title='bbox 1050 2318 1191 2359; x_wconf 85' lang='lat' dir='ltr'><strong>adsint,</strong></span> <span class='ocrx_word' id='word_1_312' title='bbox 1227 2319 1441 2362; x_wconf 82' lang='lat' dir='ltr'>Byzantium</span> <span class='ocrx_word' id='word_1_313' title='bbox 1479 2323 1656 2359; x_wconf 83' lang='lat' dir='ltr'><strong>revertar,</strong></span> <span class='ocrx_word' id='word_1_314' title='bbox 1697 2319 1761 2352; x_wconf 88' lang='lat' dir='ltr'><strong>iu-</strong></span> 
     </span>
     <span class='ocr_line' id='line_1_36' title="bbox 306 2365 1763 2413; baseline -0.001 -12"><span class='ocrx_word' id='word_1_315' title='bbox 306 2371 539 2413; x_wconf 85' lang='lat' dir='ltr'><strong>structusque</strong></span> <span class='ocrx_word' id='word_1_316' title='bbox 561 2365 729 2399; x_wconf 86' lang='lat' dir='ltr'><strong>hibernis</strong></span> <span class='ocrx_word' id='word_1_317' title='bbox 758 2365 972 2406; x_wconf 89' lang='lat' dir='ltr'><strong>mensibus,</strong></span> <span class='ocrx_word' id='word_1_318' title='bbox 1009 2367 1127 2411; x_wconf 85' lang='lat' dir='ltr'><strong>primo</strong></span> <span class='ocrx_word' id='word_1_319' title='bbox 1152 2376 1235 2398; x_wconf 89' lang='lat' dir='ltr'><strong>vere</strong></span> <span class='ocrx_word' id='word_1_320' title='bbox 1261 2375 1342 2398; x_wconf 91' lang='lat' dir='ltr'><strong>cum</strong></span> <span class='ocrx_word' id='word_1_321' title='bbox 1377 2377 1485 2412; x_wconf 86' lang='lat' dir='ltr'><strong>quam</strong></span> <span class='ocrx_word' id='word_1_322' title='bbox 1518 2366 1658 2411; x_wconf 80' lang='lat' dir='ltr'><strong>ingenti</strong></span> <span class='ocrx_word' id='word_1_323' title='bbox 1693 2376 1763 2410; x_wconf 89' lang='lat' dir='ltr'><em>po-</em></span> 
     </span>
     <span class='ocr_line' id='line_1_37' title="bbox 304 2412 1763 2457; baseline -0.001 -9"><span class='ocrx_word' id='word_1_324' title='bbox 304 2420 385 2449; x_wconf 83' lang='lat' dir='ltr'><strong>tero</strong></span> <span class='ocrx_word' id='word_1_325' title='bbox 412 2414 598 2454; x_wconf 76' lang='lat' dir='ltr'><strong>exercitu,</strong></span> <span class='ocrx_word' id='word_1_326' title='bbox 621 2422 825 2457; x_wconf 83' lang='lat' dir='ltr'><strong>magnoque</strong></span> <span class='ocrx_word' id='word_1_327' title='bbox 852 2419 1028 2457; x_wconf 81' lang='lat' dir='ltr'><strong>apparatu</strong></span> <span class='ocrx_word' id='word_1_328' title='bbox 1054 2414 1094 2446; x_wconf 90' lang='lat' dir='ltr'><em>in</em></span> <span class='ocrx_word' id='word_1_329' title='bbox 1119 2423 1179 2447; x_wconf 87' lang='lat' dir='ltr'><em>vos</em></span> <span class='ocrx_word' id='word_1_330' title='bbox 1206 2412 1381 2453; x_wconf 77' lang='lat' dir='ltr'><strong>movebo,</strong></span> <span class='ocrx_word' id='word_1_331' title='bbox 1407 2423 1451 2446; x_wconf 86' lang='lat' dir='ltr'><em>ea</em></span> <span class='ocrx_word' id='word_1_332' title='bbox 1474 2418 1610 2452; x_wconf 80' lang='lat' dir='ltr'><strong>mente,</strong></span> <span class='ocrx_word' id='word_1_333' title='bbox 1635 2417 1676 2446; x_wconf 87' lang='lat' dir='ltr'><em>ut</em></span> <span class='ocrx_word' id='word_1_334' title='bbox 1698 2418 1763 2446; x_wconf 80' lang='lat' dir='ltr'><em>aut</em></span> 
     </span>
     <span class='ocr_line' id='line_1_38' title="bbox 305 2459 1766 2507; baseline -0.001 -13"><span class='ocrx_word' id='word_1_335' title='bbox 305 2459 523 2507; x_wconf 84' lang='lat' dir='ltr'><strong>proeliando</strong></span> <span class='ocrx_word' id='word_1_336' title='bbox 548 2459 780 2500; x_wconf 83' lang='lat' dir='ltr'><strong>occumbam,</strong></span> <span class='ocrx_word' id='word_1_337' title='bbox 819 2465 883 2493; x_wconf 85' lang='lat' dir='ltr'><em>aut</em></span> <span class='ocrx_word' id='word_1_338' title='bbox 914 2467 1057 2504; x_wconf 81' lang='lat' dir='ltr'><strong>praeter</strong></span> <span class='ocrx_word' id='word_1_339' title='bbox 1093 2460 1303 2493; x_wconf 74' lang='lat' dir='ltr'><strong>libertatem</strong></span> <span class='ocrx_word' id='word_1_340' title='bbox 1334 2471 1414 2492; x_wconf 82' lang='lat' dir='ltr'><em>mea</em></span> <span class='ocrx_word' id='word_1_341' title='bbox 1450 2470 1561 2504; x_wconf 86' lang='lat' dir='ltr'><strong>opera</strong></span> <span class='ocrx_word' id='word_1_342' title='bbox 1594 2459 1766 2493; x_wconf 79' lang='lat' dir='ltr'><strong>Romanis</strong></span> 
     </span>
     <span class='ocr_line' id='line_1_39' title="bbox 304 2505 1762 2552; baseline -0.002 -10"><span class='ocrx_word' id='word_1_343' title='bbox 304 2509 512 2542; x_wconf 84' lang='lat' dir='ltr'><strong>restitutam</strong></span> <span class='ocrx_word' id='word_1_344' title='bbox 537 2512 650 2552; x_wconf 85' lang='lat' dir='ltr'><strong>teque</strong></span> <span class='ocrx_word' id='word_1_345' title='bbox 684 2506 938 2552; x_wconf 87' lang='lat' dir='ltr'>populumque</span> <span class='ocrx_word' id='word_1_346' title='bbox 966 2512 1069 2539; x_wconf 87' lang='lat' dir='ltr'><strong>tuum</strong></span> <span class='ocrx_word' id='word_1_347' title='bbox 1097 2506 1270 2540; x_wconf 83' lang='lat' dir='ltr'><strong>caedibus</strong></span> <span class='ocrx_word' id='word_1_348' title='bbox 1297 2517 1339 2538; x_wconf 87' lang='lat' dir='ltr'><strong>ac</strong></span> <span class='ocrx_word' id='word_1_349' title='bbox 1363 2506 1529 2539; x_wconf 84' lang='lat' dir='ltr'><strong>servituti</strong></span> <span class='ocrx_word' id='word_1_350' title='bbox 1554 2505 1762 2543; x_wconf 83' lang='lat' dir='ltr'><strong>subiiciam.</strong></span> 
     </span>
     <span class='ocr_line' id='line_1_40' title="bbox 302 2552 1794 2600; baseline -0.002 -11"><span class='ocrx_word' id='word_1_351' title='bbox 302 2556 349 2589; x_wconf 91' lang='lat' dir='ltr'><strong>Et</strong></span> <span class='ocrx_word' id='word_1_352' title='bbox 373 2556 454 2587; x_wconf 86' lang='lat' dir='ltr'><strong>cum</strong></span> <span class='ocrx_word' id='word_1_353' title='bbox 477 2560 519 2588; x_wconf 88' lang='lat' dir='ltr'><em>tu</em></span> <span class='ocrx_word' id='word_1_354' title='bbox 542 2564 691 2600; x_wconf 88' lang='lat' dir='ltr'><strong>quoque</strong></span> <span class='ocrx_word' id='word_1_355' title='bbox 717 2555 806 2586; x_wconf 87' lang='lat' dir='ltr'><strong>scias</strong></span> <span class='ocrx_word' id='word_1_356' title='bbox 823 2577 835 2593; x_wconf 92' lang='lat'><strong>,</strong></span> <span class='ocrx_word' id='word_1_357' title='bbox 861 2564 918 2586; x_wconf 91' lang='lat' dir='ltr'><em>me</em></span> <span class='ocrx_word' id='word_1_358' title='bbox 944 2563 1027 2586; x_wconf 84' lang='lat' dir='ltr'><strong>vera</strong></span> <span class='ocrx_word' id='word_1_359' title='bbox 1052 2553 1179 2598; x_wconf 85' lang='lat' dir='ltr'><strong>loqui,</strong></span> <span class='ocrx_word' id='word_1_360' title='bbox 1216 2553 1261 2586; x_wconf 86' lang='lat' dir='ltr'><em>ad</em></span> <span class='ocrx_word' id='word_1_361' title='bbox 1286 2552 1528 2586; x_wconf 81' lang='lat' dir='ltr'><strong>resistendum</strong></span> <span class='ocrx_word' id='word_1_362' title='bbox 1569 2559 1606 2587; x_wconf 84' lang='lat' dir='ltr'><em>et</em></span> <span class='ocrx_word' id='word_1_363' title='bbox 1632 2552 1760 2586; x_wconf 89' lang='lat' dir='ltr'><strong>decer·</strong></span> <span class='ocrx_word' id='word_1_364' title='bbox 1789 2562 1794 2566; x_wconf 89' lang='lat'>·</span> 
     </span>
     <span class='ocr_line' id='line_1_41' title="bbox 302 2600 1764 2644; baseline -0.001 -9"><span class='ocrx_word' id='word_1_365' title='bbox 302 2601 456 2635; x_wconf 87' lang='lat' dir='ltr'><strong>tandum</strong></span> <span class='ocrx_word' id='word_1_366' title='bbox 481 2601 526 2635; x_wconf 89' lang='lat' dir='ltr'><em>de</em></span> <span class='ocrx_word' id='word_1_367' title='bbox 549 2612 688 2635; x_wconf 85' lang='lat' dir='ltr'><strong>summa</strong></span> <span class='ocrx_word' id='word_1_368' title='bbox 717 2611 837 2634; x_wconf 87' lang='lat' dir='ltr'><strong>rerum</strong></span> <span class='ocrx_word' id='word_1_369' title='bbox 863 2605 900 2632; x_wconf 91' lang='lat' dir='ltr'><em>te</em></span> <span class='ocrx_word' id='word_1_370' title='bbox 926 2601 1127 2643; x_wconf 82' lang='lat' dir='ltr'><strong>compara.&#39;&#39;</strong></span> <span class='ocrx_word' id='word_1_371' title='bbox 1177 2600 1312 2638; x_wconf 80' lang='lat' dir='ltr'><strong>Crales,</strong></span> <span class='ocrx_word' id='word_1_372' title='bbox 1343 2600 1480 2632; x_wconf 85' lang='lat' dir='ltr'><strong>auditis</strong></span> <span class='ocrx_word' id='word_1_373' title='bbox 1506 2604 1580 2632; x_wconf 89' lang='lat' dir='ltr'><em>tam</em></span> <span class='ocrx_word' id='word_1_374' title='bbox 1606 2601 1764 2644; x_wconf 80' lang='lat' dir='ltr'><strong>graviter</strong></span> 
     </span>
     <span class='ocr_line' id='line_1_42' title="bbox 303 2647 1793 2692; baseline -0.001 -10"><span class='ocrx_word' id='word_1_375' title='bbox 303 2659 344 2682; x_wconf 85' lang='lat' dir='ltr'><strong>ac</strong></span> <span class='ocrx_word' id='word_1_376' title='bbox 368 2649 462 2682; x_wconf 80' lang='lat' dir='ltr'><strong>serio</strong></span> <span class='ocrx_word' id='word_1_377' title='bbox 488 2648 535 2681; x_wconf 87' lang='lat' dir='ltr'><em>de</em></span> <span class='ocrx_word' id='word_1_378' title='bbox 557 2648 657 2681; x_wconf 90' lang='lat' dir='ltr'><strong>bello</strong></span> <span class='ocrx_word' id='word_1_379' title='bbox 683 2647 814 2686; x_wconf 86' lang='lat' dir='ltr'><strong>dictis,</strong></span> <span class='ocrx_word' id='word_1_380' title='bbox 854 2657 934 2679; x_wconf 86' lang='lat' dir='ltr'><strong>cum</strong></span> <span class='ocrx_word' id='word_1_381' title='bbox 958 2648 1184 2681; x_wconf 80' lang='lat' dir='ltr'><strong>voluntatem</strong></span> <span class='ocrx_word' id='word_1_382' title='bbox 1222 2647 1450 2692; x_wconf 84' lang='lat' dir='ltr'><strong>imperatoris</strong></span> <span class='ocrx_word' id='word_1_383' title='bbox 1491 2647 1759 2680; x_wconf 82' lang='lat' dir='ltr'><strong>immutabilem</strong></span> <span class='ocrx_word' id='word_1_384' title='bbox 1790 2676 1793 2681; x_wconf 20' lang='grc' dir='ltr'>χ</span> 
     </span>
     <span class='ocr_line' id='line_1_43' title="bbox 248 2693 1760 2737; baseline -0.001 -9"><span class='ocrx_word' id='word_1_385' title='bbox 248 2711 259 2722; x_wconf 85' lang='lat'><strong>·</strong></span> <span class='ocrx_word' id='word_1_386' title='bbox 303 2695 470 2736; x_wconf 79' lang='lat' dir='ltr'><strong>videret,</strong></span> <span class='ocrx_word' id='word_1_387' title='bbox 493 2694 690 2729; x_wconf 81' lang='lat' dir='ltr'><strong>admodum</strong></span> <span class='ocrx_word' id='word_1_388' title='bbox 717 2694 955 2727; x_wconf 80' lang='lat' dir='ltr'><strong>extimescens</strong></span> <span class='ocrx_word' id='word_1_389' title='bbox 974 2720 984 2736; x_wconf 88' lang='lat'><strong>,</strong></span> <span class='ocrx_word' id='word_1_390' title='bbox 1013 2695 1250 2737; x_wconf 82' lang='lat' dir='ltr'><strong>precabatur,</strong></span> <span class='ocrx_word' id='word_1_391' title='bbox 1283 2704 1329 2726; x_wconf 86' lang='lat' dir='ltr'><em>nc</em></span> <span class='ocrx_word' id='word_1_392' title='bbox 1358 2694 1410 2726; x_wconf 84' lang='lat' dir='ltr'><em>sic</em></span> <span class='ocrx_word' id='word_1_393' title='bbox 1434 2693 1548 2727; x_wconf 85' lang='lat' dir='ltr'><strong>iratus</strong></span> <span class='ocrx_word' id='word_1_394' title='bbox 1587 2693 1635 2727; x_wconf 89' lang='lat' dir='ltr'><em>ad</em></span> <span class='ocrx_word' id='word_1_395' title='bbox 1659 2704 1760 2727; x_wconf 70' lang='lat' dir='ltr'><strong>arma</strong></span> 
     </span>
     <span class='ocr_line' id='line_1_44' title="bbox 305 2737 1755 2788; baseline -0.002 -11"><span class='ocrx_word' id='word_1_396' title='bbox 305 2743 478 2777; x_wconf 83' lang='lat' dir='ltr'><strong>ferveret:</strong></span> <span class='ocrx_word' id='word_1_397' title='bbox 519 2743 610 2788; x_wconf 90' lang='lat' dir='ltr'><strong>quin</strong></span> <span class='ocrx_word' id='word_1_398' title='bbox 650 2742 773 2786; x_wconf 88' lang='lat' dir='ltr'><strong>potius</strong></span> <span class='ocrx_word' id='word_1_399' title='bbox 799 2741 893 2775; x_wconf 86' lang='lat' dir='ltr'><strong>viam</strong></span> <span class='ocrx_word' id='word_1_400' title='bbox 916 2737 1078 2786; x_wconf 82' lang='lat' dir='ltr'><strong>aliquam</strong></span> <span class='ocrx_word' id='word_1_401' title='bbox 1104 2741 1142 2773; x_wconf 88' lang='lat' dir='ltr'><em>in</em></span> <span class='ocrx_word' id='word_1_402' title='bbox 1167 2740 1224 2774; x_wconf 87' lang='lat' dir='ltr'><em>his</em></span> <span class='ocrx_word' id='word_1_403' title='bbox 1251 2741 1355 2773; x_wconf 88' lang='lat' dir='ltr'><strong>malis</strong></span> <span class='ocrx_word' id='word_1_404' title='bbox 1381 2741 1584 2778; x_wconf 87' lang='lat' dir='ltr'><strong>inveniret,</strong></span> <span class='ocrx_word' id='word_1_405' title='bbox 1611 2752 1682 2787; x_wconf 87' lang='lat' dir='ltr'><em>qua</em></span> <span class='ocrx_word' id='word_1_406' title='bbox 1718 2745 1755 2774; x_wconf 82' lang='lat' dir='ltr'><em>et</em></span> 
     </span>
     <span class='ocr_line' id='line_1_45' title="bbox 305 2786 1758 2836; baseline -0.001 -12"><span class='ocrx_word' id='word_1_407' title='bbox 305 2790 405 2826; x_wconf 86' lang='lat' dir='ltr'><strong>bello</strong></span> <span class='ocrx_word' id='word_1_408' title='bbox 431 2789 749 2836; x_wconf 78' lang='lat' dir='ltr'><strong>supersederetur‚</strong></span> <span class='ocrx_word' id='word_1_409' title='bbox 785 2793 821 2823; x_wconf 86' lang='lat' dir='ltr'><em>et</em></span> <span class='ocrx_word' id='word_1_410' title='bbox 855 2788 932 2833; x_wconf 87' lang='lat' dir='ltr'><strong>ipse</strong></span> <span class='ocrx_word' id='word_1_411' title='bbox 958 2799 1023 2833; x_wconf 87' lang='lat' dir='ltr'><em>pro</em></span> <span class='ocrx_word' id='word_1_412' title='bbox 1058 2786 1246 2822; x_wconf 81' lang='lat' dir='ltr'><strong>laboribus</strong></span> <span class='ocrx_word' id='word_1_413' title='bbox 1282 2793 1390 2834; x_wconf 84' lang='lat' dir='ltr'><strong>atque</strong></span> <span class='ocrx_word' id='word_1_414' title='bbox 1425 2787 1618 2832; x_wconf 83' lang='lat' dir='ltr'><strong>periculis,</strong></span> <span class='ocrx_word' id='word_1_415' title='bbox 1658 2797 1758 2834; x_wconf 79' lang='lat' dir='ltr'><strong>quae·</strong></span> 
     </span>
    </p>
   </div>
  </div>
 </body>
</html>
