1800 3164
359 182 378 217 1
395 161 466 237 76
869 180 1240 224 CANTACUZENI

140 301 232 338 A‚c,
250 302 331 339 1351
348 292 502 346 κίονας,
532 290 589 342 ὥς
617 289 670 335 ἂν
693 293 874 342 πιέζοιτο
902 294 1085 350 τοσούτῳ
1115 292 1249 350 βάρει.
1279 291 1432 349 ἕγώδὲ
1461 292 1634 344 τούτους
1651 296 1782 351 φαίην

348 354 416 410 ἂν,
448 359 522 399 καί
544 360 617 412 τῆς
648 355 848 412 ἀληθείας
877 360 973 411 ἐμοὶ
999 359 1403 415 συμμαρτυρούσης,
1433 359 1588 415 ταύτην
1615 359 1692 414 τήν
1719 378 1780 402 τι-

346 422 430 478 μήν
479 428 623 477 λαχεῖν
669 425 744 464 τοῦ
782 426 877 476 βίου
913 426 986 479 τῆς
1025 427 1175 479 πολλῆς
1214 427 1468 481 φιλοσοφίας
1503 427 1621 467 ἕνεκα
1662 425 1778 480 παρὰ

346 491 452 531 θεοῦ
476 487 520 531 τὸ
563 488 635 542 τὴν
661 491 736 543 γῆν
767 490 943 543 οἷνέχειν,
973 490 1120 544 εὐχαῖς
1148 489 1413 543 ἱλεουμένους
1441 488 1546 548 αὐτῇ
1573 490 1620 533 τὸ
1649 494 1779 533 θεῖον.

347 551 413 596 ὅτι
440 556 474 595 δ’
495 551 622 602 αὐτὸς
640 555 684 595 ἐν
700 557 838 604 αὐτοῖς
864 553 1095 610 γενόμενος,
1125 554 1186 598 ἔτι
1204 557 1410 609 βασιλέως
1431 555 1659 612 περιόντος,
1679 559 1778 611 περὶ
1789 554 1800 594 Ε

344 623 415 675 τῆς
447 620 664 672 Ῥωμαίων
702 619 920 674 βασιλείας
947 621 1224 677 προφητεύειν
1253 619 1450 676 ἐδεόμην,
1492 623 1532 663 εἰ
1557 619 1647 676 ἥξει
1673 621 1779 676 πρὸς

344 688 433 738 ἐμὲ,
463 683 666 738 ψεύδεται
693 689 854 742 σαφῶς.
910 688 981 729 καί
1008 687 1154 729 τούτου
1183 704 1229 742 γε
1257 686 1467 738 α’πόδειξις
1492 686 1779 743 ἑναργεστάτη,

307 749 428 805 cmix
455 746 580 806 ἧττον
606 754 685 804 μὲν
711 753 784 794 καί
809 754 920 794 τοῦτ’
949 750 1053 795 αὗτὸ
1074 753 1122 795 ’τὸ
1155 754 1309 795 ἐκεῖνον
1324 757 1495 795 τοιαῦτα
1512 755 1645 807 λέγειν
1673 765 1780 808 ψευ-

347 816 546 870 δόμενον,
590 817 649 866 οἷς
676 817 728 860 τὰ
762 818 895 860 πολλὰ
926 818 996 860 καὶ
1023 818 1122 874 περὶ
1147 815 1293 872 τᾶλλα,
1324 816 1463 874 ὥσπερ
1504 818 1555 874 δὴ
1585 818 1659 861 καί
1684 822 1783 875 ’περὶ

344 885 482 925 τοῦτο.
535 882 718 936 μάλιστα
752 886 798 926 δὲ
826 887 897 926 καί
912 881 1054 928 '‘Avva
1082 885 1110 940 ἦ
1138 885 1303 938 βασιλίς
1330 885 1495 940 τάληθῆ
1530 902 1800 941 συμμαρτυ-ε

207 962 331 1008 v,642
346 949 487 1004 ρήσειε
514 947 681 992 πάντων
707 951 892 1003 μάλιστα
923 953 1020 1004 ἐμοὶ
1043 950 1095 992 τὰ
1122 953 1296 993 τοιαῦτα
1316 952 1550 994 συνειδυῖα.
1603 952 1682 1005 οὐχ
1708 945 1798 1007 ἧτ-’

344 1031 416 1057 τον
442 1013 520 1070 γάρ
549 1011 578 1070 ἢ
604 1015 803 1068 βασιλεὺς
828 1015 901 1059 καί
928 1016 1032 1071 αὕτη
1053 1015 1147 1059 τότε
1165 1019 1242 1058 τοῦ
1257 1015 1307 1059 τὰ
1327 1019 1635 1070 βεβουλευμένα
1649 1017 1780 1072 ὕπερ-

343 1082 503 1123 θέσθαι
529 1096 603 1134 μοι
633 1083 793 1135 ἐγένετο
824 1083 1056 1138 αἰτιωτάτη.
1109 1082 1156 1124 οὗ
1192 1081 1273 1138 γὰρ
1313 1080 1450 1139 ὥσπερ
1480 1084 1636 1133 ἐκεῖνος
1660 1099 1780 1126 κατε-

342 1145 548 1201 ψεύσατο,
584 1148 656 1188 ε’πί
681 1150 935 1204 προφητείας
961 1143 1062 1203 ἧκον
1090 1147 1169 1203 ἐγώ
1201 1148 1294 1191 τότε
1322 1148 1397 1191 καί
1415 1149 1651 1202 μελλόντων
1675 1149 1781 1191 α’πο-

339 1211 487 1266 βάσεις
515 1214 586 1255 em*
610 1212 706 1261 τοὺς
734 1215 779 1255 ἐν
808 1209 936 1271 ''A-Q)
966 1213 1190 1268 μοναχούς,
1230 1213 1337 1255 ἀλλὰ
1366 1214 1550 1268 μάλιστα
1577 1216 1655 1268 μὲν
1685 1216 1779 1270 δεη-

340 1276 514 1331 σόμενος
560 1279 727 1321 ἐκείνων
769 1277 874 1335 ὑπὲρ
912 1282 986 1335 τῆς
1013 1281 1218 1334 βασιλέως
1245 1278 1419 1334 ὑγιείας,
1446 1275 1499 1335 ἧς
1531 1281 1654 1322 οὐδὲν
1685 1279 1783 1333 ἐμοὶ

338 1347 527 1398 βέλτιον,
570 1339 665 1386 οὔτε
706 1344 956 1401 τιμιώτερον
988 1347 1033 1388 ἐν
1061 1345 1139 1404 βίῳ
1167 1340 1244 1400 ἦν,
1301 1344 1452 1387 ἔπειτα
1472 1348 1545 1387 καί
1583 1343 1628 1388 τὸ
1662 1348 1780 1387 θεῖον

338 1410 462 1452 ἵλεων
503 1406 651 1464 εὖχαῖς
688 1411 785 1464 ἐμοὶ
810 1417 943 1453 ποιεῖν
972 1410 1104 1453 πολλοὶ
1149 1409 1497 1466 προσκεκρουκότι
1526 1411 1571 1452 ἐν
1611 1412 1671 1467 τῷ
1700 1412 1779 1469 βίῳ

295 1477 415 1519 nnat
455 1475 533 1530 τὴν
570 1477 702 1518 ἐκεῖσε
742 1481 825 1519 τῶν
866 1474 1018 1518 ἐνθάδε
1048 1479 1313 1531 βεβιωμένων
1343 1475 1526 1530 ευᾞύνην
1566 1475 1779 1520 δεδοικότι.

339 1541 446 1598 πρὸς
472 1541 633 1591 τούτοις
662 1544 707 1585 δὲ
738 1542 829 1584 ἐπεὶ
864 1542 996 1584 ἐδόκει
1038 1546 1108 1584 καί
1133 1545 1214 1584 τῶν
1241 1545 1318 1584 τοῦ
1345 1544 1440 1596 βίου
1457 1539 1655 1597 θορύβων
1678 1543 1798 1584 dvm-³:

336 1613 517 1663 χωρεῖν,
560 1609 620 1656 εἰς
647 1607 768 1662 κόρον
798 1607 1087 1650 α’πολαύσαντι
1127 1607 1200 1649 καί
1242 1606 1361 1663 δόξης
1397 1607 1672 1663 ἀνθρωπίνης
1707 1608 1785 1650 καί

338 1674 566 1730 εὐημερίας
583 1675 656 1715 καί
681 1676 857 1730 τρυφῆς,
887 1673 1152 1729 ἐσκεπτόμην,
1172 1675 1216 1716 ἐν
1245 1675 1326 1714 τίνι
1352 1674 1432 1715 τῶν
1450 1674 1779 1729 φροντιστηρίων

432 1775 464 1797 2.
489 1761 622 1842 ταέτης
639 1762 702 1804 τῆς
726 1763 837 1809 τιμῆς
859 1766 988 1807 τυχεῖν
1011 1762 1058 1794 Μ.
1084 1773 1152 1808 mg.
1221 1774 1271 1807 ¹9·
1296 1759 1477 1798 εὐθύνειν
1500 1763 1535 1797 Ρ.
1631 1774 1685 1797 21.
1708 1761 1779 1808 χό-

433 1820 502 1855 ρθν
555 1834 562 1841 .

285 1906 289 1910 «
340 1889 361 1910 a
393 1877 622 1923 principibus
652 1877 843 1921 punitum,
883 1880 924 1910 ut
955 1880 1071 1910 terrae
1100 1876 1282 1910 columnas
1317 1879 1535 1919 sustineret,
1583 1883 1692 1925 atque
1726 1878 1779 1913 ita

339 1925 512 1970 ponderis
535 1926 704 1958 vastitate
727 1929 957 1968 premeretur.
1006 1923 1117 1968 Atqui
1142 1935 1205 1968 ego
1223 1950 1233 1964 ‚
1259 1926 1410 1959 veritate
1442 1924 1534 1958 mihi
1561 1931 1789 1967 attestantes

340 1972 448 2006 hosce
474 1972 639 2005 homines
663 1972 736 2004 vita
772 1972 912 2016 puriter
933 1969 1123 2004 admodum
1152 1971 1289 2015 agenda
1322 1972 1419 2005 hunc
1451 1971 1625 2005 honorem
1655 1983 1674 2004 a
1701 1973 1778 2006 Deo

341 2019 516 2063 consequi
545 2018 722 2058 dixerim,
763 2023 804 2050 ut
839 2023 1014 2050 terrarum
1048 2016 1194 2056 orbem,
1233 2018 1309 2050 eius
1345 2029 1481 2053 numen
1517 2019 1684 2062 precibus
1719 2019 1778 2052 illi

339 2065 526 2109 placantes
547 2089 557 2105 ,
595 2064 752 2097 fulciant
786 2075 827 2097 ac
853 2068 1065 2097 sustentent.
1114 2063 1174 2096 Me
1203 2069 1320 2096 autem
1337 2089 1346 2103 ‚
1374 2067 1572 2098 etiamnum
1599 2066 1679 2099 vivo
1702 2066 1779 2099 An-

341 2112 492 2144 dronico
518 2113 755 2155 imperatore,
780 2111 826 2144 ad
850 2121 910 2144 eos
939 2111 1138 2155 profectum
1164 2109 1208 2143 de
1232 2111 1383 2154 imperio
1410 2113 1569 2144 Romano
1611 2117 1652 2145 ut
1684 2112 1779 2146 mihi

338 2158 644 2196 vaticinarentur,
671 2168 835 2202 rogasse,
860 2157 992 2202 ecquid
1018 2156 1063 2189 ad
1086 2166 1142 2188 me
1163 2162 1353 2190 venturum
1377 2163 1490 2198 esset,
1527 2163 1650 2203 aperte
1674 2170 1779 2192 men-

337 2205 447 2237 titur:
480 2215 588 2249 quem
622 2203 692 2236 hoc
718 2204 835 2248 ipsum
871 2204 1017 2236 mentiri
1051 2204 1247 2237 certissima
1284 2204 1347 2236 illa
1372 2205 1540 2248 probatio
1567 2210 1643 2245 est,
1678 2205 1778 2251 quod

337 2251 447 2284 toties
482 2252 591 2284 etiam
626 2250 665 2283 in
694 2250 774 2283 aliis
811 2251 958 2283 mentiri
995 2251 1189 2283 consuevit.
1252 2251 1419 2296 Inprimis
1452 2256 1573 2284 autem
1607 2257 1644 2285 et
1673 2253 1779 2286 Anna

336 2297 571 2340 imperatrix,
598 2306 722 2329 eorum
748 2298 909 2330 omnium
934 2296 1023 2342 mihi
1052 2297 1217 2337 conscia,
1255 2299 1400 2331 veritati
1429 2298 1675 2334 testimonium
1709 2300 1781 2332 im-

336 2344 480 2388 pertiet.
529 2343 611 2376 Non
635 2344 731 2375 enim
760 2344 877 2376 minus
903 2344 965 2376 illa
990 2354 1070 2383 me,
1111 2354 1215 2389 quam
1243 2344 1456 2390 imperator,
1488 2347 1700 2386 commovit,
1737 2350 1778 2379 ut

339 2390 541 2423 deliberata
567 2391 605 2422 in
630 2389 731 2421 aliud
757 2394 899 2434 tempus
926 2390 1117 2423 differrem.
1166 2390 1247 2423 Non
1272 2401 1355 2436 ego,
1384 2396 1423 2423 ut
1446 2391 1511 2425 ille
1534 2391 1690 2425 mendax
1712 2393 1782 2432 aits

337 2443 425 2471 tunc
456 2437 502 2470 ad
527 2435 718 2470 monachos
745 2435 784 2468 in
822 2436 915 2471 Atho
943 2442 1066 2470 monte
1092 2436 1263 2477 discessi,
1299 2443 1339 2471 ut
1375 2438 1518 2472 tuturos
1554 2443 1701 2472 eventus
1732 2450 1777 2472 ex

340 2495 463 2518 eorum
499 2482 811 2528 praedictionibus
846 2483 1037 2523 elicerem,
1080 2484 1144 2516 sed
1176 2490 1259 2517 ante
1294 2485 1435 2524 omnia,
1473 2491 1514 2519 ut
1550 2484 1777 2530 imperatoris

338 2530 611 2571 valetudinem,
649 2541 719 2574 qua
743 2530 782 2562 in
808 2531 883 2562 vita
908 2529 1002 2562 nihil
1026 2529 1206 2563 habebam
1240 2531 1369 2564 melius
1403 2541 1445 2564 ae
1471 2532 1685 2576 pretiosius,
1713 2543 1778 2566 eo-

338 2587 418 2610 rum
451 2577 544 2610 votis
579 2575 820 2621 precibusque
845 2576 1140 2609 commendarem.
1191 2578 1279 2610 Item
1296 2602 1305 2617 ‚
1338 2581 1378 2609 ut
1406 2578 1602 2610 eorundem
1629 2589 1693 2623 pro
1718 2588 1778 2611 me

341 2623 626 2669 supplicationes
654 2623 893 2666 impetrarem,
920 2623 1002 2667 qui,
1027 2623 1126 2668 quod
1151 2625 1260 2657 toties
1282 2625 1396 2657 Deum
1426 2624 1670 2662 offendissem.v
1693 2635 1783 2669 per-

342 2675 566 2715 petratorum
597 2669 775 2714 supplicia
808 2674 890 2714 post
925 2669 1064 2702 obitum
1096 2671 1228 2703 luenda
1253 2671 1554 2714 pertimescerem.
1603 2672 1657 2704 Ad
1688 2671 1779 2706 haec

340 2728 421 2751 cum
445 2719 567 2750 animo
604 2716 768 2756 sederet,
809 2721 892 2760 post
929 2715 1106 2749 humanae
1141 2717 1295 2761 gloriae,
1332 2717 1518 2750 felicitatis
1554 2728 1596 2752 ac
1628 2718 1782 2754 delicia:-

340 2775 421 2799 rum
454 2766 660 2798 satietatem
687 2775 708 2797 a
732 2762 948 2797 tumultibus
987 2763 1175 2806 recedere,
1210 2769 1393 2808 praestare
1431 2765 1632 2810 cogitabam
1667 2764 1779 2799 alicui
