<?xml version="1.0" encoding="UTF-8"?>
<!DOCTYPE html PUBLIC "-//W3C//DTD XHTML 1.0 Transitional//EN"
    "http://www.w3.org/TR/xhtml1/DTD/xhtml1-transitional.dtd">
<html xmlns="http://www.w3.org/1999/xhtml" xml:lang="en" lang="en">
 <head>
  <title>
</title>
<meta http-equiv="Content-Type" content="text/html;charset=utf-8" />
  <meta name='ocr-system' content='tesseract 3.04.00' />
  <meta name='ocr-capabilities' content='ocr_page ocr_carea ocr_par ocr_line ocrx_word'/>
</head>
<body>
  <div class='ocr_page' id='page_1' title='image "./corpusscriptorum25niebuoft_0439.png"; bbox 0 0 1794 3158; ppageno 0'>
   <div class='ocr_carea' id='block_1_1' title="bbox 402 135 1486 209">
    <p class='ocr_par' dir='ltr' id='par_1_1' title="bbox 402 135 1486 209">
     <span class='ocr_line' id='line_1_1' title="bbox 402 135 1486 209; baseline -0.001 -19"><span class='ocrx_word' id='word_1_1' title='bbox 402 150 474 191; x_wconf 81' lang='lat' dir='ltr'><em>An</em></span> <span class='ocrx_word' id='word_1_2' title='bbox 515 150 886 193; x_wconf 69' lang='lat' dir='ltr'><em>CANTAcnzmi</em></span> <span class='ocrx_word' id='word_1_3' title='bbox 934 152 1032 192; x_wconf 76' lang='lat' dir='ltr'><em>Lm.</em></span> <span class='ocrx_word' id='word_1_4' title='bbox 1073 154 1106 192; x_wconf 75' lang='grc' dir='ltr'><em>ι.</em></span> <span class='ocrx_word' id='word_1_5' title='bbox 1371 135 1486 209; x_wconf 71' lang='lat'><em>429</em></span> 
     </span>
    </p>
   </div>
   <div class='ocr_carea' id='block_1_2' title="bbox 0 0 28 2590">
    <p class='ocr_par' dir='ltr' id='par_1_2' title="bbox 0 0 28 2590">
     <span class='ocr_line' id='line_1_2' title="bbox 0 0 28 403; baseline 0 0"><span class='ocrx_word' id='word_1_6' title='bbox 0 0 28 403; x_wconf 95' lang='lat' dir='ltr'><em>  </em></span> 
     </span>
     <span class='ocr_line' id='line_1_3' title="bbox 0 403 28 1932; baseline 0 -441"><span class='ocrx_word' id='word_1_7' title='bbox 0 403 28 1932; x_wconf 95' lang='lat' dir='ltr'><em>   </em></span> 
     </span>
     <span class='ocr_line' id='line_1_4' title="bbox 0 2151 28 2590; baseline 0.321 -111"><span class='ocrx_word' id='word_1_8' title='bbox 0 2151 28 2590; x_wconf 95' lang='lat' dir='ltr'><em>          </em></span> 
     </span>
    </p>
   </div>
   <div class='ocr_carea' id='block_1_3' title="bbox 26 251 1536 2785">
    <p class='ocr_par' dir='ltr' id='par_1_3' title="bbox 26 251 1536 2785">
     <span class='ocr_line' id='line_1_5' title="bbox 46 251 1483 308; baseline 0.001 -16"><span class='ocrx_word' id='word_1_9' title='bbox 46 253 180 308; x_wconf 79' lang='lat' dir='ltr'><em>ut&#39;qui</em></span> <span class='ocrx_word' id='word_1_10' title='bbox 206 253 481 292; x_wconf 82' lang='lat' dir='ltr'><em>inanimatam</em></span> <span class='ocrx_word' id='word_1_11' title='bbox 511 252 800 307; x_wconf 73' lang='lat' dir='ltr'><em>subiectamque</em></span> <span class='ocrx_word' id='word_1_12' title='bbox 821 253 1038 291; x_wconf 83' lang='lat' dir='ltr'><em>materiam</em></span> <span class='ocrx_word' id='word_1_13' title='bbox 1064 251 1148 290; x_wconf 83' lang='lat' dir='ltr'><em>Dei</em></span> <span class='ocrx_word' id='word_1_14' title='bbox 1167 252 1483 308; x_wconf 71' lang='lat' dir='ltr'><em>imaginisprae-</em></span> 
     </span>
     <span class='ocr_line' id='line_1_6' title="bbox 26 307 1484 362; baseline 0.001 -16"><span class='ocrx_word' id='word_1_15' title='bbox 26 309 190 360; x_wconf 65' lang='lat' dir='ltr'><em>strant.</em></span> <span class='ocrx_word' id='word_1_16' title='bbox 244 307 294 346; x_wconf 88' lang='lat' dir='ltr'><em>Si</em></span> <span class='ocrx_word' id='word_1_17' title='bbox 314 308 400 362; x_wconf 81' lang='lat' dir='ltr'><em>quis</em></span> <span class='ocrx_word' id='word_1_18' title='bbox 430 316 565 346; x_wconf 85' lang='lat' dir='ltr'><em>autem</em></span> <span class='ocrx_word' id='word_1_19' title='bbox 594 307 848 362; x_wconf 76' lang='lat' dir='ltr'><em>deprehensus</em></span> <span class='ocrx_word' id='word_1_20' title='bbox 852 308 1002 358; x_wconf 84' lang='lat' dir='ltr'><em>suerit,</em></span> <span class='ocrx_word' id='word_1_21' title='bbox 1030 308 1343 347; x_wconf 84' lang='lat' dir='ltr'><em>immaculatam</em></span> <span class='ocrx_word' id='word_1_22' title='bbox 1373 322 1484 348; x_wconf 85' lang='lat' dir='ltr'><em>com-</em></span> 
     </span>
     <span class='ocr_line' id='line_1_7' title="bbox 42 363 1485 418; baseline 0.001 -17"><span class='ocrx_word' id='word_1_23' title='bbox 42 369 262 401; x_wconf 79' lang='lat' dir='ltr'><em>munionem</em></span> <span class='ocrx_word' id='word_1_24' title='bbox 292 364 347 401; x_wconf 79' lang='lat' dir='ltr'><em>eis</em></span> <span class='ocrx_word' id='word_1_25' title='bbox 375 363 622 417; x_wconf 80' lang='lat' dir='ltr'><em>impartiens,</em></span> <span class='ocrx_word' id='word_1_26' title='bbox 655 371 693 401; x_wconf 89' lang='lat' dir='ltr'><em>et</em></span> <span class='ocrx_word' id='word_1_27' title='bbox 723 363 806 416; x_wconf 81' lang='lat' dir='ltr'><em>ipse</em></span> <span class='ocrx_word' id='word_1_28' title='bbox 841 371 1078 413; x_wconf 80' lang='lat' dir='ltr'><strong><em>segregetur,</em></strong></span> <span class='ocrx_word' id='word_1_29' title='bbox 1116 371 1154 401; x_wconf 88' lang='lat' dir='ltr'><em>et</em></span> <span class='ocrx_word' id='word_1_30' title='bbox 1178 363 1212 401; x_wconf 84' lang='lat' dir='ltr'><em>is</em></span> <span class='ocrx_word' id='word_1_31' title='bbox 1231 365 1302 418; x_wconf 88' lang='lat' dir='ltr'><em>qui</em></span> <span class='ocrx_word' id='word_1_32' title='bbox 1334 363 1485 414; x_wconf 69' lang='lat' dir='ltr'><em>adfert.</em></span> 
     </span>
     <span class='ocr_line' id='line_1_8' title="bbox 43 416 1482 467; baseline 0.002 -12"><span class='ocrx_word' id='word_1_33' title='bbox 43 417 176 467; x_wconf 85' lang='lat' dir='ltr'><em>Quem</em></span> <span class='ocrx_word' id='word_1_34' title='bbox 203 431 396 457; x_wconf 89' lang='lat' dir='ltr'><em>canonem</em></span> <span class='ocrx_word' id='word_1_35' title='bbox 439 417 653 457; x_wconf 89' lang='lat' dir='ltr'><em>Balsamon</em></span> <span class='ocrx_word' id='word_1_36' title='bbox 683 416 842 456; x_wconf 83' lang='lat' dir='ltr'><em>scholiis</em></span> <span class='ocrx_word' id='word_1_37' title='bbox 884 416 1086 457; x_wconf 88' lang='lat' dir='ltr'><em>illustrans</em></span> <span class='ocrx_word' id='word_1_38' title='bbox 1116 418 1299 457; x_wconf 90' lang='lat' dir='ltr'><em>eumdem</em></span> <span class='ocrx_word' id='word_1_39' title='bbox 1327 433 1482 458; x_wconf 89' lang='lat' dir='ltr'><em>morem</em></span> 
     </span>
     <span class='ocr_line' id='line_1_9' title="bbox 42 470 1483 524; baseline 0.001 -11"><span class='ocrx_word' id='word_1_40' title='bbox 42 471 187 513; x_wconf 72' lang='lat' dir='ltr'><em>firmat.</em></span> <span class='ocrx_word' id='word_1_41' title='bbox 231 473 320 512; x_wconf 82' lang='lat' dir='ltr'><em>Etsi</em></span> <span class='ocrx_word' id='word_1_42' title='bbox 347 472 513 523; x_wconf 89' lang='lat' dir='ltr'><em>indicat,</em></span> <span class='ocrx_word' id='word_1_43' title='bbox 538 486 610 512; x_wconf 89' lang='lat' dir='ltr'><em>sua</em></span> <span class='ocrx_word' id='word_1_44' title='bbox 629 478 756 512; x_wconf 89' lang='lat' dir='ltr'><em>aetate</em></span> <span class='ocrx_word' id='word_1_45' title='bbox 787 470 987 524; x_wconf 84' lang='lat' dir='ltr'><em>aliquibus</em></span> <span class='ocrx_word' id='word_1_46' title='bbox 1007 472 1193 523; x_wconf 86' lang='lat' dir='ltr'><em>ecclesiis,</em></span> <span class='ocrx_word' id='word_1_47' title='bbox 1215 474 1483 524; x_wconf 81' lang='lat' dir='ltr'><em>(Graecanicis</em></span> 
     </span>
     <span class='ocr_line' id='line_1_10' title="bbox 39 526 1482 581; baseline 0.003 -16"><span class='ocrx_word' id='word_1_48' title='bbox 39 526 240 575; x_wconf 76' lang='lat' dir='ltr'><em>videlicet,</em></span> <span class='ocrx_word' id='word_1_49' title='bbox 271 528 322 566; x_wconf 91' lang='lat' dir='ltr'><em>de</em></span> <span class='ocrx_word' id='word_1_50' title='bbox 347 527 410 568; x_wconf 87' lang='lat' dir='ltr'><em>his</em></span> <span class='ocrx_word' id='word_1_51' title='bbox 430 529 536 566; x_wconf 88' lang='lat' dir='ltr'><em>enim</em></span> <span class='ocrx_word' id='word_1_52' title='bbox 565 527 676 581; x_wconf 86' lang='lat' dir='ltr'><em>loqui</em></span> <span class='ocrx_word' id='word_1_53' title='bbox 702 526 891 576; x_wconf 85' lang='lat' dir='ltr'><em>videtur‚)</em></span> <span class='ocrx_word' id='word_1_54' title='bbox 908 526 1032 566; x_wconf 86' lang='lat' dir='ltr'><em>alium</em></span> <span class='ocrx_word' id='word_1_55' title='bbox 1052 542 1169 567; x_wconf 86' lang='lat' dir='ltr'><em>usum</em></span> <span class='ocrx_word' id='word_1_56' title='bbox 1192 527 1314 568; x_wconf 85' lang='lat' dir='ltr'><em>fuisse</em></span> <span class='ocrx_word' id='word_1_57' title='bbox 1331 530 1372 567; x_wconf 88' lang='lat' dir='ltr'><em>in</em></span> <span class='ocrx_word' id='word_1_58' title='bbox 1389 543 1482 570; x_wconf 87' lang='lat' dir='ltr'><em>usu.</em></span> 
     </span>
     <span class='ocr_line' id='line_1_11' title="bbox 39 580 1536 636; baseline 0.003 -16"><span class='ocrx_word' id='word_1_59' title='bbox 39 580 125 621; x_wconf 76' lang='lat' dir='ltr'><em>Nec</em></span> <span class='ocrx_word' id='word_1_60' title='bbox 153 584 246 622; x_wconf 87' lang='lat' dir='ltr'><em>satis</em></span> <span class='ocrx_word' id='word_1_61' title='bbox 274 582 372 621; x_wconf 88' lang='lat' dir='ltr'><em>mihi</em></span> <span class='ocrx_word' id='word_1_62' title='bbox 400 589 666 636; x_wconf 83' lang='lat' dir='ltr'><em>compertum,</em></span> <span class='ocrx_word' id='word_1_63' title='bbox 702 597 751 621; x_wconf 82' lang='lat' dir='ltr'><em>an</em></span> <span class='ocrx_word' id='word_1_64' title='bbox 783 588 823 621; x_wconf 91' lang='lat' dir='ltr'><em>et</em></span> <span class='ocrx_word' id='word_1_65' title='bbox 847 581 967 620; x_wconf 89' lang='lat' dir='ltr'><em>hodie</em></span> <span class='ocrx_word' id='word_1_66' title='bbox 996 583 1134 622; x_wconf 88' lang='lat' dir='ltr'><em>eadem</em></span> <span class='ocrx_word' id='word_1_67' title='bbox 1165 584 1412 623; x_wconf 86' lang='lat' dir='ltr'><em>consuetudo</em></span> <span class='ocrx_word' id='word_1_68' title='bbox 1438 587 1483 625; x_wconf 89' lang='lat' dir='ltr'><em>in</em></span> <span class='ocrx_word' id='word_1_69' title='bbox 1533 603 1536 607; x_wconf 66' lang='lat'><strong><em>¹</em></strong></span> 
     </span>
     <span class='ocr_line' id='line_1_12' title="bbox 41 636 1483 693; baseline 0.003 -19"><span class='ocrx_word' id='word_1_70' title='bbox 41 636 208 676; x_wconf 81' lang='lat' dir='ltr'><em>Graecia</em></span> <span class='ocrx_word' id='word_1_71' title='bbox 235 645 474 690; x_wconf 86' lang='lat' dir='ltr'><em>perseveret.</em></span> <span class='ocrx_word' id='word_1_72' title='bbox 522 638 645 690; x_wconf 87' lang='lat' dir='ltr'>Apud</span> <span class='ocrx_word' id='word_1_73' title='bbox 667 637 835 676; x_wconf 87' lang='lat' dir='ltr'><em>Latinos</em></span> <span class='ocrx_word' id='word_1_74' title='bbox 860 644 966 675; x_wconf 88' lang='lat' dir='ltr'><em>certe</em></span> <span class='ocrx_word' id='word_1_75' title='bbox 984 636 1114 683; x_wconf 85' lang='lat' dir='ltr'><em>desiit,</em></span> <span class='ocrx_word' id='word_1_76' title='bbox 1136 641 1483 693; x_wconf 78' lang='lat' dir='ltr'><em>proscriptacirca</em></span> 
     </span>
     <span class='ocr_line' id='line_1_13' title="bbox 37 690 1480 746; baseline 0.003 -16"><span class='ocrx_word' id='word_1_77' title='bbox 37 697 219 745; x_wconf 71' lang='lat' dir='ltr'><em>tempora</em></span> <span class='ocrx_word' id='word_1_78' title='bbox 237 693 472 732; x_wconf 85' lang='lat' dir='ltr'><em>Hormisdae</em></span> <span class='ocrx_word' id='word_1_79' title='bbox 490 707 615 746; x_wconf 87' lang='lat' dir='ltr'><em>papae</em></span> <span class='ocrx_word' id='word_1_80' title='bbox 635 692 711 731; x_wconf 89' lang='lat' dir='ltr'><em>hoc</em></span> <span class='ocrx_word' id='word_1_81' title='bbox 743 690 900 731; x_wconf 87' lang='lat' dir='ltr'><em>concilii</em></span> <span class='ocrx_word' id='word_1_82' title='bbox 919 691 1273 746; x_wconf 75' lang='lat' dir='ltr'><em>Caesaraugustam</em></span> <span class='ocrx_word' id='word_1_83' title='bbox 1294 695 1480 735; x_wconf 83' lang='lat' dir='ltr'><em>decreto:</em></span> 
     </span>
     <span class='ocr_line' id='line_1_14' title="bbox 37 746 1480 802; baseline 0.003 -17"><span class='ocrx_word' id='word_1_84' title='bbox 37 746 324 787; x_wconf 67' lang='lat' dir='ltr'><em>Eucharistiae</em></span> <span class='ocrx_word' id='word_1_85' title='bbox 336 750 517 800; x_wconf 79' lang='lat' dir='ltr'><em>gratiam</em></span> <span class='ocrx_word' id='word_1_86' title='bbox 549 749 586 786; x_wconf 83' lang='lat' dir='ltr'><em>si</em></span> <span class='ocrx_word' id='word_1_87' title='bbox 620 748 707 802; x_wconf 77' lang='lat' dir='ltr'><em>quis</em></span> <span class='ocrx_word' id='word_1_88' title='bbox 729 748 930 802; x_wconf 84' lang='lat' dir='ltr'><em>probatur</em></span> <span class='ocrx_word' id='word_1_89' title='bbox 951 757 1165 802; x_wconf 82' lang='lat' dir='ltr'><em>acceptam</em></span> <span class='ocrx_word' id='word_1_90' title='bbox 1198 763 1277 788; x_wconf 88' lang='lat' dir='ltr'><em>non</em></span> <span class='ocrx_word' id='word_1_91' title='bbox 1298 763 1480 790; x_wconf 78' lang='lat' dir='ltr'><em>consum-</em></span> 
     </span>
     <span class='ocr_line' id='line_1_15' title="bbox 31 803 1476 858; baseline 0.003 -18"><span class='ocrx_word' id='word_1_92' title='bbox 31 803 156 855; x_wconf 79' lang='lat' dir='ltr'><em>psisse</em></span> <span class='ocrx_word' id='word_1_93' title='bbox 184 804 229 841; x_wconf 83' lang='lat' dir='ltr'><em>in</em></span> <span class='ocrx_word' id='word_1_94' title='bbox 262 804 457 851; x_wconf 77' lang='lat' dir='ltr'><em>ecclesia,</em></span> <span class='ocrx_word' id='word_1_95' title='bbox 495 803 718 843; x_wconf 83' lang='lat' dir='ltr'><em>anathema</em></span> <span class='ocrx_word' id='word_1_96' title='bbox 751 804 803 841; x_wconf 81' lang='lat' dir='ltr'><em>sit</em></span> <span class='ocrx_word' id='word_1_97' title='bbox 836 804 883 841; x_wconf 86' lang='lat' dir='ltr'><em>in·</em></span> <span class='ocrx_word' id='word_1_98' title='bbox 901 811 1149 858; x_wconf 84' lang='lat' dir='ltr'><em>perpetuum.</em></span> <span class='ocrx_word' id='word_1_99' title='bbox 1177 803 1298 854; x_wconf 89' lang='lat' dir='ltr'><em>Quod</em></span> <span class='ocrx_word' id='word_1_100' title='bbox 1336 812 1476 857; x_wconf 81' lang='lat' dir='ltr'><em>postea</em></span> 
     </span>
     <span class='ocr_line' id='line_1_16' title="bbox 37 857 1479 912; baseline 0.003 -17"><span class='ocrx_word' id='word_1_101' title='bbox 37 857 324 910; x_wconf 76' lang='lat' dir='ltr'><em>approbatione</em></span> <span class='ocrx_word' id='word_1_102' title='bbox 350 860 532 897; x_wconf 86' lang='lat' dir='ltr'><em>omnium</em></span> <span class='ocrx_word' id='word_1_103' title='bbox 559 865 788 910; x_wconf 86' lang='lat' dir='ltr'><em>receptum,</em></span> <span class='ocrx_word' id='word_1_104' title='bbox 815 859 897 897; x_wconf 86' lang='lat' dir='ltr'><em>vim</em></span> <span class='ocrx_word' id='word_1_105' title='bbox 925 859 1128 911; x_wconf 86' lang='lat' dir='ltr'><strong>roburque</strong></span> <span class='ocrx_word' id='word_1_106' title='bbox 1155 858 1253 912; x_wconf 84' lang='lat' dir='ltr'><em>legis</em></span> <span class='ocrx_word' id='word_1_107' title='bbox 1284 860 1479 912; x_wconf 83' lang='lat' dir='ltr'><em>generalis</em></span> 
     </span>
     <span class='ocr_line' id='line_1_17' title="bbox 37 912 1481 965; baseline 0.003 -15"><span class='ocrx_word' id='word_1_108' title='bbox 37 912 266 965; x_wconf 76' lang='lat' dir='ltr'><em>adquisivit.</em></span> <span class='ocrx_word' id='word_1_109' title='bbox 295 913 374 952; x_wconf 88' lang='lat' dir='ltr'><em>Nec</em></span> <span class='ocrx_word' id='word_1_110' title='bbox 403 915 534 953; x_wconf 89' lang='lat' dir='ltr'><em>minus</em></span> <span class='ocrx_word' id='word_1_111' title='bbox 563 913 732 952; x_wconf 87' lang='lat' dir='ltr'>exolevit</span> <span class='ocrx_word' id='word_1_112' title='bbox 759 927 845 952; x_wconf 92' lang='lat' dir='ltr'><em>mos</em></span> <span class='ocrx_word' id='word_1_113' title='bbox 874 912 974 952; x_wconf 88' lang='lat' dir='ltr'><em>alter</em></span> <span class='ocrx_word' id='word_1_114' title='bbox 999 913 1053 951; x_wconf 98' lang='grc'><em>01)</em></span> <span class='ocrx_word' id='word_1_115' title='bbox 1081 914 1345 953; x_wconf 88' lang='lat' dir='ltr'><em>reverentiam</em></span> <span class='ocrx_word' id='word_1_116' title='bbox 1365 921 1481 955; x_wconf 88' lang='lat' dir='ltr'><em>tanto</em></span> 
     </span>
     <span class='ocr_line' id='line_1_18' title="bbox 36 968 1486 1019; baseline 0.001 -13"><span class='ocrx_word' id='word_1_117' title='bbox 36 975 283 1007; x_wconf 77' lang='lat' dir='ltr'><em>sacramento</em></span> <span class='ocrx_word' id='word_1_118' title='bbox 315 968 505 1007; x_wconf 83' lang='lat' dir='ltr'><em>debitam.</em></span> <span class='ocrx_word' id='word_1_119' title='bbox 549 968 633 1008; x_wconf 89' lang='lat' dir='ltr'><em>Par</em></span> <span class='ocrx_word' id='word_1_120' title='bbox 663 970 770 1007; x_wconf 89' lang='lat' dir='ltr'><em>enim</em></span> <span class='ocrx_word' id='word_1_121' title='bbox 799 974 873 1019; x_wconf 88' lang='lat' dir='ltr'><em>est,</em></span> <span class='ocrx_word' id='word_1_122' title='bbox 902 975 948 1007; x_wconf 91' lang='lat' dir='ltr'><em>ut</em></span> <span class='ocrx_word' id='word_1_123' title='bbox 965 982 1028 1007; x_wconf 89' lang='lat' dir='ltr'><em>res</em></span> <span class='ocrx_word' id='word_1_124' title='bbox 1049 970 1228 1008; x_wconf 91' lang='lat' dir='ltr'><em>omnium</em></span> <span class='ocrx_word' id='word_1_125' title='bbox 1261 972 1486 1010; x_wconf 74' lang='lat' dir='ltr'><em>sacratissi--v</em></span> 
     </span>
     <span class='ocr_line' id='line_1_19' title="bbox 35 1023 1479 1078; baseline 0.002 -16"><span class='ocrx_word' id='word_1_126' title='bbox 35 1034 102 1062; x_wconf 80' lang='lat' dir='ltr'><em>ma</em></span> <span class='ocrx_word' id='word_1_127' title='bbox 133 1037 216 1063; x_wconf 90' lang='lat' dir='ltr'><em>non</em></span> <span class='ocrx_word' id='word_1_128' title='bbox 246 1024 323 1063; x_wconf 87' lang='lat' dir='ltr'><em>nisi</em></span> <span class='ocrx_word' id='word_1_129' title='bbox 353 1023 592 1063; x_wconf 86' lang='lat' dir='ltr'><em>consecratis</em></span> <span class='ocrx_word' id='word_1_130' title='bbox 632 1024 818 1063; x_wconf 90' lang='lat' dir='ltr'><em>manibus</em></span> <span class='ocrx_word' id='word_1_131' title='bbox 845 1025 1088 1078; x_wconf 81' lang='lat' dir='ltr'><em>attingatur,</em></span> <span class='ocrx_word' id='word_1_132' title='bbox 1116 1024 1209 1063; x_wconf 90' lang='lat' dir='ltr'><em>licet</em></span> <span class='ocrx_word' id='word_1_133' title='bbox 1235 1025 1379 1064; x_wconf 87' lang='lat' dir='ltr'><em>Latina</em></span> <span class='ocrx_word' id='word_1_134' title='bbox 1412 1040 1479 1066; x_wconf 90' lang='lat' dir='ltr'><em>ec-</em></span> 
     </span>
     <span class='ocr_line' id='line_1_20' title="bbox 35 1076 1479 1120; baseline 0.003 -4"><span class='ocrx_word' id='word_1_135' title='bbox 35 1076 155 1117; x_wconf 76' lang='lat' dir='ltr'><em>elesia</em></span> <span class='ocrx_word' id='word_1_136' title='bbox 181 1077 335 1118; x_wconf 88' lang='lat' dir='ltr'><em>nullam</em></span> <span class='ocrx_word' id='word_1_137' title='bbox 363 1078 475 1118; x_wconf 87' lang='lat' dir='ltr'><em>litem</em></span> <span class='ocrx_word' id='word_1_138' title='bbox 504 1080 680 1118; x_wconf 82' lang='lat' dir='ltr'><em>Graecae</em></span> <span class='ocrx_word' id='word_1_139' title='bbox 706 1079 760 1118; x_wconf 94' lang='lat' dir='ltr'><em>ob</em></span> <span class='ocrx_word' id='word_1_140' title='bbox 780 1081 1022 1118; x_wconf 86' lang='lat' dir='ltr'><em>contrariam</em></span> <span class='ocrx_word' id='word_1_141' title='bbox 1049 1080 1379 1119; x_wconf 87' lang='lat' dir='ltr'><em>consuetudinem</em></span> <span class='ocrx_word' id='word_1_142' title='bbox 1397 1095 1479 1120; x_wconf 89' lang='lat' dir='ltr'><em>mo-</em></span> 
     </span>
     <span class='ocr_line' id='line_1_21' title="bbox 35 1134 1480 1188; baseline 0.003 -17"><span class='ocrx_word' id='word_1_143' title='bbox 35 1135 153 1180; x_wconf 85' lang='lat' dir='ltr'><em>verit,</em></span> <span class='ocrx_word' id='word_1_144' title='bbox 181 1145 228 1173; x_wconf 83' lang='lat' dir='ltr'><em>ut</em></span> <span class='ocrx_word' id='word_1_145' title='bbox 254 1148 329 1173; x_wconf 91' lang='lat' dir='ltr'><em>nec</em></span> <span class='ocrx_word' id='word_1_146' title='bbox 357 1135 511 1174; x_wconf 88' lang='lat' dir='ltr'><em>Graeca</em></span> <span class='ocrx_word' id='word_1_147' title='bbox 540 1135 718 1177; x_wconf 82' lang='lat' dir='ltr'><em>Latinae.</em></span> <span class='ocrx_word' id='word_1_148' title='bbox 777 1135 868 1173; x_wconf 89' lang='lat' dir='ltr'><em>Huc</em></span> <span class='ocrx_word' id='word_1_149' title='bbox 897 1135 1004 1173; x_wconf 87' lang='lat' dir='ltr'><em>enim</em></span> <span class='ocrx_word' id='word_1_150' title='bbox 1035 1134 1100 1174; x_wconf 84' lang='lat' dir='ltr'><em>vel</em></span> <span class='ocrx_word' id='word_1_151' title='bbox 1130 1137 1301 1174; x_wconf 85' lang='lat' dir='ltr'><em>maxime</em></span> <span class='ocrx_word' id='word_1_152' title='bbox 1328 1143 1480 1188; x_wconf 85' lang='lat' dir='ltr'><em>spectat</em></span> 
     </span>
     <span class='ocr_line' id='line_1_22' title="bbox 34 1188 1482 1242; baseline 0.002 -15"><span class='ocrx_word' id='word_1_153' title='bbox 34 1188 242 1240; x_wconf 81' lang='lat' dir='ltr'><em>praeclara</em></span> <span class='ocrx_word' id='word_1_154' title='bbox 272 1188 338 1228; x_wconf 88' lang='lat' dir='ltr'><em>illa</em></span> <span class='ocrx_word' id='word_1_155' title='bbox 367 1190 450 1228; x_wconf 90' lang='lat' dir='ltr'><em>divi</em></span> <span class='ocrx_word' id='word_1_156' title='bbox 478 1190 694 1237; x_wconf 79' lang='lat' dir='ltr'><em>Augustini</em></span> <span class='ocrx_word' id='word_1_157' title='bbox 722 1189 959 1241; x_wconf 88' lang='lat' dir='ltr'><em>admonitio,</em></span> <span class='ocrx_word' id='word_1_158' title='bbox 989 1190 1102 1242; x_wconf 88' lang='lat' dir='ltr'><em>epist.</em></span> <span class='ocrx_word' id='word_1_159' title='bbox 1140 1189 1224 1230; x_wconf 81' lang='lat'>118.</span> <span class='ocrx_word' id='word_1_160' title='bbox 1250 1190 1303 1229; x_wconf 85' lang='lat' dir='ltr'><em>ad</em></span> <span class='ocrx_word' id='word_1_161' title='bbox 1331 1191 1482 1231; x_wconf 85' lang='lat' dir='ltr'><em>lanua-.</em></span> 
     </span>
     <span class='ocr_line' id='line_1_23' title="bbox 33 1244 1482 1302; baseline 0.001 -20"><span class='ocrx_word' id='word_1_162' title='bbox 33 1245 173 1283; x_wconf 85' lang='lat' dir='ltr'><em>rium:</em></span> <span class='ocrx_word' id='word_1_163' title='bbox 222 1244 372 1283; x_wconf 81' lang='lat' dir='ltr'><em>Faciat</em></span> <span class='ocrx_word' id='word_1_164' title='bbox 409 1246 678 1300; x_wconf 77' lang='lat' dir='ltr'><em>unusquisque,</em></span> <span class='ocrx_word' id='word_1_165' title='bbox 718 1245 830 1299; x_wconf 83' lang='lat' dir='ltr'><em>quod</em></span> <span class='ocrx_word' id='word_1_166' title='bbox 853 1244 1064 1284; x_wconf 79' lang='lat' dir='ltr'><em>secundum</em></span> <span class='ocrx_word' id='word_1_167' title='bbox 1087 1244 1224 1300; x_wconf 83' lang='lat' dir='ltr'><em>fidem</em></span> <span class='ocrx_word' id='word_1_168' title='bbox 1259 1259 1377 1285; x_wconf 79' lang='lat' dir='ltr'><em>suam</em></span> <span class='ocrx_word' id='word_1_169' title='bbox 1405 1249 1482 1302; x_wconf 87' lang='lat' dir='ltr'><em>pie.</em></span> 
     </span>
     <span class='ocr_line' id='line_1_24' title="bbox 34 1299 1478 1356; baseline 0.001 -18"><span class='ocrx_word' id='word_1_170' title='bbox 34 1299 163 1338; x_wconf 84' lang='lat' dir='ltr'><em>credit</em></span> <span class='ocrx_word' id='word_1_171' title='bbox 196 1314 275 1338; x_wconf 80' lang='lat' dir='ltr'><em>esse</em></span> <span class='ocrx_word' id='word_1_172' title='bbox 286 1300 553 1350; x_wconf 81' lang='lat' dir='ltr'><em>faciendum.</em></span> <span class='ocrx_word' id='word_1_173' title='bbox 610 1301 760 1339; x_wconf 86' lang='lat' dir='ltr'><em>Neuter</em></span> <span class='ocrx_word' id='word_1_174' title='bbox 783 1301 888 1338; x_wconf 85' lang='lat' dir='ltr'><em>enim</em></span> <span class='ocrx_word' id='word_1_175' title='bbox 913 1313 1048 1338; x_wconf 84' lang='lat' dir='ltr'><em>eorum</em></span> <span class='ocrx_word' id='word_1_176' title='bbox 1087 1302 1309 1339; x_wconf 76' lang='lat' dir='ltr'><em>exhonorat</em></span> <span class='ocrx_word' id='word_1_177' title='bbox 1336 1314 1478 1356; x_wconf 75' lang='lat' dir='ltr'><em>corpus</em></span> 
     </span>
     <span class='ocr_line' id='line_1_25' title="bbox 33 1353 1476 1406; baseline 0.003 -14"><span class='ocrx_word' id='word_1_178' title='bbox 33 1363 74 1392; x_wconf 87' lang='lat' dir='ltr'><em>ct</em></span> <span class='ocrx_word' id='word_1_179' title='bbox 107 1357 339 1406; x_wconf 78' lang='lat' dir='ltr'><em>sanguinem</em></span> <span class='ocrx_word' id='word_1_180' title='bbox 380 1353 564 1403; x_wconf 85' lang='lat' dir='ltr'><em>Domini,</em></span> <span class='ocrx_word' id='word_1_181' title='bbox 604 1355 640 1393; x_wconf 85' lang='lat' dir='ltr'><em>si</em></span> <span class='ocrx_word' id='word_1_182' title='bbox 672 1354 979 1393; x_wconf 80' lang='lat' dir='ltr'><em>saluberrimum</em></span> <span class='ocrx_word' id='word_1_183' title='bbox 1016 1364 1319 1394; x_wconf 79' lang='lat' dir='ltr'><em>sacramentum</em></span> <span class='ocrx_word' id='word_1_184' title='bbox 1348 1366 1476 1396; x_wconf 89' lang='lat' dir='ltr'><em>certa-</em></span> 
     </span>
     <span class='ocr_line' id='line_1_26' title="bbox 28 1409 1479 1464; baseline 0.001 -14"><span class='ocrx_word' id='word_1_185' title='bbox 28 1409 102 1450; x_wconf 70' lang='lat' dir='ltr'><em>tim</em></span> <span class='ocrx_word' id='word_1_186' title='bbox 127 1410 322 1449; x_wconf 79' lang='lat' dir='ltr'><em>honorare</em></span> <span class='ocrx_word' id='word_1_187' title='bbox 355 1410 613 1459; x_wconf 84' lang='lat' dir='ltr'><em>contendunt;</em></span> <span class='ocrx_word' id='word_1_188' title='bbox 642 1423 762 1464; x_wconf 83' lang='lat' dir='ltr'><em>neque</em></span> <span class='ocrx_word' id='word_1_189' title='bbox 776 1410 882 1448; x_wconf 85' lang='lat' dir='ltr'><em>enim</em></span> <span class='ocrx_word' id='word_1_190' title='bbox 911 1410 1174 1461; x_wconf 77' lang='lat' dir='ltr'><em>litigaverunt</em></span> <span class='ocrx_word' id='word_1_191' title='bbox 1199 1411 1303 1450; x_wconf 83' lang='lat' dir='ltr'><em>inter</em></span> <span class='ocrx_word' id='word_1_192' title='bbox 1330 1425 1383 1462; x_wconf 81' lang='lat' dir='ltr'><em>se,</em></span> <span class='ocrx_word' id='word_1_193' title='bbox 1405 1421 1479 1452; x_wconf 79' lang='lat' dir='ltr'><em>aut</em></span> 
     </span>
     <span class='ocr_line' id='line_1_27' title="bbox 30 1465 1473 1519; baseline 0.002 -17"><span class='ocrx_word' id='word_1_194' title='bbox 30 1465 240 1519; x_wconf 78' lang='lat' dir='ltr'><em>quisquam</em></span> <span class='ocrx_word' id='word_1_195' title='bbox 264 1478 397 1503; x_wconf 86' lang='lat' dir='ltr'><em>eorum</em></span> <span class='ocrx_word' id='word_1_196' title='bbox 422 1480 461 1504; x_wconf 76' lang='lat' dir='ltr'><em>se</em></span> <span class='ocrx_word' id='word_1_197' title='bbox 490 1465 613 1504; x_wconf 85' lang='lat' dir='ltr'><em>alteri</em></span> <span class='ocrx_word' id='word_1_198' title='bbox 634 1465 874 1519; x_wconf 76' lang='lat' dir='ltr'><em>praeposuit</em></span> <span class='ocrx_word' id='word_1_199' title='bbox 895 1465 1113 1504; x_wconf 76' lang='lat' dir='ltr'><em>Zachaeus</em></span> <span class='ocrx_word' id='word_1_200' title='bbox 1140 1474 1178 1504; x_wconf 86' lang='lat' dir='ltr'><em>et</em></span> <span class='ocrx_word' id='word_1_201' title='bbox 1192 1466 1262 1504; x_wconf 91' lang='lat' dir='ltr'><em>ille</em></span> <span class='ocrx_word' id='word_1_202' title='bbox 1285 1468 1473 1517; x_wconf 80' lang='lat' dir='ltr'><em>centurio,</em></span> 
     </span>
     <span class='ocr_line' id='line_1_28' title="bbox 30 1520 1473 1574; baseline 0.001 -15"><span class='ocrx_word' id='word_1_203' title='bbox 30 1531 122 1559; x_wconf 81' lang='lat' dir='ltr'><em>cum</em></span> <span class='ocrx_word' id='word_1_204' title='bbox 148 1520 252 1559; x_wconf 89' lang='lat' dir='ltr'><em>alter</em></span> <span class='ocrx_word' id='word_1_205' title='bbox 268 1533 399 1559; x_wconf 87' lang='lat' dir='ltr'><em>eorum</em></span> <span class='ocrx_word' id='word_1_206' title='bbox 425 1520 603 1572; x_wconf 82' lang='lat' dir='ltr'><em>gaudens</em></span> <span class='ocrx_word' id='word_1_207' title='bbox 622 1521 665 1559; x_wconf 88' lang='lat' dir='ltr'><em>in</em></span> <span class='ocrx_word' id='word_1_208' title='bbox 691 1520 847 1559; x_wconf 87' lang='lat' dir='ltr'><em>domum</em></span> <span class='ocrx_word' id='word_1_209' title='bbox 868 1533 978 1558; x_wconf 82' lang='lat' dir='ltr'><em>suam</em></span> <span class='ocrx_word' id='word_1_210' title='bbox 998 1522 1211 1574; x_wconf 76' lang='lat' dir='ltr'><em>susceperit</em></span> <span class='ocrx_word' id='word_1_211' title='bbox 1223 1520 1443 1560; x_wconf 87' lang='lat' dir='ltr'><em>Dominum</em></span> <span class='ocrx_word' id='word_1_212' title='bbox 1458 1550 1473 1571; x_wconf 90' lang='lat'><em>,</em></span> 
     </span>
     <span class='ocr_line' id='line_1_29' title="bbox 30 1574 1474 1626; baseline 0.002 -13"><span class='ocrx_word' id='word_1_213' title='bbox 30 1575 138 1613; x_wconf 84' lang='lat' dir='ltr'><em>alter</em></span> <span class='ocrx_word' id='word_1_214' title='bbox 155 1575 282 1623; x_wconf 87' lang='lat' dir='ltr'><em>dicit,</em></span> <span class='ocrx_word' id='word_1_215' title='bbox 318 1589 397 1613; x_wconf 79' lang='lat' dir='ltr'><em>non</em></span> <span class='ocrx_word' id='word_1_216' title='bbox 426 1589 511 1613; x_wconf 80' lang='lat' dir='ltr'><em>sum</em></span> <span class='ocrx_word' id='word_1_217' title='bbox 537 1575 696 1626; x_wconf 68' lang='lat' dir='ltr'><em>dignus‘,</em></span> <span class='ocrx_word' id='word_1_218' title='bbox 718 1584 760 1613; x_wconf 85' lang='lat' dir='ltr'><em>ut</em></span> <span class='ocrx_word' id='word_1_219' title='bbox 781 1575 900 1614; x_wconf 84' lang='lat' dir='ltr'><em>intres</em></span> <span class='ocrx_word' id='word_1_220' title='bbox 919 1574 987 1612; x_wconf 80' lang='lat' dir='ltr'><em>sub</em></span> <span class='ocrx_word' id='word_1_221' title='bbox 1016 1583 1157 1614; x_wconf 82' lang='lat' dir='ltr'><em>tectum</em></span> <span class='ocrx_word' id='word_1_222' title='bbox 1191 1590 1342 1625; x_wconf 84' lang='lat' dir='ltr'><em>meum,·</em></span> <span class='ocrx_word' id='word_1_223' title='bbox 1358 1577 1474 1617; x_wconf 85' lang='lat' dir='ltr'><em>ambo</em></span> 
     </span>
     <span class='ocr_line' id='line_1_30' title="bbox 29 1629 1402 1685; baseline 0.001 -17"><span class='ocrx_word' id='word_1_224' title='bbox 29 1629 596 1685; x_wconf 70' lang='lat' dir='ltr'><em>salvatoremhonorfficantes</em></span> <span class='ocrx_word' id='word_1_225' title='bbox 629 1630 789 1668; x_wconf 81' lang='lat' dir='ltr'><em>diverso</em></span> <span class='ocrx_word' id='word_1_226' title='bbox 826 1638 866 1668; x_wconf 87' lang='lat' dir='ltr'><em>et</em></span> <span class='ocrx_word' id='word_1_227' title='bbox 893 1629 1012 1684; x_wconf 79' lang='lat' dir='ltr'><em>quasi</em></span> <span class='ocrx_word' id='word_1_228' title='bbox 1039 1630 1238 1669; x_wconf 87' lang='lat' dir='ltr'><em>contrario</em></span> <span class='ocrx_word' id='word_1_229' title='bbox 1267 1631 1402 1670; x_wconf 89' lang='lat' dir='ltr'><em>modo.</em></span> 
     </span>
     <span class='ocr_line' id='line_1_31' title="bbox 141 1684 1476 1738; baseline 0.001 -14"><span class='ocrx_word' id='word_1_230' title='bbox 141 1684 262 1736; x_wconf 87' lang='lat' dir='ltr'><em>Quod</em></span> <span class='ocrx_word' id='word_1_231' title='bbox 289 1686 431 1723; x_wconf 86' lang='lat' dir='ltr'><em>attinet</em></span> <span class='ocrx_word' id='word_1_232' title='bbox 459 1684 509 1723; x_wconf 87' lang='lat' dir='ltr'><em>ad</em></span> <span class='ocrx_word' id='word_1_233' title='bbox 536 1685 860 1723; x_wconf 88' lang='lat' dir='ltr'><em>communionem</em></span> <span class='ocrx_word' id='word_1_234' title='bbox 891 1684 967 1722; x_wconf 89' lang='lat' dir='ltr'><em>sub</em></span> <span class='ocrx_word' id='word_1_235' title='bbox 995 1691 1165 1738; x_wconf 84' lang='lat' dir='ltr'><em>utraque</em></span> <span class='ocrx_word' id='word_1_236' title='bbox 1192 1687 1344 1737; x_wconf 89' lang='lat' dir='ltr'><em>specie,</em></span> <span class='ocrx_word' id='word_1_237' title='bbox 1374 1685 1476 1725; x_wconf 86' lang='lat' dir='ltr'><em>illud</em></span> 
     </span>
     <span class='ocr_line' id='line_1_32' title="bbox 30 1738 1478 1791; baseline 0.001 -12"><span class='ocrx_word' id='word_1_238' title='bbox 30 1746 199 1787; x_wconf 86' lang='lat' dir='ltr'><em>constat,</em></span> <span class='ocrx_word' id='word_1_239' title='bbox 236 1752 309 1778; x_wconf 87' lang='lat' dir='ltr'><em>nec</em></span> <span class='ocrx_word' id='word_1_240' title='bbox 341 1740 515 1778; x_wconf 85' lang='lat' dir='ltr'><em>Graecos</em></span> <span class='ocrx_word' id='word_1_241' title='bbox 543 1754 566 1778; x_wconf 90' lang='lat' dir='ltr'><em>a</em></span> <span class='ocrx_word' id='word_1_242' title='bbox 606 1740 759 1777; x_wconf 89' lang='lat' dir='ltr'><em>Latinis</em></span> <span class='ocrx_word' id='word_1_243' title='bbox 787 1739 840 1776; x_wconf 89' lang='grc'><em>01)</em></span> <span class='ocrx_word' id='word_1_244' title='bbox 882 1738 1112 1791; x_wconf 87' lang='lat' dir='ltr'><em>duplicem,</em></span> <span class='ocrx_word' id='word_1_245' title='bbox 1160 1754 1233 1778; x_wconf 89' lang='lat' dir='ltr'><em>nec</em></span> <span class='ocrx_word' id='word_1_246' title='bbox 1261 1741 1426 1780; x_wconf 88' lang='lat' dir='ltr'><em>Latinos</em></span> <span class='ocrx_word' id='word_1_247' title='bbox 1452 1756 1478 1780; x_wconf 85' lang='lat' dir='ltr'><em>a</em></span> 
     </span>
     <span class='ocr_line' id='line_1_33' title="bbox 30 1793 1479 1847; baseline 0.001 -13"><span class='ocrx_word' id='word_1_248' title='bbox 30 1795 194 1834; x_wconf 88' lang='lat' dir='ltr'><em>Graecis</em></span> <span class='ocrx_word' id='word_1_249' title='bbox 233 1794 286 1833; x_wconf 90' lang='lat' dir='ltr'><em>ob</em></span> <span class='ocrx_word' id='word_1_250' title='bbox 322 1794 543 1847; x_wconf 86' lang='lat' dir='ltr'><em>simplicem</em></span> <span class='ocrx_word' id='word_1_251' title='bbox 572 1796 744 1847; x_wconf 85' lang='lat' dir='ltr'><em>speciem</em></span> <span class='ocrx_word' id='word_1_252' title='bbox 777 1793 986 1832; x_wconf 82' lang='lat' dir='ltr'><em>damnatos</em></span> <span class='ocrx_word' id='word_1_253' title='bbox 1014 1807 1119 1844; x_wconf 88' lang='lat' dir='ltr'><em>esse,</em></span> <span class='ocrx_word' id='word_1_254' title='bbox 1161 1794 1230 1834; x_wconf 90' lang='lat' dir='ltr'><em>sed</em></span> <span class='ocrx_word' id='word_1_255' title='bbox 1257 1795 1479 1847; x_wconf 85' lang='lat' dir='ltr'><em>quamlibet</em></span> 
     </span>
     <span class='ocr_line' id='line_1_34' title="bbox 30 1848 1477 1901; baseline 0.001 -12"><span class='ocrx_word' id='word_1_256' title='bbox 30 1849 235 1891; x_wconf 78' lang='lat' dir='ltr'><em>ecelesiam</em></span> <span class='ocrx_word' id='word_1_257' title='bbox 262 1863 356 1888; x_wconf 88' lang='lat' dir='ltr'><em>suas</em></span> <span class='ocrx_word' id='word_1_258' title='bbox 385 1851 558 1888; x_wconf 87' lang='lat' dir='ltr'><em>rationes</em></span> <span class='ocrx_word' id='word_1_259' title='bbox 602 1856 805 1895; x_wconf 78' lang='lat' dir='ltr'><em>secutam,</em></span> <span class='ocrx_word' id='word_1_260' title='bbox 852 1848 961 1887; x_wconf 82' lang='lat' dir='ltr'><em>salva</em></span> <span class='ocrx_word' id='word_1_261' title='bbox 992 1863 1089 1901; x_wconf 88' lang='lat' dir='ltr'><em>pace</em></span> <span class='ocrx_word' id='word_1_262' title='bbox 1116 1855 1155 1887; x_wconf 89' lang='lat' dir='ltr'><em>et</em></span> <span class='ocrx_word' id='word_1_263' title='bbox 1196 1851 1386 1899; x_wconf 78' lang='lat' dir='ltr'><em>caritate,</em></span> <span class='ocrx_word' id='word_1_264' title='bbox 1434 1851 1477 1890; x_wconf 90' lang='lat' dir='ltr'><em>id</em></span> 
     </span>
     <span class='ocr_line' id='line_1_35' title="bbox 29 1903 1478 1958; baseline 0.001 -14"><span class='ocrx_word' id='word_1_265' title='bbox 29 1906 154 1958; x_wconf 84' lang='lat' dir='ltr'><em>egisse</em></span> <span class='ocrx_word' id='word_1_266' title='bbox 173 1935 185 1956; x_wconf 96' lang='lat'><em>,</em></span> <span class='ocrx_word' id='word_1_267' title='bbox 232 1904 342 1958; x_wconf 90' lang='lat' dir='ltr'><em>quod</em></span> <span class='ocrx_word' id='word_1_268' title='bbox 371 1906 569 1957; x_wconf 90' lang='lat' dir='ltr'><em>optimum</em></span> <span class='ocrx_word' id='word_1_269' title='bbox 607 1905 715 1943; x_wconf 87' lang='lat' dir='ltr'><em>factu</em></span> <span class='ocrx_word' id='word_1_270' title='bbox 745 1903 1007 1942; x_wconf 87' lang='lat' dir='ltr'><em>existimabat.</em></span> <span class='ocrx_word' id='word_1_271' title='bbox 1069 1905 1328 1958; x_wconf 82' lang='lat' dir='ltr'><em>Quapropter</em></span> <span class='ocrx_word' id='word_1_272' title='bbox 1357 1913 1478 1957; x_wconf 85' lang='lat' dir='ltr'><em>caput</em></span> 
     </span>
     <span class='ocr_line' id='line_1_36' title="bbox 28 1958 1477 2011; baseline 0 -12"><span class='ocrx_word' id='word_1_273' title='bbox 28 1958 106 1999; x_wconf 87' lang='lat' dir='ltr'><em>hoc</em></span> <span class='ocrx_word' id='word_1_274' title='bbox 135 1961 296 1999; x_wconf 86' lang='lat' dir='ltr'><em>Graecis</em></span> <span class='ocrx_word' id='word_1_275' title='bbox 325 1966 366 1999; x_wconf 88' lang='lat' dir='ltr'><em>et</em></span> <span class='ocrx_word' id='word_1_276' title='bbox 395 1960 546 1998; x_wconf 90' lang='lat' dir='ltr'><em>Latinis</em></span> <span class='ocrx_word' id='word_1_277' title='bbox 566 1989 578 2010; x_wconf 86' lang='lat'><em>,</em></span> <span class='ocrx_word' id='word_1_278' title='bbox 622 1958 781 1998; x_wconf 85' lang='lat' dir='ltr'><em>tametsi</em></span> <span class='ocrx_word' id='word_1_279' title='bbox 811 1960 967 2011; x_wconf 88' lang='lat' dir='ltr'><em>saepius</em></span> <span class='ocrx_word' id='word_1_280' title='bbox 984 1987 996 2009; x_wconf 90' lang='lat'><em>,</em></span> <span class='ocrx_word' id='word_1_281' title='bbox 1042 1961 1275 2011; x_wconf 84' lang='lat' dir='ltr'><em>praesertim</em></span> <span class='ocrx_word' id='word_1_282' title='bbox 1303 1962 1344 1999; x_wconf 93' lang='lat' dir='ltr'><em>in</em></span> <span class='ocrx_word' id='word_1_283' title='bbox 1376 1960 1477 2000; x_wconf 90' lang='lat' dir='ltr'><em>Flo-</em></span> 
     </span>
     <span class='ocr_line' id='line_1_37' title="bbox 26 2013 1475 2069; baseline 0 -14"><span class='ocrx_word' id='word_1_284' title='bbox 26 2015 185 2055; x_wconf 86' lang='lat' dir='ltr'><em>rentina</em></span> <span class='ocrx_word' id='word_1_285' title='bbox 211 2014 378 2069; x_wconf 88' lang='lat' dir='ltr'><em>Synodo</em></span> <span class='ocrx_word' id='word_1_286' title='bbox 407 2015 651 2067; x_wconf 82' lang='lat' dir='ltr'><em>congressis,</em></span> <span class='ocrx_word' id='word_1_287' title='bbox 701 2028 908 2067; x_wconf 83' lang='lat' dir='ltr'><em>nunquam</em></span> <span class='ocrx_word' id='word_1_288' title='bbox 936 2020 982 2052; x_wconf 91' lang='lat' dir='ltr'><em>ut</em></span> <span class='ocrx_word' id='word_1_289' title='bbox 1011 2013 1180 2053; x_wconf 89' lang='lat' dir='ltr'><em>dubium</em></span> <span class='ocrx_word' id='word_1_290' title='bbox 1207 2023 1278 2054; x_wconf 90' lang='lat' dir='ltr'><em>aut</em></span> <span class='ocrx_word' id='word_1_291' title='bbox 1313 2023 1475 2055; x_wconf 90' lang='lat' dir='ltr'><em>contro-</em></span> 
     </span>
     <span class='ocr_line' id='line_1_38' title="bbox 27 2069 1477 2124; baseline 0 -14"><span class='ocrx_word' id='word_1_292' title='bbox 27 2083 191 2110; x_wconf 80' lang='lat' dir='ltr'><em>versum</em></span> <span class='ocrx_word' id='word_1_293' title='bbox 220 2071 262 2109; x_wconf 90' lang='lat' dir='ltr'><em>in</em></span> <span class='ocrx_word' id='word_1_294' title='bbox 298 2069 626 2123; x_wconf 82' lang='lat' dir='ltr'><em>disceptationem</em></span> <span class='ocrx_word' id='word_1_295' title='bbox 655 2071 791 2108; x_wconf 86' lang='lat' dir='ltr'><em>venit:</em></span> <span class='ocrx_word' id='word_1_296' title='bbox 831 2083 935 2121; x_wconf 87' lang='lat' dir='ltr'><em>quae</em></span> <span class='ocrx_word' id='word_1_297' title='bbox 970 2082 1033 2108; x_wconf 89' lang='lat' dir='ltr'><em>res</em></span> <span class='ocrx_word' id='word_1_298' title='bbox 1074 2077 1228 2109; x_wconf 83' lang='lat' dir='ltr'><em>certum</em></span> <span class='ocrx_word' id='word_1_299' title='bbox 1257 2085 1477 2124; x_wconf 84' lang='lat' dir='ltr'><em>argumen-</em></span> 
     </span>
     <span class='ocr_line' id='line_1_39' title="bbox 27 2125 1473 2178; baseline -0.001 -13"><span class='ocrx_word' id='word_1_300' title='bbox 27 2131 115 2164; x_wconf 85' lang='lat' dir='ltr'><em>tum</em></span> <span class='ocrx_word' id='word_1_301' title='bbox 143 2125 385 2178; x_wconf 86' lang='lat' dir='ltr'><em>suppeditat,</em></span> <span class='ocrx_word' id='word_1_302' title='bbox 402 2127 575 2164; x_wconf 82' lang='lat' dir='ltr'><em>Graecos</em></span> <span class='ocrx_word' id='word_1_303' title='bbox 603 2138 684 2163; x_wconf 90' lang='lat' dir='ltr'><em>non</em></span> <span class='ocrx_word' id='word_1_304' title='bbox 714 2139 759 2163; x_wconf 87' lang='lat' dir='ltr'><em>ea</em></span> <span class='ocrx_word' id='word_1_305' title='bbox 789 2131 921 2163; x_wconf 88' lang='lat' dir='ltr'><em>mente</em></span> <span class='ocrx_word' id='word_1_306' title='bbox 936 2131 1149 2178; x_wconf 85' lang='lat' dir='ltr'><em>utramque</em></span> <span class='ocrx_word' id='word_1_307' title='bbox 1165 2127 1339 2178; x_wconf 84' lang='lat' dir='ltr'><em>speciem</em></span> <span class='ocrx_word' id='word_1_308' title='bbox 1357 2140 1473 2166; x_wconf 90' lang='lat' dir='ltr'><em>usur-</em></span> 
     </span>
     <span class='ocr_line' id='line_1_40' title="bbox 27 2180 1475 2234; baseline 0 -14"><span class='ocrx_word' id='word_1_309' title='bbox 27 2194 157 2234; x_wconf 84' lang='lat' dir='ltr'><em>passe,</em></span> <span class='ocrx_word' id='word_1_310' title='bbox 192 2183 306 2233; x_wconf 87' lang='lat' dir='ltr'><em>quasi</em></span> <span class='ocrx_word' id='word_1_311' title='bbox 337 2180 380 2220; x_wconf 82' lang='lat' dir='ltr'><em>id</em></span> <span class='ocrx_word' id='word_1_312' title='bbox 406 2180 636 2233; x_wconf 87' lang='lat' dir='ltr'><em>simpliciter</em></span> <span class='ocrx_word' id='word_1_313' title='bbox 667 2193 713 2218; x_wconf 82' lang='lat' dir='ltr'><em>ex</em></span> <span class='ocrx_word' id='word_1_314' title='bbox 743 2186 953 2232; x_wconf 84' lang='lat' dir='ltr'><em>praecepto</em></span> <span class='ocrx_word' id='word_1_315' title='bbox 982 2186 1021 2218; x_wconf 90' lang='lat' dir='ltr'><em>et</em></span> <span class='ocrx_word' id='word_1_316' title='bbox 1048 2182 1294 2234; x_wconf 86' lang='lat' dir='ltr'><em>praescripto</em></span> <span class='ocrx_word' id='word_1_317' title='bbox 1324 2181 1475 2220; x_wconf 85' lang='lat' dir='ltr'><em>Christi</em></span> 
     </span>
     <span class='ocr_line' id='line_1_41' title="bbox 26 2234 1475 2289; baseline 0 -14"><span class='ocrx_word' id='word_1_318' title='bbox 26 2235 157 2275; x_wconf 81' lang='lat' dir='ltr'><em>facere</em></span> <span class='ocrx_word' id='word_1_319' title='bbox 185 2242 392 2288; x_wconf 87' lang='lat' dir='ltr'><em>oporteat,</em></span> <span class='ocrx_word' id='word_1_320' title='bbox 423 2237 553 2288; x_wconf 85' lang='lat' dir='ltr'><em>sitque</em></span> <span class='ocrx_word' id='word_1_321' title='bbox 581 2234 765 2274; x_wconf 88' lang='lat' dir='ltr'><em>absolute</em></span> <span class='ocrx_word' id='word_1_322' title='bbox 793 2241 832 2273; x_wconf 87' lang='lat' dir='ltr'><em>et</em></span> <span class='ocrx_word' id='word_1_323' title='bbox 860 2234 912 2273; x_wconf 89' lang='lat' dir='ltr'><em>ad</em></span> <span class='ocrx_word' id='word_1_324' title='bbox 937 2235 1206 2289; x_wconf 82' lang='lat' dir='ltr'><em>integritatem</em></span> <span class='ocrx_word' id='word_1_325' title='bbox 1235 2237 1475 2276; x_wconf 85' lang='lat' dir='ltr'><em>sacramenti</em></span> 
     </span>
     <span class='ocr_line' id='line_1_42' title="bbox 98 2289 1474 2345; baseline 0.001 -16"><span class='ocrx_word' id='word_1_326' title='bbox 98 2290 149 2329; x_wconf 88' lang='lat' dir='ltr'><em>ad</em></span> <span class='ocrx_word' id='word_1_327' title='bbox 176 2291 345 2330; x_wconf 86' lang='lat' dir='ltr'><em>salutem</em></span> <span class='ocrx_word' id='word_1_328' title='bbox 370 2289 582 2329; x_wconf 91' lang='lat' dir='ltr'><em>hominum</em></span> <span class='ocrx_word' id='word_1_329' title='bbox 613 2290 906 2329; x_wconf 86' lang='lat' dir='ltr'><em>necessarium:</em></span> <span class='ocrx_word' id='word_1_330' title='bbox 937 2304 1017 2342; x_wconf 88' lang='lat' dir='ltr'><em>quo</em></span> <span class='ocrx_word' id='word_1_331' title='bbox 1048 2290 1214 2330; x_wconf 85' lang='lat' dir='ltr'><em>consilio</em></span> <span class='ocrx_word' id='word_1_332' title='bbox 1249 2290 1320 2341; x_wconf 89' lang='lat' dir='ltr'><em>illi,</em></span> <span class='ocrx_word' id='word_1_333' title='bbox 1350 2293 1421 2345; x_wconf 90' lang='lat' dir='ltr'><em>qui</em></span> <span class='ocrx_word' id='word_1_334' title='bbox 1450 2306 1474 2331; x_wconf 90' lang='lat' dir='ltr'><em>a</em></span> 
     </span>
     <span class='ocr_line' id='line_1_43' title="bbox 65 2344 1474 2395; baseline 0 -10"><span class='ocrx_word' id='word_1_335' title='bbox 65 2359 208 2386; x_wconf 85' lang='lat' dir='ltr'><em>omana</em></span> <span class='ocrx_word' id='word_1_336' title='bbox 235 2353 275 2385; x_wconf 87' lang='lat' dir='ltr'><em>et</em></span> <span class='ocrx_word' id='word_1_337' title='bbox 303 2344 499 2384; x_wconf 87' lang='lat' dir='ltr'><em>catholica</em></span> <span class='ocrx_word' id='word_1_338' title='bbox 539 2344 703 2384; x_wconf 89' lang='lat' dir='ltr'><em>ecclesia</em></span> <span class='ocrx_word' id='word_1_339' title='bbox 740 2345 1016 2395; x_wconf 90' lang='lat' dir='ltr'><em>desciverunt,</em></span> <span class='ocrx_word' id='word_1_340' title='bbox 1053 2345 1174 2384; x_wconf 87' lang='lat' dir='ltr'><em>hodic</em></span> <span class='ocrx_word' id='word_1_341' title='bbox 1201 2345 1364 2386; x_wconf 88' lang='lat' dir='ltr'><em>calicem</em></span> <span class='ocrx_word' id='word_1_342' title='bbox 1403 2361 1474 2386; x_wconf 88' lang='lat' dir='ltr'><em>ur-</em></span> 
     </span>
     <span class='ocr_line' id='line_1_44' title="bbox 27 2400 1475 2455; baseline 0 -15"><span class='ocrx_word' id='word_1_343' title='bbox 27 2408 145 2455; x_wconf 84' lang='lat' dir='ltr'><em>gent:</em></span> <span class='ocrx_word' id='word_1_344' title='bbox 188 2414 396 2454; x_wconf 88' lang='lat' dir='ltr'><em>uunquam</em></span> <span class='ocrx_word' id='word_1_345' title='bbox 423 2402 530 2439; x_wconf 87' lang='lat' dir='ltr'><em>enim</em></span> <span class='ocrx_word' id='word_1_346' title='bbox 568 2400 609 2439; x_wconf 94' lang='lat' dir='ltr'><em>id</em></span> <span class='ocrx_word' id='word_1_347' title='bbox 637 2400 778 2439; x_wconf 84' lang='lat' dir='ltr'><em>Graeci</em></span> <span class='ocrx_word' id='word_1_348' title='bbox 823 2400 864 2438; x_wconf 86' lang='lat' dir='ltr'><em>in</em></span> <span class='ocrx_word' id='word_1_349' title='bbox 896 2413 1054 2439; x_wconf 89' lang='lat' dir='ltr'><em>omnem</em></span> <span class='ocrx_word' id='word_1_350' title='bbox 1083 2403 1333 2441; x_wconf 88' lang='lat' dir='ltr'><em>occasionem</em></span> <span class='ocrx_word' id='word_1_351' title='bbox 1364 2402 1475 2441; x_wconf 84' lang='lat' dir='ltr'><em>Lati-</em></span> 
     </span>
     <span class='ocr_line' id='line_1_45' title="bbox 58 2455 1474 2509; baseline -0.001 -14"><span class='ocrx_word' id='word_1_352' title='bbox 58 2470 102 2496; x_wconf 91' lang='lat' dir='ltr'><em>os</em></span> <span class='ocrx_word' id='word_1_353' title='bbox 130 2457 317 2508; x_wconf 86' lang='lat' dir='ltr'><em>carpendi</em></span> <span class='ocrx_word' id='word_1_354' title='bbox 345 2456 463 2494; x_wconf 89' lang='lat' dir='ltr'><em>nimis</em></span> <span class='ocrx_word' id='word_1_355' title='bbox 495 2470 614 2509; x_wconf 88' lang='lat' dir='ltr'><em>quam</em></span> <span class='ocrx_word' id='word_1_356' title='bbox 645 2455 787 2494; x_wconf 87' lang='lat' dir='ltr'><em>intenti</em></span> <span class='ocrx_word' id='word_1_357' title='bbox 824 2455 1148 2495; x_wconf 85' lang='lat' dir='ltr'><em>dissimulassent.</em></span> <span class='ocrx_word' id='word_1_358' title='bbox 1207 2457 1262 2495; x_wconf 82' lang='lat' dir='ltr'><em>Et</em></span> <span class='ocrx_word' id='word_1_359' title='bbox 1290 2456 1378 2509; x_wconf 90' lang='lat' dir='ltr'><em>quis</em></span> <span class='ocrx_word' id='word_1_360' title='bbox 1409 2456 1474 2496; x_wconf 90' lang='lat' dir='ltr'><em>vel</em></span> 
     </span>
     <span class='ocr_line' id='line_1_46' title="bbox 28 2511 1474 2564; baseline 0 -14"><span class='ocrx_word' id='word_1_361' title='bbox 28 2511 161 2551; x_wconf 87' lang='lat' dir='ltr'><em>obiter</em></span> <span class='ocrx_word' id='word_1_362' title='bbox 199 2513 239 2550; x_wconf 94' lang='lat' dir='ltr'><em>in</em></span> <span class='ocrx_word' id='word_1_363' title='bbox 268 2511 515 2563; x_wconf 84' lang='lat' dir='ltr'><em>antiquitatis</em></span> <span class='ocrx_word' id='word_1_364' title='bbox 558 2511 748 2550; x_wconf 89' lang='lat' dir='ltr'><em>memoria</em></span> <span class='ocrx_word' id='word_1_365' title='bbox 778 2517 956 2551; x_wconf 85' lang='lat' dir='ltr'><em>versatus</em></span> <span class='ocrx_word' id='word_1_366' title='bbox 986 2511 1173 2564; x_wconf 83' lang='lat' dir='ltr'><em>ignorat,</em></span> <span class='ocrx_word' id='word_1_367' title='bbox 1219 2525 1374 2550; x_wconf 89' lang='lat' dir='ltr'><em>morem</em></span> <span class='ocrx_word' id='word_1_368' title='bbox 1405 2525 1474 2550; x_wconf 83' lang='lat' dir='ltr'><em>su·</em></span> 
     </span>
     <span class='ocr_line' id='line_1_47' title="bbox 28 2565 1474 2619; baseline -0.001 -14"><span class='ocrx_word' id='word_1_369' title='bbox 28 2566 164 2606; x_wconf 85' lang='lat' dir='ltr'><em>mendi</em></span> <span class='ocrx_word' id='word_1_370' title='bbox 192 2579 316 2605; x_wconf 87' lang='lat' dir='ltr'><em>unam</em></span> <span class='ocrx_word' id='word_1_371' title='bbox 346 2568 515 2619; x_wconf 88' lang='lat' dir='ltr'><em>speciem</em></span> <span class='ocrx_word' id='word_1_372' title='bbox 546 2566 854 2605; x_wconf 87' lang='lat' dir='ltr'><em>vetustissimum</em></span> <span class='ocrx_word' id='word_1_373' title='bbox 875 2580 982 2605; x_wconf 90' lang='lat' dir='ltr'><em>esse:</em></span> <span class='ocrx_word' id='word_1_374' title='bbox 1014 2573 1054 2605; x_wconf 89' lang='lat' dir='ltr'><em>et</em></span> <span class='ocrx_word' id='word_1_375' title='bbox 1084 2566 1207 2605; x_wconf 87' lang='lat' dir='ltr'><em>variis</em></span> <span class='ocrx_word' id='word_1_376' title='bbox 1239 2565 1336 2605; x_wconf 87' lang='lat' dir='ltr'><em>locis</em></span> <span class='ocrx_word' id='word_1_377' title='bbox 1354 2566 1474 2605; x_wconf 86' lang='lat' dir='ltr'><em>modo</em></span> 
     </span>
     <span class='ocr_line' id='line_1_48' title="bbox 29 2620 1473 2674; baseline -0.001 -14"><span class='ocrx_word' id='word_1_378' title='bbox 29 2620 154 2667; x_wconf 79' lang='lat' dir='ltr'><em>hunc,</em></span> <span class='ocrx_word' id='word_1_379' title='bbox 174 2621 294 2660; x_wconf 91' lang='lat' dir='ltr'><em>modo</em></span> <span class='ocrx_word' id='word_1_380' title='bbox 309 2620 451 2670; x_wconf 85' lang='lat' dir='ltr'><em>alium,</em></span> <span class='ocrx_word' id='word_1_381' title='bbox 478 2635 585 2660; x_wconf 90' lang='lat' dir='ltr'><em>nunc</em></span> <span class='ocrx_word' id='word_1_382' title='bbox 602 2628 819 2674; x_wconf 88' lang='lat' dir='ltr'><em>utrumque</em></span> <span class='ocrx_word' id='word_1_383' title='bbox 847 2622 1036 2674; x_wconf 84' lang='lat' dir='ltr'><em>viguisse,</em></span> <span class='ocrx_word' id='word_1_384' title='bbox 1057 2620 1151 2659; x_wconf 85' lang='lat' dir='ltr'><em>licet</em></span> <span class='ocrx_word' id='word_1_385' title='bbox 1168 2621 1220 2658; x_wconf 88' lang='lat' dir='ltr'><em>ab</em></span> <span class='ocrx_word' id='word_1_386' title='bbox 1240 2622 1473 2674; x_wconf 84' lang='lat' dir='ltr'><em>octingentis</em></span> 
     </span>
     <span class='ocr_line' id='line_1_49' title="bbox 31 2675 1472 2731; baseline -0.001 -16"><span class='ocrx_word' id='word_1_387' title='bbox 31 2677 148 2715; x_wconf 82' lang='lat' dir='ltr'><em>annis</em></span> <span class='ocrx_word' id='word_1_388' title='bbox 166 2675 355 2715; x_wconf 85' lang='lat' dir='ltr'><em>occiduus</em></span> <span class='ocrx_word' id='word_1_389' title='bbox 371 2676 480 2714; x_wconf 87' lang='lat' dir='ltr'><em>orbis</em></span> <span class='ocrx_word' id='word_1_390' title='bbox 499 2678 625 2731; x_wconf 85' lang='lat' dir='ltr'><em>magis</em></span> <span class='ocrx_word' id='word_1_391' title='bbox 645 2676 694 2715; x_wconf 89' lang='lat' dir='ltr'><em>ad</em></span> <span class='ocrx_word' id='word_1_392' title='bbox 719 2690 840 2715; x_wconf 88' lang='lat' dir='ltr'><em>unam</em></span> <span class='ocrx_word' id='word_1_393' title='bbox 856 2677 1030 2729; x_wconf 89' lang='lat' dir='ltr'><em>speciem</em></span> <span class='ocrx_word' id='word_1_394' title='bbox 1047 2675 1320 2727; x_wconf 82' lang='lat' dir='ltr'><em>propenderit,</em></span> <span class='ocrx_word' id='word_1_395' title='bbox 1336 2677 1472 2715; x_wconf 88' lang='lat' dir='ltr'><em>novis-</em></span> 
     </span>
     <span class='ocr_line' id='line_1_50' title="bbox 31 2728 1472 2785; baseline -0.002 -15"><span class='ocrx_word' id='word_1_396' title='bbox 31 2744 110 2785; x_wconf 87' lang='lat' dir='ltr'><em>que</em></span> <span class='ocrx_word' id='word_1_397' title='bbox 139 2737 252 2785; x_wconf 88' lang='lat' dir='ltr'><em>poste</em></span> <span class='ocrx_word' id='word_1_398' title='bbox 283 2730 487 2770; x_wconf 85' lang='lat' dir='ltr'><em>haereticis</em></span> <span class='ocrx_word' id='word_1_399' title='bbox 516 2746 561 2771; x_wconf 83' lang='lat' dir='ltr'><em>ex</em></span> <span class='ocrx_word' id='word_1_400' title='bbox 604 2731 807 2784; x_wconf 80' lang='lat' dir='ltr'><em>Wiclephi</em></span> <span class='ocrx_word' id='word_1_401' title='bbox 837 2738 875 2770; x_wconf 91' lang='lat' dir='ltr'><em>et</em></span> <span class='ocrx_word' id='word_1_402' title='bbox 908 2731 1027 2769; x_wconf 84' lang='lat' dir='ltr'><em>Hussi</em></span> <span class='ocrx_word' id='word_1_403' title='bbox 1057 2728 1193 2769; x_wconf 84' lang='lat' dir='ltr'><em>schola</em></span> <span class='ocrx_word' id='word_1_404' title='bbox 1229 2731 1393 2779; x_wconf 82' lang='lat' dir='ltr'><em>exortis,</em></span> <span class='ocrx_word' id='word_1_405' title='bbox 1434 2737 1472 2768; x_wconf 86' lang='lat' dir='ltr'><em>et</em></span> 
     </span>
    </p>
   </div>
  </div>
 </body>
</html>
