1800 3164
522 177 897 232 ms‘romARUM
925 181 994 220 lv.
1032 184 1074 228 9.
1427 158 1498 234 57

65 295 156 335 χειν
192 281 265 322 καὶ
291 276 502 335 στρατιὰν,
529 274 628 334 ὅσην
656 276 707 321 ἂν
737 278 920 333 μάλιστα
949 277 1047 338 ἐξῇ,
1072 278 1145 322 καί
1171 276 1368 334 μεγίστην
1395 277 1502 334 πρὸς
1514 278 1602 313 A-C·
1621 278 1706 324 1347

66 344 138 389 τὸν
177 341 352 398 πόλεμον
394 346 660 399 παρέχεσθαι
699 348 954 389 συντέλειαν.
1022 346 1116 389 νυνὶ
1149 347 1195 388 δὲ
1228 337 1308 387 nm}
1341 345 1501 397 μᾶλλον

64 407 146 454 tino
185 411 267 452 τῶν
306 410 440 452 αὐτοῦ
477 408 607 464 λόγων
647 412 721 452 καί
753 415 826 466 τῆς
864 414 1084 467 πρεσβείας
1118 399 1399 467 ἐξωρμῆσθαι,
1428 413 1502 453 καί

61 474 190 532 χάριν
217 471 331 534 αὐτῷ
357 477 512 518 εἰδέναι
538 476 642 530 ὗπὲρ
673 479 747 531 τῆς
773 479 1026 531 προθυμίας,
1052 474 1101 534 ἧς
1121 479 1391 530 ἐνδείκνυται,
1413 481 1498 525 τοῖς

26 543 293 598 ὄβαρβάροις
334 541 440 596 ὑπὲρ
480 542 562 584 τῶν
599 541 674 596 τήν
709 544 768 592 εἰς
794 542 981 598 Χριστὸν
1020 547 1156 586 πίστιν
1195 541 1398 601 ἑλομένων
1424 540 1497 584 τὸν

61 607 243 661 πόλεμον
271 609 502 662 ἐπεγείρων.
558 609 598 650 εἰ
622 609 668 650 δὲ
695 608 800 664 πρὸς
827 615 914 658 τοῖς
947 604 1087 658 ἄλλοις
1116 605 1319 663 ἀγαθοῖς,
1343 602 1402 650 ὧν
1428 605 1494 650 αἴ-
1506 606 1628 651 V·539

62 689 148 723 noc,-
180 671 407 725 σπουδάζει
429 671 650 726 Ῥωμαίοις
668 676 934 729 καταστῆναι,
956 674 1027 716 καί
1045 677 1127 716 τῶν
1143 675 1367 730 ἐκκλησιῶν
1386 690 1494 729 πρα-

60 737 335 795 γματεύσαιτο
381 738 458 794 τήν
498 740 667 793 ἕνωσιν,
710 742 782 782 καί
813 742 868 782 δι’
900 736 1033 782 αὐτοῦ’
1061 738 1116 781 τοὶ
1153 740 1393 795 διεστηκότα
1417 741 1496 781 τοῦ

60 806 254 861 Χριστοῦ
282 806 387 861 μέλη
415 807 670 862 συναφθείη,
703 802 778 847 οὖκ
807 805 1047 860 ἀνθρώποις
1073 805 1201 858 μόνον
1218 798 1358 858 πᾶσιν,
1386 806 1491 848 α’λλὰ

19 872 133 914 'onai
165 876 257 920 ταῖς
295 867 503 925 οὐρανίοις
534 869 737 924 δυνάμεσι
763 870 837 913 καὶ
863 872 978 931 αύτῷ
1005 873 1093 927 θεῷ
1129 868 1310 926 μεγάλης
1344 866 1396 912 ἂν
1421 874 1494 912 ev’-
1531 882 1533 886 ⁴

60 937 272 994 φροσύνης
313 934 447 985 αἴτιος
484 937 730 992 κατασταίη.
784 940 958 980 τοιαῦτα
985 939 1063 991 μὲν
1090 936 1111 980 ὅ
1142 936 1284 986 minag
1313 936 1384 979 διὰ
1412 939 1495 979 τῶν

58 1000 291 1045 ἐπισκόπων
338 1000 624 1057 ἐπρεσβεόετο.
677 1001 876 1057 βασιλεῦς
914 1005 961 1046 δὲ
994 1005 1067 1046 καί
1091 1001 1218 1054 αὐτὸς
1243 1003 1390 1059 πρῶτα
1415 1004 1536 1056 μὲνΒ

57 1068 117 1126 τῷ
153 1066 269 1126 πάπα
306 1063 485 1123 χάριτας
520 1067 723 1123 ὡμολόγει
760 1071 832 1124 τῆς
873 1083 916 1111 τε
944 1068 1043 1124 περὶ
1070 1067 1201 1111 αὐτὸν
1232 1071 1397 1119 εὐνοίας
1423 1069 1497 1112 καὶ

57 1135 132 1177 τοῦ
168 1132 274 1176 κατὰ
313 1132 541 1190 βαρβάρων
581 1137 664 1177 τῶν
692 1137 962 1189 Χριστιανοῖς
989 1135 1156 1190 ἐχθρῶν
1182 1135 1339 1193 ῥᾳδίως
1366 1137 1501 1191 .*;ἶξ“ωρ-·Δ

18 1198 234 1255 ὄμῆσθαι.
300 1198 431 1242 αιῖτόν
460 1215 505 1242 τε
533 1201 658 1257 διπλῇ
690 1199 760 1242 διὰ
788 1199 858 1243 τὸν
885 1200 990 1242 κατὰ
1016 1202 1097 1243 τῶν
1125 1201 1354 1257 βαρβάρων
1382 1199 1494 1256 ἔλεγε

54 1265 222 1321 χαίρειν
257 1265 461 1319 πόλεμον,
498 1268 620 1308 τοῦτο
658 1269 735 1319 μὲν
771 1266 829 1316 ὥς
868 1266 973 1321 ὑπὲρ
1011 1270 1083 1321 τῆς
1119 1270 1259 1322 κοινῆς
1299 1270 1381 1310 τῶν
1407 1263 1490 1308 ἀπὸ

27 1357 30 1362 ·
56 1332 254 1387 Χριστοῦ
279 1333 543 1384 καλουμένων
570 1331 774 1386 ω’φελείας
804 1331 960 1384 ἔσοιτο,
988 1335 1110 1374 τοῦτο
1138 1334 1179 1374 δ’
1208 1330 1272 1374 ὅτι
1299 1331 1494 1381 κοινωνός

55 1396 176 1440 ἔσται
202 1395 275 1439 καὶ
300 1394 430 1447 αὗτὸς
454 1402 540 1446 τοῖς
568 1395 642 1439 τὸν
669 1396 795 1439 καλὸν
823 1397 964 1452 α’γῶνα
993 1400 1134 1440 τοῦτον
1160 1398 1493 1454 οἷγωνισομένοις.

55 1458 164 1505 οὕτω
193 1462 273 1519 γιὶρ
305 1460 410 1506 εἶναι
437 1465 837 1519 παρεσκευασμένος,
867 1463 924 1513 ὥς
951 1463 1023 1505 καὶ
1047 1466 1175 1507 ναυσὶ
1202 1463 1276 1506 καί
1297 1456 1493 1519 χρήμασι

23 1579 26 1581 ,
57 1529 130 1572 καί
155 1525 296 1579 ὅπλοις
321 1528 393 1571 καί
417 1531 558 1579 ἵπποις
584 1530 658 1572 καί
685 1532 824 1583 πᾶσιν,
854 1526 914 1579 οἷς
940 1529 1045 1584 ἔχει,
1071 1533 1161 1572 κατ’
1186 1531 1351 1572 ἐκείνων
1376 1531 1493 1583 ἐξορ-

53 1594 222 1653 μήσων,
250 1596 394 1651 κέρδος
419 1597 613 1650 μέγιστον
639 1595 865 1653 ἡγούμενος
891 1594 936 1638 τὸ
966 1596 1074 1652 ὑπὲρ
1101 1597 1185 1637 τῶν
1216 1594 1413 1637 τοιούτων
1441 1597 1490 1637 α’-

51 1659 323 1716 γωνιζόμενος
358 1660 596 1705 ἀποθανεῖν.
666 1661 765 1717 περὶ
790 1663 837 1703 δὲ
863 1665 947 1703 τῶν
975 1656 1251 1717 διεστηκότων
1277 1662 1352 1703 τοῦ
1380 1664 1491 1717 Χρι-
1502 1660 1618 1710 P·735

53 1729 158 1769 στοῧ
189 1729 326 1781 μελῶν
357 1728 430 1782 τῆς
469 1724 653 1777 ἓνώσεως
689 1729 761 1769 καί
786 1724 988 1782 ἁρμονίας
1015 1729 1090 1770 καί
1113 1727 1186 1782 τῆς
1216 1725 1381 1785 εἰρήνης
1406 1729 1489 1770 τῶν

148 1825 180 1859 5.
205 1815 275 1866 triv
300 1835 372 1859 om.
395 1823 430 1856 P.

55 1920 92 1944 se
116 1910 284 1951 attineat,
308 1908 354 1942 ad
379 1908 567 1954 pecuniam
599 1914 636 1943 et
671 1910 814 1954 copias,
845 1912 998 1955 quantas
1022 1907 1194 1942 maximas
1216 1909 1343 1954 possit,
1366 1908 1490 1941 omni-

55 1967 176 2002 noque
203 1955 247 1989 ad
283 1961 444 2000 sumptus
474 1967 547 1989 non
572 1955 732 1990 modicos
756 1967 820 2000 pro
846 1967 909 1988 sua
939 1959 1040 2000 parte
1064 1955 1300 1989 conferendos
1324 1961 1489 2000 paratum

55 2014 142 2037 esse.
190 2002 294 2037 Nunc
325 2004 432 2036 etiam
468 2003 622 2047 amplius
650 2003 727 2036 cius
761 2003 1034 2056 legatorumque
1062 2003 1180 2036 verbis
1218 2003 1414 2042 exarsisse,
1452 2007 1490 2035 et

55 2051 184 2096 gratias
208 2061 333 2094 agere,
372 2061 451 2083 cum
476 2061 514 2083 se
543 2050 589 2083 ad
613 2049 782 2083 barbaros
806 2060 871 2094 pro
899 2049 1032 2083 Chrrsti
1060 2049 1230 2083 fidelibus
1255 2049 1488 2093 expeditione

51 2097 279 2131 lacessendos
302 2096 393 2130 adeo
417 2107 635 2141 propensum
661 2097 888 2130 demonstret.
939 2095 1079 2141 Quodsi
1112 2100 1253 2141 praeter
1281 2096 1351 2130 alia
1377 2095 1488 2135 bona,

55 2154 146 2190 quae
170 2145 337 2178 Romanis
361 2143 552 2177 conciliare
586 2143 766 2183 enitatur,
796 2144 904 2176 etiam
938 2142 1103 2176 ecclesias
1135 2142 1327 2176 concordia
1362 2141 1488 2176 devin-

54 2191 128 2224 cire
164 2196 339 2231 conetur,
372 2195 413 2223 ut
446 2190 584 2224 divulsa
626 2189 760 2224 Christi
791 2189 952 2223 membra
981 2200 1046 2233 per
1072 2200 1152 2222 eum
1178 2189 1487 2233 conglutinentur,

53 2247 129 2270 non
152 2236 362 2271 hominibus
389 2236 576 2270 dumtaxat
599 2236 794 2277 universis,
818 2236 882 2270 sed
906 2236 1124 2270 coelestibus
1156 2236 1265 2270 etiam
1296 2237 1487 2280 potestati-

51 2282 121 2318 bus
164 2284 308 2330 ipsique
341 2284 419 2317 Deo
456 2283 495 2317 id
528 2294 677 2329 magnae
718 2283 896 2327 voluptati
939 2282 1112 2317 futurum.
1178 2283 1354 2316 Hactenus
1391 2293 1484 2328 papa

53 2341 119 2376 per
142 2331 276 2375 legatos
302 2331 501 2376 episcopos,
557 2331 754 2374 Imperator
786 2330 840 2363 ilii
867 2330 994 2375 gratias
1019 2341 1122 2374 agere
1147 2328 1191 2362 (le
1217 2330 1485 2371 benevolentia,

54 2382 93 2410 et
115 2378 211 2423 quod
235 2378 331 2411 ultro
355 2383 477 2411 contra
500 2377 671 2411 barbaros
699 2376 982 2411 Christianorum
1007 2377 1172 2411 inimicos
1196 2377 1405 2415 exarsisset,
1427 2387 1486 2409 se-

55 2435 126 2470 que
151 2424 344 2469 dupliciter
368 2424 437 2457 hoc
462 2423 561 2458 bello
588 2424 722 2457 laetum
746 2435 844 2458 csse:
870 2430 945 2458 tum
971 2424 1056 2470 quia
1082 2435 1147 2468 pro
1173 2424 1352 2457 communi
1381 2422 1486 2456 Chri-

54 2472 250 2505 suanorum
281 2470 438 2504 utilitate
473 2471 668 2516 gerendum
692 2471 760 2512 sit,
794 2476 868 2504 tum
895 2471 979 2516 quia
1013 2475 1051 2504 et
1083 2472 1159 2516 ipse
1191 2475 1263 2503 tam
1294 2469 1486 2516 pulchrum

54 2517 124 2552 hoc
149 2523 329 2552 certamen
352 2519 565 2551 certantium
590 2517 705 2551 socius
739 2523 776 2552 et
806 2517 1002 2551 commilito
1027 2517 1169 2550 futurus
1197 2518 1255 2550 sit.
1304 2517 1364 2550 Sic
1386 2516 1484 2549 onim

56 2574 94 2598 se
120 2565 308 2606 statuisse,
345 2569 382 2598 et
408 2565 519 2598 classe
551 2569 587 2598 et
618 2564 818 2608 sumptibus
853 2570 890 2598 et
924 2564 1030 2597 armis
1067 2569 1104 2598 et
1138 2565 1240 2610 cquis
1267 2566 1303 2597 et
1329 2563 1485 2608 quibus-

55 2621 208 2657 cumque
233 2612 346 2655 possit
372 2610 477 2644 rebus
500 2611 582 2644 illos
607 2611 795 2646 invadere:
821 2616 1022 2656 putarcque
1051 2622 1088 2644 se
1122 2610 1197 2644 soro
1222 2610 1483 2650 beatissimum,

57 2657 88 2690 si
123 2657 160 2691 in
191 2658 254 2691 tali
290 2668 393 2691 causa
420 2662 590 2702 oppetere
615 2664 765 2691 mortem
790 2659 984 2702 contingat.
1035 2657 1181 2701 Quanto
1207 2662 1326 2690 autem
1352 2657 1483 2690 distra-

58 2708 195 2736 cuorum
221 2703 355 2738 Christi
385 2703 622 2739 membrorum
655 2706 861 2738 coniunctio
898 2710 1006 2749 atquc
1032 2709 1226 2737 concentus
1273 2709 1309 2737 et
1333 2714 1399 2747 pax
1427 2714 1484 2735 ec-

59 2749 246 2787 etesiarum
281 2752 350 2786 sibi
385 2750 564 2787 desiderio
602 2763 642 2787 ac
669 2751 788 2787 studio
815 2751 886 2793 sit,
914 2751 1032 2786 verbis
1058 2762 1094 2785 sc
1121 2752 1220 2786 effari
1242 2750 1337 2785 haud
1365 2760 1480 2796 posse.
