1794 3158
303 116 415 183 442
807 129 1220 172 ANNo'rA'noNEs

303 238 495 292 imagines
524 242 599 279 etc.
626 236 669 274 in
688 232 957 274 schismaticos
980 262 990 279 ‚
1039 231 1286 279 haereticos,
1319 231 1491 272 Iudaeos
1529 241 1569 272 et
1595 233 1742 275 Ethai-²
1764 265 1770 278 ,,

301 307 368 332 cos
401 293 503 332 facta
531 297 637 340 sunt,
667 302 788 343 quam
814 289 1078 327 invitamenta
1106 287 1303 341 quaedam
1338 295 1378 328 et
1405 290 1661 330 incitamenta
1689 290 1744 331 ad
1762 287 1768 301 ¹

300 361 459 399 verum,
479 350 601 386 immo
623 352 662 384 et
681 343 948 384 stabilimenta
978 344 1088 383 veri?
1117 343 1256 396 Neque
1284 344 1390 382 enim
1421 344 1506 383 fieri
1533 351 1672 397 potest,
1694 352 1741 385 ut

299 403 410 443 Deus
438 402 520 441 ulia
539 398 730 440 miracula
762 398 1057 438 confirmandae
1088 396 1249 438 falsitati
1277 405 1348 438 aut
1374 399 1456 452 ipse
1483 413 1554 452 per
1585 414 1643 452 se,
1670 407 1743 441 aut
1776 421 1794 449 3

301 473 375 513 per
402 457 500 496 alios
534 457 649 502 edat,
685 468 778 494 cum
805 456 916 494 testis
944 453 1066 494 falsus
1104 460 1144 493 et
1171 453 1258 493 falsi
1303 468 1386 493 esse
1418 461 1601 507 nequeat.
1656 455 1742 494 Vc«
1762 450 1794 502 ³².

306 527 398 553 rum
427 512 540 551 multi
569 511 800 558 turbantur,
815 524 908 548 cum
936 509 1118 559 audiunt,
1135 516 1243 548 extra
1263 507 1469 549 ecclesiam
1486 523 1624 555 unam,
1645 523 1742 549 san--⁴

305 575 426 618 ctam,
457 566 695 606 catholicam
723 572 763 605 et
788 564 1045 618 apostolicam
1073 564 1264 604 miracula
1292 564 1390 603 fieri.
1421 564 1479 604 At
1510 578 1650 605 causae
1676 565 1740 604 ni·
1768 560 1794 602 ’Ξ

301 622 361 663 hil
392 629 467 671 est,
513 635 587 661 cur
621 628 690 660 aut
727 635 770 660 se
818 628 888 660 aut
921 620 1020 659 alios
1062 620 1240 659 turbent.
1295 620 1400 658 Nam
1440 620 1472 659 si
1500 619 1601 659 fiunt
1629 627 1742 660 extra

298 677 521 727 ecclesiam,
547 677 649 716 fiunt
664 683 797 715 tamen
813 684 883 715 aut
903 676 954 714 ab
983 677 1051 724 eis,
1075 677 1158 730 qui,
1189 676 1287 715 dum
1315 676 1513 726 viverent,
1552 673 1743 715 ecclesiae
1770 697 1771 700 =

295 733 502 773 militantis
530 732 710 771 membra
739 739 880 782 erant,
911 738 980 770 aut
1006 745 1076 784 per
1106 745 1170 770 res
1202 744 1319 770 verae
1349 730 1556 778 ecclesiae,
1599 737 1670 769 aut
1696 732 1739 770 in
1779 779 1781 782 .

294 789 637 827 confirmationem
664 787 896 840 dogmatum
924 800 1042 826 verae
1069 785 1255 826 ecclesiae
1273 816 1284 837 ‚
1332 786 1486 825 etiamsi
1531 793 1741 839 patrentur
1774 788 1775 791 ’

294 844 337 882 in
366 843 480 892 illos,
523 843 593 895 qui
621 856 737 882 verae
766 841 952 881 ecclesiae
978 855 1059 880 non
1090 849 1183 880 sunt
1216 843 1350 882 cives:
1382 853 1501 879 nemo
1530 842 1637 879 enim
1661 855 1741 880 un·

292 912 415 952 quam
445 898 608 948 dixerit,
636 897 794 936 nullum
824 895 1067 936 miraculum
1095 896 1180 935 fieri
1208 910 1346 950 posse,
1375 896 1454 935 nisi
1483 909 1576 949 erga
1604 895 1737 948 illum,
1768 940 1770 944 ,

297 954 366 1007 qui
395 954 445 993 sit
472 967 588 992 verae
627 952 814 992 ecclesiae
846 966 953 1005 pars.
1013 952 1124 1004 Ergo
1152 952 1210 1001 si,
1253 953 1322 1005 qui
1355 950 1449 990 hinc
1488 951 1539 989 ad
1571 950 1740 990 alteram
1765 955 1767 958 ⁴

292 1010 420 1047 vitam
450 1009 492 1048 in
520 1007 739 1048 catholicae
768 1007 955 1046 ecclesiae
974 1007 1255 1046 communione
1279 1006 1516 1059 migrarunt,
1545 1004 1748 1046 miracula·

291 1071 508 1116 operentur
527 1093 538 1114 ‚
580 1065 664 1102 sive
690 1077 762 1116 per
791 1061 944 1115 lipsana
987 1063 1049 1101 sui
1085 1062 1264 1115 corporis
1283 1091 1294 1111 ,
1342 1062 1426 1100 sive
1465 1062 1638 1100 invocati
1667 1075 1743 1114 per
1774 1075 1782 1111 j

293 1133 430 1171 preces
464 1120 549 1158 sine
579 1125 761 1171 respectu
789 1117 841 1156 ad
868 1117 1056 1170 reliquias
1074 1146 1087 1168 ,
1122 1117 1205 1157 sive
1231 1116 1310 1156 alio
1339 1115 1460 1155 modo
1479 1145 1491 1164 ‚
1521 1129 1603 1155 non
1631 1116 1741 1156 sehi-
1771 1147 1773 1152 ,

293 1177 517 1225 smaficam,
547 1173 788 1212 haereticam
808 1202 821 1223 ‚
850 1179 919 1212 aut
944 1172 1146 1211 ethnicam
1179 1171 1388 1225 perfidiam
1426 1177 1466 1211 et
1493 1172 1740 1224 superstitio·
1783 1191 1787 1227 3

290 1243 399 1277 nem,
433 1229 503 1268 sed
533 1242 622 1268 eam
652 1229 893 1267 confirmant
922 1227 1041 1266 fidem
1069 1234 1109 1265 et
1140 1226 1346 1266 ecclesiam
1363 1256 1374 1278 ‚
1404 1226 1518 1266 cuius
1546 1226 1745 1266 beneficio

293 1298 343 1324 ex
370 1283 557 1323 fluctibus
592 1283 713 1322 huius
742 1284 848 1323 vitae
876 1282 928 1321 ad
957 1290 1142 1321 aeternae
1169 1282 1430 1322 beatitudinis
1457 1281 1742 1336 tranquillissi·
1779 1289 1783 1291 ’

297 1352 410 1378 mum
437 1346 600 1392 portum
635 1344 916 1391 pervenerunt.
974 1338 1069 1377 Pari
1106 1337 1227 1376 modo
1255 1351 1348 1377 cum
1381 1336 1489 1390 apud
1517 1343 1743 1390 segregatos

291 1394 345 1433 ab
379 1394 544 1433 ecclesia
571 1393 766 1432 miracula
794 1392 969 1431 eduntur
997 1406 1069 1445 per
1097 1394 1258 1445 signum
1286 1399 1445 1431 sanctae
1471 1393 1624 1440 crucis,
1666 1406 1744 1444 per
1769 1417 1772 1422 ·

294 1463 443 1502 aquam
485 1448 719 1499 lustralem,
765 1461 838 1500 per
876 1447 1010 1486 oleum
1039 1447 1294 1486 benedictum
1315 1475 1327 1497 ‚
1373 1461 1446 1500 per
1485 1448 1741 1495 exorcismos,
1772 1459 1785 1494 j

291 1518 443 1557 perque
470 1504 548 1543 alia
574 1503 693 1542 huius
721 1503 875 1555 generis
916 1502 1162 1541 mirabilium
1190 1501 1402 1541 effectuum
1433 1516 1613 1555 organa,
1656 1516 1739 1541 non

292 1558 461 1606 alienae,
490 1560 559 1598 sed
587 1565 745 1597 nostrae
772 1557 863 1596 fidei
883 1564 922 1596 et
950 1557 1136 1596 ecclesiae
1163 1557 1289 1595 robur
1317 1565 1356 1596 et
1383 1559 1599 1596 auctoritas
1626 1571 1740 1596 acce-
1778 1553 1782 1578 3

291 1613 364 1653 dit.
423 1614 532 1652 Haec
560 1615 667 1653 enim
696 1613 789 1651 licet
817 1612 868 1651 ab
898 1611 1130 1665 alienigenis
1159 1619 1431 1664 usurpentur,
1461 1612 1648 1651 ecclesiae
1677 1619 1742 1652 ta-

291 1683 384 1708 men
413 1668 632 1708 catholicae
659 1668 821 1721 propria
851 1674 944 1705 sunt
972 1682 1017 1706 ac
1047 1666 1230 1719 proinde,
1260 1667 1506 1719 ubicumque
1525 1669 1608 1708 vim
1625 1681 1741 1707 suam

291 1731 493 1772 exserunt,
536 1737 624 1763 eam
651 1737 734 1762 non
755 1724 832 1762 nisi
861 1730 905 1760 ut
933 1722 1152 1762 catholicae
1179 1723 1365 1761 ecclesiae
1398 1723 1661 1762 instrumenta
1700 1729 1743 1762 ct
1772 1738 1775 1773 j

290 1786 528 1819 ornamenta
559 1785 760 1828 exserunt,
791 1779 910 1816 etiam
939 1779 983 1816 in
1011 1792 1095 1816 non
1124 1777 1353 1828 catholicos,
1383 1778 1478 1831 quia
1507 1781 1634 1831 gratia
1662 1778 1740 1816 Dei
1775 1794 1787 1826 '.

291 1834 403 1875 dives
433 1835 475 1873 in
508 1847 677 1883 omnes,
707 1833 771 1872 his
799 1847 986 1886 quoque,
1018 1834 1088 1885 qui
1118 1839 1228 1872 extra
1262 1840 1373 1886 septa
1403 1833 1592 1872 dominici
1621 1832 1743 1872 ovilis
1775 1862 1777 1870 .

291 1896 517 1944 vagantur,
567 1887 817 1927 liberalitatis
846 1903 940 1927 suae
969 1888 1096 1927 fontes
1127 1902 1210 1927 non
1238 1888 1425 1930 occludit.
1482 1889 1742 1941 Quapropter
1782 1895 1787 1933 3

292 1945 454 1998 quando
472 1974 482 1993 ,
525 1951 572 1983 ut
612 1943 796 1983 Socrates
836 1943 975 1983 scribit
1006 1943 1076 1985 lib.
1107 1958 1147 1995 7.
1178 1957 1265 1995 cap,
1303 1957 1381 1997 ¹7·›
1411 1957 1515 1996 aqua
1553 1943 1742 1996 baptismi
1770 1968 1774 1997 3

294 2001 474 2046 evanuit,
506 2014 599 2039 cum
633 1999 805 2038 Iudaeus
833 1998 997 2052 quidam
1026 1999 1217 2051 impostor
1237 2029 1247 2046 ‚
1275 2000 1356 2036 iam
1385 2006 1476 2037 ante
1502 1998 1744 2051 baptismate
1773 2038 1775 2044 ,

297 2069 324 2094 a
355 2054 551 2094 catholico
579 2055 763 2108 episcopo
780 2055 943 2100 tinctus,
976 2054 1108 2093 denuo
1136 2068 1160 2092 a
1187 2053 1409 2093 Novatiano
1444 2053 1635 2092 Antistite
1663 2053 1741 2092 ba-
1774 2074 1785 2078 ·

295 2111 440 2163 ptizari
467 2109 604 2160 vellet,
634 2109 874 2148 miraculum
911 2109 1012 2148 illud
1041 2124 1121 2148 non
1151 2109 1319 2158 accidit,
1345 2116 1392 2147 ut
1419 2108 1739 2148 Novatianorum
1771 2104 1773 2108 ’

295 2165 469 2205 haeresis
495 2165 738 2213 firmaretur,
768 2165 838 2204 sed
868 2172 915 2204 ut
941 2166 1088 2205 veritas
1121 2163 1338 2203 catholicae
1367 2165 1553 2204 ecclesiae
1581 2163 1632 2204 de
1671 2163 1740 2203 ha·
1783 2176 1785 2179 ·

296 2221 446 2274 ptismo
465 2234 546 2259 non
563 2220 746 2260 iterando
762 2220 1117 2262 demonstraretur.
1149 2220 1213 2259 Sic
1239 2233 1332 2259 cum
1360 2233 1433 2272 per
1459 2220 1618 2272 signum
1645 2232 1739 2258 san·
1770 2230 1785 2272 ζ

296 2282 387 2315 ctae
414 2277 567 2327 crucis,
605 2290 676 2328 per
705 2277 901 2329 imagines
917 2305 928 2326 ,
967 2290 1040 2329 per
1067 2274 1219 2328 lipsana
1246 2274 1456 2322 divorum,
1492 2288 1565 2327 per
1592 2288 1739 2327 aquam

294 2330 479 2384 precibus
506 2331 691 2370 ecclesiae
719 2339 1006 2378 consecratam,
1037 2345 1107 2384 per
1134 2326 1373 2370 exorcismos
1425 2337 1464 2368 et
1507 2344 1579 2382 per
1606 2336 1738 2368 cetera

295 2385 472 2424 eiusdem
503 2386 656 2437 classis,
685 2394 754 2426 aut
782 2387 934 2427 coelitis
961 2386 1128 2425 alicuius
1156 2385 1343 2440 singulari
1371 2385 1507 2424 favore
1534 2392 1574 2423 et
1599 2391 1737 2438 patro-
1772 2391 1773 2395 ’

293 2440 422 2489 cinio,
457 2441 564 2493 apud
593 2441 829 2494 haereticos,
859 2443 1129 2481 schismaticos
1168 2449 1218 2486 et‘
1252 2440 1430 2480 ethnicos
1462 2453 1583 2492 opera
1611 2453 1754 2492 quae-·

295 2495 390 2534 dam
407 2502 574 2534 naturae
600 2500 684 2536 vim
707 2505 746 2537 et
773 2497 1003 2538 facultatem
1021 2497 1249 2550 superantia
1268 2497 1472 2546 eveniunt,
1494 2509 1540 2534 ea
1559 2494 1638 2533 alio
1656 2494 1739 2534 fine
1773 2516 1777 2542 ς

295 2563 378 2589 non
396 2553 603 2602 eveniunt,
621 2567 742 2604 quam
762 2562 808 2593 ut
823 2568 847 2592 a
863 2553 1080 2593 catholicae
1104 2552 1288 2591 ecclesiae
1304 2551 1383 2590 fide
1399 2558 1438 2589 et
1455 2550 1738 2589 communione
1770 2558 1780 2598 ᾗΔ

289 2605 574 2658 aberrantibus
603 2607 779 2647 eiusdem
804 2610 1026 2662 integritas,
1057 2609 1241 2647 sanctitas
1263 2614 1302 2646 et
1330 2607 1533 2645 sinceritas
1554 2605 1732 2658 patefiat.
1772 2640 1775 2645 Δ

296 2661 375 2700 Sed
408 2661 508 2713 quid
537 2661 777 2712 dicendum,
820 2666 852 2703 si
881 2662 1072 2703 miracula
1110 2677 1191 2702 non
1220 2662 1339 2701 modo
1381 2664 1419 2700 in
1449 2661 1730 2707 schismaticos,
1764 2694 1774 2699 ,Α

297 2716 515 2762 haereticos
541 2723 580 2755 et
609 2716 786 2757 ethnicos
815 2733 839 2758 a
867 2722 1012 2759 sanctis
1039 2721 1082 2758 in
1110 2717 1220 2758 coelo
1245 2749 1254 2767 ,
1287 2732 1355 2771 per
1382 2717 1568 2769 reliquias
1590 2745 1602 2768 7
1631 2715 1734 2754 ima-
