1794 3158
220 218 224 224 .
284 144 394 199 388
690 195 709 219 -‚
793 155 1205 198 AmoTAnoNsss

288 263 414 302 Lethe
428 262 541 316 palus
556 262 773 300 inferorum
790 259 841 297 ab
857 257 1057 297 oblivione
1073 257 1293 307 nominata,
1308 256 1415 312 quod
1430 258 1575 297 mortui
1590 259 1719 297 omni-

288 333 356 356 um
386 332 518 356 rerum
546 317 665 355 huius
704 317 810 352 vitae
846 313 1146 351 obliviscantur.
1203 313 1312 362 Quin
1347 320 1480 352 autem
1508 313 1720 353 historicus

286 375 445 422 iterum,
476 379 521 410 ut
542 371 650 417 alibi,
680 370 831 421 poetice
857 367 1068 420 loquatur,
1096 366 1230 406 nullus
1258 367 1424 407 dubito:
1466 375 1506 406 et
1531 375 1595 407 est
1619 367 1718 407 haee

285 442 445 480 quoque
471 441 551 465 una
580 424 764 464 historiae
797 424 1032 476 proprietas,
1068 423 1127 460 uti
1156 423 1318 474 poeticis
1346 421 1534 475 loquendi
1563 424 1719 476 generi-

285 483 384 521 bus:
422 484 462 520 in
495 495 574 534 quo
613 479 718 532 apud
765 479 928 517 Latinos
965 479 1203 530 conspicuus
1247 485 1305 516 est
1337 478 1486 517 Livius.
1545 477 1718 517 Ovidius

288 539 327 575 in
364 537 493 576 lbin.:
532 536 588 574 Ec
622 543 687 572 tua
713 534 871 572 lethaeis
908 542 997 571 acta
1025 533 1220 571 dabuntur·
1252 533 1380 587 aquiS.
1432 533 1487 571 Et
1526 547 1560 572 1.
1591 533 1717 571 Trist-

287 591 384 642 eleg.
414 605 481 644 7.:
542 591 735 627 szctane
766 590 808 626 in
831 602 1039 643 aequoreos
1069 587 1250 626 abierant
1281 588 1396 626 irrita
1415 591 1579 628 ventos?
1614 587 1721 627 Cun-

287 656 396 685 clane
424 645 584 682 lethaeis
611 656 743 682 mersa
755 644 949 695 seruntur
975 643 1087 697 aquis
1105 646 1125 680 ?
1162 656 1337 682 romum.
1422 672 1424 674 -

396 701 500 752 Pag.
526 700 595 748 33,
633 713 693 740 12.
727 694 831 749 ἐμὴν
860 712 942 736 om.
974 699 1031 738 M.
1059 704 1098 736 et
1127 704 1217 749 post
1243 697 1371 749 μέχρι
1391 696 1483 739 add.
1515 694 1598 740 καὶ.

394 756 496 806 Pag.
527 754 595 803 33,
629 767 688 806 17.
720 766 823 791 cum
865 754 980 807 ipse
1018 766 1226 806 quoque,
1271 767 1297 790 a
1324 765 1502 805 magno
1542 753 1721 806 imper.

287 810 491 862 Agapetus
513 809 701 847 diaconus
720 807 769 846 ad
786 809 1047 846 Iustinianum
1060 809 1338 859 imperatorem
1352 806 1486 846 libello
1503 806 1723 859 pulcherri-

286 879 369 911 mo,
389 879 468 917 quo
491 865 768 916 imperatorem
790 864 1006 915 praeceptis
1031 862 1190 900 format:
1221 859 1465 915 συγγνώμην
1481 859 1724 912 αἰτούμενος

292 914 621 970 ἁμαρτημάτων,
652 916 903 967 συγγίνωσκε
926 912 998 955 καί
1023 912 1153 962 αὐτὸς
1184 919 1270 962 τοῖς
1298 917 1357 964 εἰς
1381 917 1429 956 σὲ
1457 916 1723 968 πλημμελοῦ-

288 987 355 1013 σιν
374 1003 384 1021 ,
417 969 479 1019 ὅτι
506 967 656 1023 ἀφέσει
687 969 943 1010 ἅντιδιῖῖοται
962 964 1113 1023 ἄφεσις
1146 970 1219 1008 καί
1248 971 1300 1024 τῇ
1335 967 1440 1024 πρὸς
1468 968 1724 1021 ὁμοδούλους

287 1026 406 1080 ἡμῶν
435 1026 670 1080 καταλλαγῇ
704 1021 730 1078 ἦ
764 1024 870 1078 πρὸς
908 1023 1009 1064 θεὸν
1048 1025 1169 1078 φιλία
1215 1024 1287 1063 καί
1321 1024 1536 1072 οἰκείωσις.
1593 1025 1724 1065 Simili

288 1084 483 1122 sententia
511 1096 629 1119 usum
656 1082 794 1119 inveni
829 1082 879 1121 D.
919 1080 1190 1133 Epiphanium
1241 1081 1292 1119 ad
1331 1082 1553 1120 Eudociam
1583 1080 1724 1134 Augu-

288 1146 413 1186 stam,
460 1136 625 1174 Areadii
663 1137 896 1188 coniugem,
934 1150 1028 1174 cum
1056 1134 1124 1174 illa
1155 1135 1204 1173 de
1232 1136 1388 1175 iniuriis
1417 1137 1492 1175 sibi
1522 1150 1545 1174 a
1574 1135 1725 1174 Ioanne

290 1193 578 1244 Chrysostomo
609 1190 730 1229 illatis
759 1190 886 1228 eidem
920 1197 1248 1242 conquereretur,
1279 1198 1324 1229 ut
1351 1198 1410 1230 est
1437 1190 1566 1245 legere
1585 1191 1626 1229 in
1643 1191 1726 1230 vita

292 1247 469 1286 eiusdem
499 1245 771 1300 Chrysostomi
810 1245 913 1298 apud
943 1246 1256 1298 Metaphrasten.
1302 1259 1475 1288 pomum.

400 1299 582 1353 Pag.54,
604 1314 635 1341 ι.
666 1314 881 1352 magnus
908 1301 1122 1343 domest.
1153 1314 1175 1338 e
1208 1301 1434 1339 Thracia
1461 1314 1724 1340 reversus-

293 1358 402 1396 Haec
418 1354 494 1394 alia
510 1355 742 1394 deliberatio
760 1361 831 1398 est,
865 1355 938 1394 Illa
958 1358 1068 1407 prior
1085 1357 1188 1394 inter
1208 1355 1466 1395 domesticum
1484 1363 1523 1395 et
1539 1356 1727 1409 Syrgian-

292 1426 386 1451 nem
417 1412 457 1448 in
505 1410 676 1449 Thracia
712 1411 810 1449 fuit:
859 1411 957 1449 haec
993 1413 1097 1449 inter
1133 1411 1395 1450 domesticum
1450 1418 1490 1450 et
1531 1411 1728 1449 iuniorem

294 1467 571 1506 Andronicum
603 1466 831 1518 suscipitur.
882 1466 938 1505 Et
965 1465 1221 1518 intelligimus
1249 1466 1411 1505 rediisse
1441 1467 1482 1504 in
1512 1465 1727 1504 Thraciam

294 1534 486 1574 magnum
529 1521 823 1559 domesticum:
872 1521 1068 1574 siquidem
1113 1520 1499 1575 Constantinopolim
1545 1533 1728 1559 reversus

296 1577 456 1615 dicitur.
502 1589 673 1617 PONTAN.

406 1630 509 1681 Pag.
541 1631 608 1679 34,
642 1644 680 1672 2.
706 1627 820 1682 παρὰ
852 1630 928 1669 τοῦ
953 1630 1159 1679 βασιλέως
1188 1632 1244 1669 Μ.

405 1686 510 1736 Pag.
543 1685 609 1733 34,
643 1686 682 1723 3.
713 1685 1032 1737 καταρχομένων
1062 1687 1119 1723 Μ.

408 1739 510 1791 Pag.
544 1739 609 1790 54,
642 1739 680 1790 4.
710 1738 783 1778 τὸν
817 1737 975 1795 φθόνον
1004 1741 1062 1783 Μ.
1091 1753 1165 1793 pro
1192 1736 1269 1793 τήν
1296 1737 1463 1780 damian
1508 1747 1547 1779 et
1582 1738 1654 1778 lin.
1689 1737 1730 1779 5.

299 1788 536 1843 ὅπλίζοντος
566 1801 605 1832 et
624 1793 754 1850 αὐτῷ.

409 1849 513 1901 Pag.
546 1849 614 1901 34,
646 1864 709 1892 21.
739 1845 834 1890 ὥστ’
865 1846 977 1902 ἔχειν
1003 1851 1061 1890 Μ.

409 1904 513 1956 Pag.
546 1904 614 1955 35,
651 1919 712 1959 ¹7·
748 1905 990 1959 Τριβαλλῶν
1026 1908 1080 1946 Μ.

407 1959 516 2011 Pag,
550 1958 614 2009 35,
646 1974 707 2014 17.
739 1974 769 1999 α
804 1961 977 1999 Crale.
1020 1960 1174 1999 Nomen
1218 1957 1392 2011 Κρὰλης
1439 1974 1572 2013 regem
1618 1965 1732 1998 sonat

301 2013 519 2066 Hungaris,
549 2013 744 2067 Bulgaris,
770 2017 852 2055 sive
873 2015 1034 2062 Serviis‚
1053 2015 1329 2062 Sclavonibus‚
1359 2016 1529 2064 Boemis,
1555 2013 1733 2063 Polonis,

301 2081 325 2105 a
352 2067 468 2106 Kiral
491 2098 502 2119 ,
531 2076 570 2107 et
597 2072 867 2109 contractione
894 2069 1007 2111 Kral.
1040 2071 1138 2108 Inde
1166 2072 1360 2122 positione
1395 2072 1545 2108 Graeca
1584 2069 1733 2107 sactum

302 2119 476 2176 Κράλης
502 2137 524 2162 a
552 2132 688 2163 nostro
716 2126 919 2174 historico,
952 2132 991 2164 et
1015 2125 1209 2165 muliebre
1234 2122 1472 2178 Κράλαινα.
1507 2137 1677 2164 ΡοΝΤΑΝ.

413 2177 515 2228 Pag.
545 2179 611 2228 35,
641 2194 704 2220 20.
733 2178 855 2235 ὀλίγῳ
887 2180 943 2222 Μ.

412 2231 517 2282 Pag.
548 2233 613 2282 56,
644 2234 683 2273 5.
714 2230 929 2286 παράσχοι
959 2235 1016 2277 Μ.

414 2284 515 2337 Pag.
547 2287 614 2335 36,
644 2302 684 2342 9,
715 2288 859 2335 αὕτοῖς
886 2290 942 2331 Μ.

417 2338 520 2391 Pag.
549 2341 613 2390 36,
645 2343 706 2381 16.
733 2338 879 2394 τάχιον
906 2346 964 2387 Μ.
992 2358 1072 2398 mg.
1101 2359 1175 2399 pro
1203 2343 1390 2396 τάχιστα.

413 2392 515 2446 Pag.
549 2395 613 2444 36,
648 2410 706 2450 17.
737 2391 873 2450 ὥσπερ
915 2397 1091 2450 ἕρμαιον
1135 2398 1402 2453 ἡγησόμενος.
1457 2400 1632 2453 ἕρμαιον
1669 2399 1731 2439 di-

307 2449 411 2487 citur
441 2462 514 2500 pro
542 2449 653 2489 lucro
695 2452 909 2504 insperanti
937 2455 1116 2506 obiecto,
1161 2470 1230 2495 seu
1271 2457 1477 2509 inopinato
1513 2463 1552 2495 et
1578 2455 1732 2495 adven-

306 2504 424 2541 titio:
466 2511 511 2567 ut
546 2518 635 2542 cum
664 2508 751 2558 quis
783 2509 825 2546 in
863 2510 1004 2549 itinere
1042 2509 1192 2563 aliquid
1220 2510 1385 2550 fortuito
1412 2512 1579 2560 mvenit,
1623 2510 1733 2563 quod

306 2559 427 2620 eti-arn
463 2554 625 2620 εῆρημα
665 2570 875 2614 propterea
917 2565 1162 2618 appellatur,
1198 2567 1311 2618 quasi
1338 2566 1464 2614 dicas,
1509 2568 1730 2607 inventum.

309 2612 416 2650 Hlnc
444 2613 638 2675 quidquid
665 2615 760 2654 boni
799 2618 912 2658 nobis
950 2621 1142 2674 contingit
1162 2650 1173 2668 ,
1218 2622 1469 2673 (praesertim
1491 2650 1502 2670 ,
1555 2621 1588 2658 si
1615 2633 1732 2672 prae-

308 2674 371 2705 ter
403 2681 629 2719 oplmonem
667 2676 785 2722 atque
826 2687 935 2725 spem
946 2677 985 2724 ,)
1017 2675 1059 2713 id
1100 2674 1272 2726 ἕρμαιον
1312 2680 1492 2714 vocatur.
1550 2675 1731 2718 Budaeus

310 2736 333 2761 a
361 2721 529 2760 Platone
570 2722 609 2761 in
643 2723 857 2766 Phaedone
893 2731 987 2781 poni
1025 2731 1081 2768 ait
1108 2743 1180 2782 pro
1209 2730 1314 2769 bono
1354 2732 1643 2783 inexspectato,
1683 2741 1731 2768 ac
