1800 3164
316 119 429 176 326
847 136 1219 180 CANTAcUzmr
1251 160 1254 161 ν

106 244 195 279 A.C.
215 246 447 292 ι355μενος,
481 234 562 291 δ’,τι
593 241 679 282 δέοι
707 236 811 294 δρᾷν
830 234 933 291 πρὸς
963 234 1016 277 τοὶ
1045 235 1252 292 παρόντα.
1285 235 1325 277 οῖ
1345 235 1553 291 βάρβαροι
1584 238 1631 279 δὲ
1662 237 1758 281 ἐπεὶ

311 301 432 357 ἐγγὺς
463 307 610 360 Φερῶν
637 301 744 360 ἦσαν
775 301 878 355 μετά
907 303 1140 356 βασιλέως,
1167 300 1206 343 οἱ
1227 302 1395 351 πλείους
1414 303 1493 355 μὲν
1517 301 1755 359 ἀμελήσαν-

311 385 379 418 τες
410 371 492 413 τῶν
519 371 766 425 συνθηκῶν,
789 366 1013 422 ἐτράποντο
1040 369 1112 409 ἐπὶ
1145 370 1369 423 λεηλασίαν
1405 369 1476 410 καί
1501 371 1643 411 πᾶσαν
1679 368 1756 424 τήν

308 434 462 490 χώραν
500 435 710 492 ἐπόρθουν
748 434 916 487 οἷδειῦς,
950 436 1161 487 ’βασιλέως
1217 434 1456 488 α’χθομένου
1506 433 1580 476 καὶ
1618 434 1754 477 πάντα

310 499 588 557 πράττοντος,
618 503 661 551 ἐξ
703 494 770 542 ὧν
803 494 903 557 ᾤετο
939 499 1143 542 κωλύσειν
1185 498 1283 548 τούς
1312 499 1556 555 βαρβάρους
1600 503 1776 543 κακοῦνέ

309 566 407 616 τοὺς
437 569 614 623 φίλους·
668 563 760 609 ὅσοι
787 568 834 608 δὲ
857 564 962 620 μετά
995 567 1201 619 βασιλέως
1228 561 1336 621 ἦσαν
1363 568 1438 608 καί
1469 565 1545 607 τοῦ
1574 581 1754 621 στρατη-

181 635 409 689 P,389yoii,
463 631 540 688 τήν
599 634 818 688 Τριβαλῶν
864 630 1017 681 ἰδόντες
1055 633 1314 686 προσιοῦσαν
1356 629 1580 686 στρατιάν,
1614 627 1641 689 ᾗ
1685 633 1759 674 καὶ

311 700 499 753 Βοΐχνας
529 699 660 754 συνῆν
693 695 938 754 ὅΚαῖσαρ,
970 695 1161 753 ὥρμηντο
1191 701 1434 751 συμβαλεῖν.
1488 697 1688 752 βασιλεῦς
1709 699 1756 740 δὲ

313 765 408 806 ἐπεῖ
438 763 571 806 πολλὰ
610 763 757 818 καμών
798 760 874 805 οὖκ
896 764 1084 819 ἠδυνήθη
1112 770 1256 806 πεῖσαι
1296 765 1559 818 ἀποσχέσθαι
1590 761 1756 819 μάχης,

313 831 468 886 ἐχώρει
493 828 567 872 καὶ
585 825 714 880 αὖτὸς
748 829 820 872 ἐπὶ
839 827 914 872 τὸν
941 827 1134 883 πόλεμον.
1188 825 1319 887 ᾔεσαν
1354 832 1401 872 δὲ
1431 829 1505 872 καί
1526 829 1566 872 οἱ
1600 833 1779 886 Τριβα-τ

310 899 381 938 λοί
408 894 563 950 ὁμοίως
602 895 673 938 ἐπὶ
699 895 799 946 τούς
826 893 1082 952 βαρβάρους.
1110 894 1172 938 ἔτι
1198 897 1246 938 δὲ
1270 896 1649 951 ἆκροβολιζομένων
1675 895 1759 937 τῶν

308 963 563 1019 βαρβάρων,
593 960 733 1018 ὥσπερ
770 960 867 1012 ἔθος
899 964 998 1017 πρὶν
1022 958 1138 1016 ἥκειν
1177 963 1238 1011 εἷς
1269 961 1347 1011 τάς
1375 954 1550 1018 χεῖρας,
1587 959 1758 1003 ἔπιπτεν

311 1028 333 1070 ὁ
364 1027 594 1084 στρατηγὸς
618 1032 731 1082 βέλει
761 1027 939 1082 τρωθείς
967 1025 1046 1069 ὕπὸ
1073 1030 1155 1069 τῶν
1187 1029 1434 1083 Τριβαλῶν,
1457 1026 1531 1069 καί
1555 1024 1761 1082 σύγχυσις

314 1092 429 1149 δεινὴ
462 1096 534 1136 καί
562 1093 712 1144 ἀταξία
740 1093 784 1135 τὸ
812 1091 1092 1148 στρατόπεδον
1118 1099 1282 1148 κατεῖχε
1304 1095 1386 1135 τῶν
1413 1093 1663 1149 βαρβάρων,
1690 1089 1760 1136 οἷα

312 1159 365 1215 δη
401 1161 446 1202 ἐκ
475 1158 644 1215 πρώτης
665 1159 902 1215 ἡττημένων
929 1159 1131 1215 εἰσβολῆς.
1160 1155 1356 1212 βασιλευς
1384 1160 1430 1201 δὲ
1456 1157 1551 1201 τότε
1575 1162 1781 1213 μάλιστα)

162 1232 204 1271 V.
230 1236 297 1279 7⁰8
310 1225 500 1283 ἐφαίνετο
541 1225 736 1268 συνεῖναί
759 1241 803 1268 τε
841 1223 896 1267 τὰ
940 1226 1082 1267 δέοντα
1118 1221 1177 1267 α’]’ν
1225 1223 1324 1276 ὄξὺς
1350 1227 1395 1268 ἐν
1421 1226 1632 1280 ἐπείγουσι
1668 1241 1762 1267 και-

311 1298 399 1348 ροῖς
453 1294 526 1335 καί
564 1291 686 1340 αὐτός
713 1308 759 1334 τε
786 1289 1139 1348 καταπράξασθαι
1178 1294 1250 1334 καί
1289 1297 1375 1340 τοῖς
1424 1287 1564 1341 ἄλλοις
1603 1307 1760 1347 παραι-

271 1361 445 1405 Βνέσαι.
502 1358 651 1400 αὐτίκα
678 1355 757 1412 γάρ
786 1359 925 1413 ἓτερον
952 1357 1205 1412 ἐχειροτόνει
1239 1356 1483 1412 στρατηγὸν·
1513 1356 1586 1399 καῖ
1627 1355 1763 1414 παρῄ-

313 1440 377 1467 νει
404 1425 589 1478 μάλιστα
628 1424 832 1479 θαρᾘεΐν,
868 1424 925 1472 ὥς
961 1425 1095 1472 καλῶς
1134 1420 1271 1464 αὐτοῦ
1298 1430 1389 1473 τοῖς
1415 1422 1634 1479 πράγμασι
1657 1440 1763 1479 χρη-

317 1492 511 1543 σομένου.
568 1489 808 1543 εἶσωθήσας
857 1491 903 1530 δὲ
942 1488 1073 1530 αὐτὸν
1111 1489 1171 1537 εἷς
1207 1487 1305 1538 τούς
1333 1487 1619 1544 προτάκτους,
1662 1488 1784 1543 ε”ργας

313 1554 471 1611 τόλμης
498 1556 572 1597 καί
599 1556 774 1610 α’νδρίας
802 1556 1063 1596 ἐπεδείκνυτο
1092 1551 1336 1608 θαυμαστά.
1370 1561 1482 1610 τρεῖς
1501 1554 1579 1611 γὰρ
1614 1557 1764 1611 ἐφεξῆς

316 1618 560 1679 αὐτοχειρίᾳ
588 1620 812 1673 πολεμίους
844 1617 1033 1673 ἀνελών,
1065 1618 1273 1675 ἠνάγκασε
1306 1622 1380 1676 τῆς
1403 1619 1547 1676 μάχης
1579 1617 1762 1676 ἀποσχέ-

317 1690 423 1728 σθαι
462 1684 714 1740 Τριβαλούς.
769 1685 919 1727 αὐτίκα
960 1683 1039 1741 γάρ
1079 1685 1322 1741 ἀνεχώρουν
1366 1686 1438 1728 ε’πί
1467 1685 1608 1740 Φεράς
1638 1681 1765 1736 οὔσας

316 1753 369 1794 ου’
394 1752 576 1809 μακράν.
638 1749 785 1794 ἔπεσον
811 1753 858 1793 δὲ
886 1751 989 1794 κατὰ
1037 1749 1112 1807 την
1139 1751 1354 1806 συμβολὴν
1383 1753 1540 1807 ἐκείνην
1580 1755 1767 1810 Περσῶν

310 1908 435 1941 Pheris
460 1906 801 1953 appropinquarunt
813 1932 822 1948 ‚
834 1908 968 1953 plures,
982 1913 1241 1942 conventorum
1255 1910 1384 1950 securi,
1394 1908 1608 1954 praedatum
1623 1920 1661 1944 se
1673 1910 1765 1943 effu-

311 1954 398 1987 dere
435 1959 624 1999 totamque
659 1956 842 1998 regionem
865 1965 931 1999 per
954 1955 1140 1988 licentiam
1160 1954 1373 1999 depopulati
1397 1960 1507 1997 sunt,
1531 1962 1766 1990 succensente

310 2001 529 2044 imperatore
555 2005 592 2034 et
616 2007 784 2035 tentante
806 2001 945 2042 omnia,
978 2001 1111 2047 quibus
1144 2003 1278 2035 amicos
1304 2003 1451 2036 iniuriis
1477 2001 1710 2037 barbarorum
1724 2012 1764 2036 se

310 2046 585 2092 prohibiturum
610 2053 766 2092 putaret.
822 2048 895 2093 Qui
922 2053 1046 2082 autem
1082 2059 1162 2084 cum
1191 2049 1408 2092 imperatore
1444 2054 1482 2083 et
1503 2049 1594 2083 duce
1618 2061 1683 2083 suo
1707 2060 1765 2083 re-

314 2099 546 2134 manserant,
581 2104 726 2127 manum
760 2094 1029 2136 Triballorum,
1081 2097 1121 2129 in
1158 2105 1229 2140 qua
1267 2100 1304 2128 et
1339 2095 1514 2130 Boichnas
1557 2096 1764 2136 visebatur,

318 2145 442 2173 contra
468 2145 654 2173 cernentes
680 2141 862 2183 invadere,
885 2142 1077 2188 confligere
1103 2142 1309 2187 cupiebant.
1334 2142 1534 2186 Imperator
1555 2142 1620 2176 ubi
1647 2143 1765 2176 multo

321 2185 448 2218 labore
474 2197 534 2219 eos
560 2196 580 2217 a
604 2198 723 2232 pugna
750 2189 951 2223 absterrere
976 2201 1051 2222 non
1075 2190 1214 2234 potuit,
1237 2193 1274 2220 et
1297 2190 1374 2234 ipse
1399 2188 1446 2221 ad
1469 2194 1650 2223 certamen
1674 2199 1765 2234 pro-

323 2232 455 2273 cessit,
481 2231 581 2277 quod
607 2240 645 2267 et
669 2233 825 2268 Triballi
850 2236 888 2270 in
912 2235 1083 2269 barbaros
1109 2235 1292 2269 faciebant
1313 2261 1322 2277 ‚
1359 2235 1494 2281 quibus
1528 2236 1647 2269 adhuc
1677 2237 1765 2269 mis-

323 2277 468 2318 silibus,
484 2279 541 2322 (ut
566 2279 745 2322 solebant,
758 2288 953 2328 antequam
975 2283 1154 2327 proelium
1181 2283 1438 2326 consererent,)
1449 2282 1767 2327 praeludentibus,

327 2323 400 2357 dux
428 2323 580 2358 cecidit:
618 2327 718 2359 cuius
756 2339 838 2362 casu
875 2330 1000 2374 ingens
1034 2329 1196 2363 confusio
1236 2340 1278 2362 ac
1302 2329 1498 2374 trepidatio
1522 2329 1626 2369 illos,
1661 2329 1765 2363 velut

323 2371 443 2415 primo
467 2372 605 2415 impetu
628 2373 756 2415 victos,
779 2378 946 2418 pervasit.
981 2377 1183 2420 Imperator
1206 2381 1281 2409 tum
1308 2376 1461 2409 maxime
1486 2382 1525 2410 et
1548 2375 1593 2409 ad
1618 2376 1763 2409 intelli-

324 2417 506 2461 gendum,
537 2418 627 2463 quid
658 2420 724 2451 tali
767 2425 928 2466 tempore
961 2424 1190 2464 conveniret,
1225 2427 1262 2456 et
1293 2423 1338 2456 ad
1363 2434 1438 2457 rem
1465 2423 1544 2468 ipse
1566 2423 1762 2456 conficien-

324 2464 406 2497 dam
438 2465 602 2509 aliosque
626 2464 828 2500 incitandos
854 2469 950 2502 celer
975 2481 1015 2502 ac
1038 2471 1223 2514 promptus
1251 2471 1430 2515 apparuit.
1478 2470 1599 2503 Alium
1624 2470 1761 2514 quippe

324 2510 452 2543 (lucem
474 2513 596 2546 statim
622 2515 844 2556 surrogavit,
870 2526 976 2560 quem
1003 2517 1055 2549 rei
1083 2527 1102 2548 a
1127 2528 1164 2550 se
1190 2516 1284 2550 hene
1310 2517 1488 2561 gerendae
1525 2517 1656 2549 fiducia
1692 2517 1778 2548 im·-

321 2557 455 2602 plevit:
491 2568 672 2601 ruensque
705 2559 744 2591 in
777 2562 926 2604 primam
966 2564 1104 2604 aciem,
1141 2564 1272 2597 eximia
1317 2565 1498 2597 animosae
1533 2561 1764 2596 fortitudinis

324 2603 489 2648 exempla
516 2603 643 2638 edidit.
693 2605 826 2639 Tribus
856 2609 949 2640 enim
982 2609 1148 2642 hostibus
1174 2611 1403 2650 continenter
1427 2621 1490 2644 sua
1514 2621 1623 2643 manu
1646 2610 1760 2642 inter-

324 2651 450 2690 fectis,
489 2651 672 2684 'l'riballos
707 2654 867 2696 receptui
903 2665 1030 2689 canere
1077 2662 1112 2690 et
1144 2657 1272 2691 Pheras
1307 2657 1405 2691 lsaud
1440 2658 1545 2702 longe
1581 2656 1760 2689 distantes

324 2698 404 2731 sine
427 2707 527 2733 mora
551 2698 719 2733 recedere
746 2701 871 2745 coegit.
919 2702 972 2736 Eo
1004 2703 1172 2740 conflictu
1208 2704 1394 2739 Persarum
1418 2706 1546 2749 pauci,
1576 2702 1759 2738 Triballo-
