1794 3158
347 105 421 146 AD
461 104 828 148 cmTAcnzml
866 105 964 145 Lm.
995 106 1071 145 111.
1116 96 1119 101 ’
1343 83 1450 142 523

21 208 139 304 ἔνθ
166 204 429 260 ineffabiliter
457 207 653 247 iudicante
667 236 680 258 ,
705 205 806 262 quid
825 206 964 262 cuique
991 202 1236 245 tribuendum
1262 205 1312 243 sit
1328 232 1340 252 ‚
1369 204 1454 244 sive

106 263 191 317 ipso
217 262 307 301 Deo
321 290 334 311 ‚
363 263 432 301 vel
454 263 513 302 ad
530 276 708 317 poenam·
724 262 921 311 malitiae,
951 261 1018 300 vel
1043 260 1100 299 ad
1125 259 1311 299 solatium
1338 261 1452 298 mise-

24 317 136 366 riae,
177 318 243 356 vel
281 317 340 356 ad
379 319 629 357 monitionem
670 317 920 371 quaerendae
958 316 1093 355 salutis
1124 323 1316 354 aeternae.
1383 314 1457 354 Ad

22 371 150 426 ipsam
174 381 300 411 autem
330 373 492 411 salutem
521 387 569 412 ac
598 373 722 412 vitam
759 381 958 411 aeternam
993 384 1103 410 nemo
1135 369 1321 424 pervenit
1332 397 1344 417 ,
1375 370 1454 408 nisi

21 427 93 481 qui
111 427 225 466 habet
253 437 370 482 caput
398 429 607 467 Christum.
664 427 824 466 Habere
851 435 981 465 autem
1007 434 1124 480 caput
1154 425 1347 463 Christum
1383 438 1453 464 ne-

0 502 2 517 ‡
22 494 86 523 mo
107 483 279 536 poterit,
311 483 389 521 nisi
421 483 490 538 qui
510 484 552 522 in
579 483 660 522 eius
690 496 854 527 corpore
863 482 1021 531 fuerit,
1064 480 1171 535 quod
1193 488 1249 519 est
1272 479 1449 519 ecclesia.

133 536 241 576 Haec
273 537 541 590 pulcherrime
568 545 727 577 sanctus
755 537 1001 590 Augustinus
1023 566 1033 583 ‚
1064 536 1135 588 qui
1170 542 1210 574 et
1245 540 1360 576 tract.
1392 535 1453 577 13.

21 590 65 631 in
93 591 343 645 evangelium
370 593 453 632 divi
482 594 642 632 Ioannis
659 622 671 644 ,
703 606 869 631 monens
895 589 1109 631 catholicos
1125 619 1136 640 ,
1165 597 1209 628 ut
1223 590 1454 628 Donatista-

21 659 113 689 rum
151 646 312 701 laqueos
353 650 504 697 vitent,
548 648 676 687 Nemo
709 648 838 695 vobis,
878 646 1009 700 inquit
1024 674 1037 694 ‚
1080 644 1246 695 fabulas
1286 644 1452 684 vendat.-

18 709 60 741 εί
84 700 247 742 Pontius
266 704 375 756 jecit
409 703 642 743 miraculum
688 712 727 742 et
763 703 945 742 Donatus
986 702 1118 741 oravit
1136 729 1148 748 ‚
1183 708 1222 738 et
1257 714 1317 738 res
1346 699 1458 740 ondit

21 756 60 795 ei
79 756 186 796 Deus
213 758 262 796 de
306 759 424 797 coelo.
480 758 618 797 Primo
657 767 726 797 aut
734 758 944 810 falluntur
985 764 1054 795 aut
1066 756 1236 806 sallum.
1333 763 1454 794 ostre-

88 812 171 864 sac
198 813 310 852 illum
332 822 476 853 montes
505 815 740 863 transferre,
776 813 984 852 caritatem
1015 819 1146 849 autem
1160 839 1177 856 ,
1205 810 1331 863 inquit
1344 839 1354 857 ‚
1378 824 1456 850 non

18 866 202 915 habeam,
219 868 319 906 nillil
347 883 445 908 sum.
507 867 739 917 Videamus,
762 877 889 907 utrum
909 867 1088 906 habuerit
1112 865 1329 906 caritatem.
1360 865 1454 903 Cre-

18 919 151 960 der-em
165 950 176 970 ,
209 924 244 962 si
275 937 353 962 non
383 924 578 963 divisisset
604 926 807 963 unitatem:
847 936 948 962 nam
972 930 1009 960 et
1026 930 1162 960 contra
1189 921 1300 969 istos,
1329 928 1371 958 ut
1400 922 1456 959 sic

18 975 183 1031 loquar,
227 979 515 1018 mirabiliarios
557 988 717 1019 cautum
760 991 821 1017 me
845 978 954 1030 jecit
994 976 1101 1014 Deus
1137 990 1261 1025 meus,
1294 975 1427 1013 dicens
1442 990 1455 1010 :

19 1029 73 1070 In
97 1034 318 1072 novissimis
344 1034 580 1088 temporibus
613 1042 821 1086 exsurgent
839 1032 1196 1088 pseudoprophetae
1212 1060 1222 1077 ,
1256 1028 1455 1083 facientes

48 1086 56 1094 '
79 1101 134 1125 na
162 1097 200 1126 et
212 1098 415 1142 portenta,
448 1098 491 1128 ut
513 1091 556 1128 in
580 1103 752 1128 errorem
777 1088 963 1127 inducant
993 1088 1115 1125 etiam
1145 1086 1295 1128 electos.
1350 1085 1457 1124 Ecce

20 1151 22 1167 ³
48 1142 216 1182 raedixi
237 1144 360 1182 vobis.
416 1144 528 1197 Ergo
556 1153 685 1183 cautos
707 1158 776 1183 nos
788 1145 897 1195 fecit
919 1156 1102 1197 sponsus,
1136 1142 1231 1195 quia
1262 1149 1301 1179 et
1329 1142 1456 1179 mira-

18 1197 118 1235 culis
151 1198 282 1252 decipi
316 1213 395 1238 non
418 1199 607 1238 debemus.
663 1197 899 1254 Aliquando
939 1198 1044 1236 enim
1076 1205 1113 1234 et
1140 1196 1314 1234 desertor
1340 1203 1459 1234 temet

48 1251 305 1292 rovincialem
324 1283 336 1303 ,
376 1254 447 1292 sed
480 1264 607 1293 utrum
641 1256 683 1293 in
717 1255 853 1292 castris
886 1254 936 1292 sit
978 1261 1016 1290 et
1043 1251 1200 1304 aliquid
1233 1250 1300 1288 illi
1327 1252 1458 1304 prosit

19 1306 220 1346 character
251 1309 346 1359 ille,
366 1311 408 1348 in
433 1324 507 1364 quo
535 1310 706 1361 signatus
735 1318 792 1347 est
805 1338 817 1360 ,
846 1309 917 1346 hoc
949 1307 1132 1356 attendit,
1156 1307 1228 1360 qui
1252 1307 1392 1343 terreri
1420 1314 1459 1344 et

16 1361 150 1401 seduci
164 1377 243 1402 non
261 1364 358 1407 vult.
419 1365 634 1403 Teneamus
667 1377 758 1415 ergo
796 1364 985 1402 unitatem
992 1363 1150 1413 fratres
1178 1362 1256 1399 mei
1263 1375 1278 1409 ,·
1293 1369 1458 1415 praeter

77 1417 199 1456 'tatem
239 1427 279 1456 et
313 1420 383 1474 qui
402 1419 517 1470 facit
552 1420 770 1468 miracula,
813 1419 918 1457 nihil
957 1426 1023 1456 est.
1081 1420 1133 1455 In
1168 1416 1315 1454 unitate
1349 1417 1454 1455 enim

59 1481 104 1511 at
121 1474 289 1527 populus
318 1474 470 1524 Israel,
517 1483 555 1513 et
587 1489 667 1513 non
680 1473 871 1526 faciebat
906 1472 1114 1514 miracula.
1174 1471 1340 1510 Praeter
1367 1472 1455 1509 uni-

71 1541 132 1566 em
163 1537 280 1568 erant
306 1530 414 1581 magi
466 1529 712 1579 Pharaonis,
763 1537 801 1567 et
841 1527 1062 1582 faciebant
1101 1526 1254 1566 similia
1300 1526 1452 1577 Moysi.

56 1595 125 1621 aec
156 1590 196 1623 et
221 1584 299 1623 alia
326 1583 533 1637 complura
561 1586 603 1624 in
643 1583 811 1624 eandem
845 1584 1080 1622 sententiam
1119 1589 1278 1621 sanctus
1315 1582 1454 1633 Augu-

53 1637 165 1687 ‘nuS‚
195 1639 244 1678 ad
275 1653 404 1693 quae,
456 1647 651 1692 tanquam
681 1639 731 1679 ad
761 1637 937 1677 libellam
966 1637 1226 1676 examinanda
1256 1643 1348 1675 sunt
1374 1651 1421 1676 ea
1439 1662 1452 1686 ,

73 1707 118 1732 ae
167 1694 416 1734 schismatici
455 1696 605 1734 iactant
652 1693 846 1734 miracula
900 1706 1146 1745 suorumque
1185 1691 1373 1732 vaticinia
1413 1697 1454 1731 et

38 1747 188 1788 racula-

122 1803 202 1843 Nec
231 1811 307 1854 est,
333 1805 445 1858 ¹quod
473 1805 562 1858 quis
590 1810 801 1842 moveatur
828 1810 986 1842 externa
1015 1802 1233 1841 sanctitatis
1260 1802 1389 1854 specie
1413 1808 1453 1840 et

35 1860 240 1898 usteritate
272 1860 378 1899 vitae
406 1875 570 1907 eorum,
611 1861 680 1912 qui
719 1859 813 1898 talia
860 1858 923 1898 vel
970 1872 1062 1897 vere
1094 1856 1156 1896 vel
1185 1857 1272 1895 ficte
1301 1864 1449 1909 agunt:

39 1912 228 1953 idendum
258 1916 364 1954 enim
395 1923 486 1954 ante
515 1916 651 1954 omnia
671 1944 681 1962 ‚
717 1929 796 1953 non
826 1916 894 1967 qui
926 1915 1004 1952 sint
1032 1920 1071 1952 et
1102 1919 1344 1965 appareant,
1381 1912 1451 1950 sed

40 1966 80 2007 bi
109 1971 215 2021 sint,
247 1976 286 2009 et
316 1971 415 2024 quid
443 1971 674 2023 dogmatum
702 1969 975 2022 profiteantur.
1037 1968 1141 2006 Nam
1169 1974 1214 2005 ut
1249 1965 1450 2020 praeclare

50 2023 147 2063 ribit
174 2032 314 2064 auctor
344 2027 474 2079 operis
501 2025 737 2078 imperfecti,
766 2024 931 2063 homilia
958 2030 1099 2077 quarta
1128 2024 1168 2061 in
1198 2022 1449 2061 Matthaeum

55 2078 83 2117 b
107 2079 254 2130 finem,
285 2093 416 2120 omnes
446 2083 589 2136 species
626 2081 794 2119 iustitiae
807 2110 818 2127 ,
862 2094 958 2133 quas
989 2079 1130 2117 habent
1152 2079 1264 2116 servi
1294 2077 1379 2116 Dei
1406 2077 1448 2116 in

78 2135 183 2184 itate,
217 2146 378 2190 possunt
407 2137 553 2175 habere
591 2143 629 2174 et
666 2136 773 2173 servi
797 2135 951 2173 diaboli
968 2135 1010 2173 in
1036 2133 1294 2174 simulatione.
1350 2131 1444 2169 Ha-

52 2197 69 2227 t
107 2190 214 2228 enim
250 2190 430 2230 diabolus
472 2201 509 2230 et
546 2199 763 2230 mansuetos
795 2199 834 2229 et
872 2190 1062 2236 humiles,
1101 2187 1218 2227 habet
1256 2195 1385 2226 castos
1411 2195 1449 2226 et

27 2243 335 2295 leemosynarios
364 2256 402 2285 et
427 2248 577 2285 ieiunos
605 2255 643 2284 et
674 2259 828 2283 omnem
849 2246 1013 2300 speciem
1036 2244 1149 2291 boni,
1182 2257 1304 2296 quam
1331 2256 1445 2280 crea-

34 2299 67 2337 it
89 2299 200 2338 Deus
223 2300 282 2338 ad
303 2301 467 2340 salutem
496 2302 722 2349 lzomz'num5
756 2300 885 2354 ipsam
916 2301 1082 2354 speciem
1109 2306 1147 2336 et
1174 2297 1358 2336 diabolus
1380 2298 1445 2335 in-

66 2355 187 2394 duxit
211 2355 269 2393 ad
296 2356 556 2395 seductionem
573 2385 584 2406 ,
618 2365 658 2394 ut
684 2357 787 2393 inter
818 2356 958 2394 bonum
983 2369 1121 2393 verum
1149 2361 1186 2390 et
1209 2352 1444 2391 simulatum

28 2411 183 2461 ons'usio
200 2410 289 2465 fiat
303 2429 314 2449 :
346 2420 388 2449 ut
412 2411 612 2464 simplices
639 2411 812 2449 homines
828 2441 839 2458 ,
874 2411 944 2465 qui
972 2411 1065 2448 boni
1089 2408 1177 2447 veri
1203 2415 1240 2445 et
1267 2404 1445 2444 simulati

31 2464 269 2517 iffi-rentiam
299 2466 516 2518 intelligere
553 2475 664 2504 caute
698 2479 776 2504 non
808 2474 994 2520 possunt,
1035 2465 1131 2502 dum
1160 2468 1350 2514 quaerunt
1376 2460 1444 2498 ho-

55 2534 72 2558 s
101 2519 183 2558 Dei
210 2522 335 2568 viros,
365 2523 570 2559 incurrant
599 2523 639 2559 in
676 2520 894 2560 seductores
922 2520 1086 2558 diaboli.
1143 2516 1281 2554 Solam
1315 2524 1443 2553 autem

11 2587 25 2596 ⁸
74 2576 206 2613 itatem
235 2578 361 2615 sancti
386 2576 558 2631 Spiritus
585 2590 662 2615 non
684 2584 811 2630 potest
839 2575 1059 2614 immundus
1089 2572 1246 2624 spiritus
1273 2569 1444 2608 imitari.

11 2629 151 2668 Omnis
167 2643 259 2681 ergo
274 2633 415 2684 species
437 2632 608 2669 iustitiae
626 2633 667 2669 in
687 2631 956 2685 impostoribus
979 2627 1187 2673 iuvenitur,
1211 2625 1295 2664 sola
1312 2634 1445 2663 autem

29 2687 137 2724 ralia
166 2698 289 2724 verae
315 2687 490 2725 caritatis
516 2700 594 2726 non
620 2687 837 2734 invenitur,
885 2684 966 2724 nisi
1003 2684 1046 2722 in
1073 2681 1166 2721 solis
1193 2681 1317 2719 servis
1350 2679 1442 2720 Dei.
