1800 3164
210 160 212 163 ’
261 170 332 226 28
797 189 1172 232 CANTACUZENI

47 304 87 339 A·
104 304 242 351 (3.1347
257 308 328 348 νης
366 290 492 354 αὐτὸς
513 287 663 341 ἐὐθὺς
690 291 797 344 μετὰ
826 292 872 334 τὸ
914 294 1092 345 βασιλέα
1122 293 1359 344 Βυζαντίου
1388 294 1701 349 κεκρατηκέναι,

255 360 350 400 ἐπεὶ
374 357 480 414 πρὸς
509 359 664 400 ἐκεῖνον
692 359 961 412 παρεγένετο,
1005 355 1101 400 ἔλυε
1128 357 1202 400 καί
1228 357 1355 408 αὐτὸς
1382 360 1547 401 πολλῶν
1577 359 1702 401 duov-

211 434 236 466 Β
255 424 381 466 ὀντων
421 422 495 466 τὸν
521 422 787 480 α’φορισμόν·
856 424 947 466 ἀλλ’
976 420 1091 477 ὅμως
1121 426 1257 467 ἐδόκει
1290 427 1364 466 καί
1390 421 1524 476 αὖθις
1544 425 1702 469 Ἰσιδω-

253 506 313 548 ρῳ
345 490 393 532 τά
427 489 500 533 ἴσα
528 491 714 538 πλείονος
741 492 858 531 ἕνεκα
888 491 1122 546 οἶσφαλείας
1150 488 1358 545 πράττειν.

364 555 414 598 δ’.
468 554 670 610 Ὀρχάνης
691 552 780 598 δὲὸ
810 557 1016 609 βασιλέως
1044 556 1235 612 γαμβρὸς
1256 589 1267 611 ,
1299 557 1392 598 ἐπεὶ
1417 555 1596 598 ἐπύθετο
1624 555 1739 608 [θα-5

253 623 375 664 σιλέα
405 619 690 677 κεκρατηκότα
717 623 954 674 Βυζαντίου
988 622 1062 664 καί
1100 625 1239 665 πᾶσαν
1267 617 1347 678 ἤδη
1375 622 1449 678 τὴν
1481 623 1704 674 Ῥωμαίων

253 687 475 742 ἡγεμονίαν
502 685 649 741 ἔχοντα
669 687 878 741 βεβαίως,
913 691 1159 746 πανοικησίᾳ
1181 684 1286 743 ἦλθε
1312 687 1418 743 πρὸς
1445 689 1523 729 τοῦ
1535 689 1704 739 Βυζαν-

212 756 344 794 ῦτίου
373 751 449 807 τὴν
476 754 673 808 περαίαν,
704 750 727 793 ὃ
759 752 1016 809 Σκουτάριον
1041 755 1257 809 ἐγχωρίαις
1288 750 1558 807 ὀνομάζεται,
1601 770 1703 796 συν-

253 815 539 873 ησθησόμενος
583 818 656 859 ἐπὶ
690 819 741 875 τῇ
769 818 874 877 νίκῃ.
932 821 1007 862 καί
1035 819 1058 860 ὅ
1078 819 1280 875 βασιλευς
1307 816 1459 861 αὐτίκα
1491 817 1704 875 τριήρεσιν

249 885 495 938 ἐπεραιοῦτο
519 882 626 937 πρὸς
654 884 802 926 αὐτόν·
833 888 906 928 καί
932 886 1193 942 ἐφ’ἦμέραις
1223 886 1299 926 ov’z
1323 885 1480 939 ὀλίγαις
1498 883 1702 939 συνήδον-
1722 902 1766 926 ιο
1795 919 1797 921 .

248 965 295 990 το
327 947 547 1004 ἀλλήλοις,
578 949 734 1006 θήραις
763 949 1038 1005 σχολάζοντες
1066 951 1139 993 καί
1165 949 1303 1000 πότοις
1320 950 1392 992 καί
1419 953 1697 1007 φιλοτησίαις.

246 1012 475 1069 συνήσθιον
499 1017 544 1057 δὲ
567 1014 770 1069 βασιλεῦς
795 1018 874 1069 μὲν
902 1017 976 1060 καί
1000 1016 1202 1072 Ὀρχάνης
1235 1017 1255 1058 ὁ
1284 1017 1475 1072 γαμβρὸς
1502 1017 1574 1058 ἐπὶ
1600 1033 1702 1072 τρα-

245 1080 372 1135 πέζης
399 1081 474 1135 τῆς
505 1080 715 1137 αὐτῆς,οἱ
744 1081 833 1124 υἱοί
859 1084 905 1125 δὲ
929 1087 1117 1140 τέτταρες
1139 1078 1265 1136 ὄντες,
1300 1084 1344 1134 ἐξ
1373 1079 1528 1138 ἐτέρων
1555 1098 1702 1136 γυναι-

245 1144 330 1188 κῶν
359 1142 476 1204 αὖτῷ
502 1151 788 1203 γεγενημένοι,
826 1146 1053 1205 ἐφ’ἒτέρας
1082 1150 1133 1190 ου’
1161 1148 1331 1204 μακράν
1362 1151 1435 1204 τῆς
1463 1149 1697 1202 βασιλέως·

244 1214 328 1254 ταῖν
353 1209 570 1268 ἐπιφανῶν
600 1215 645 1256 δὲ
675 1217 861 1270 Περσῶν
893 1214 933 1257 οῖ
961 1211 1078 1257 ἄλλοι
1108 1216 1181 1258 καί
1203 1216 1423 1268 Ῥωμαίων
1461 1214 1532 1257 ἐπὶ
1570 1217 1703 1271 ταπή-
1721 1217 1766 1258 15

244 1294 327 1320 των
350 1274 460 1333 ἦσαν
489 1280 801 1333 α’νακεκλιμένοι
836 1280 942 1337 πρὸς
971 1279 1015 1323 τὸ
1048 1283 1209 1324 ἐσθίειν
1229 1313 1241 1335 ,
1279 1279 1377 1324 ὅσον
1411 1279 1594 1336 ὁρᾶσθαι
1622 1281 1702 1324 ὑπὸ

244 1345 465 1397 βασιλέως.
521 1345 614 1387 ἐπεὶ
637 1347 684 1387 δὲ
703 1345 926 1402 ἐφ’ἱκανὸν
947 1347 1222 1403 συνήσθησαν
1249 1345 1473 1402 α’λλήλοις,
1503 1347 1702 1403 Ὀρχιὶνης

244 1413 324 1463 μὲν
357 1408 517 1463 ἐζιιεινεν
551 1410 622 1452 ἐπὶ
647 1413 722 1453 τοῦ
741 1414 1026 1467 στρατοπέδου
1048 1445 1059 1467 ,
1079 1412 1278 1467 βασιλεὺς
1305 1415 1351 1455 δὲ
1377 1412 1480 1466 μετὰ
1511 1416 1584 1469 τῆς
1619 1417 1700 1455 θυ-

199 1474 399 1531 Βγατρὸς
444 1476 669 1531 Θεοδώρας
710 1479 785 1532 τῆς
819 1477 1000 1534 Ὀρχάνη
1029 1478 1246 1533 γυναικὸς,
1276 1477 1491 1533 ἑπομένων
1523 1481 1595 1521 καί
1621 1483 1702 1522 τῶν

239 1541 424 1598 Ὀρχάνη
453 1545 615 1586 παίδων
643 1545 716 1585 καί
741 1546 822 1586 τῶν
855 1539 992 1586 ἄλλων
1019 1548 1100 1587 τῶν
1128 1547 1174 1588 ἐκ
1202 1547 1275 1601 τῆς
1297 1547 1517 1601 οἰκίας,εἰς
1532 1544 1700 1598 Βυζὰν-
1712 1539 1768 1587 ao

243 1621 332 1649 τιον
359 1609 630 1664 α’νέστρεφεν.
687 1608 716 1663 ἣ
744 1610 1023 1666 συγγενομένη
1051 1614 1242 1666 βασιλίδι
1272 1613 1324 1670 τῇ
1352 1612 1484 1667 μητρί
1510 1611 1583 1654 καί
1606 1619 1701 1663 ταῖς

244 1673 454 1728 ἀδελφαῖς
483 1674 554 1716 ἐπὶ
580 1677 718 1731 τρισίν
747 1673 943 1731 ἡμέραις,
973 1676 1115 1719 ἔπειτα
1150 1677 1403 1734 ἀνέστρεφεν
1433 1679 1491 1736 εἰς
1517 1676 1594 1733 τήν
1621 1681 1701 1720 Βι-

241 1740 399 1781 θυνίαν
437 1740 542 1793 μετά
586 1743 669 1784 τῶν
702 1739 810 1783 υἱῶν
840 1742 1020 1798 Ὀρχάνη
1053 1745 1126 1785 καί
1152 1746 1236 1785 τῶν
1267 1739 1404 1785 ἄλλων
1431 1746 1514 1786 τῶν
1542 1745 1699 1800 ἐφεπο-

240 1806 400 1858 μένων,
417 1808 772 1864 εΰεργετηθέντων
803 1809 1033 1863 φιλοτιζιιως
1059 1808 1175 1864 παρὰ
1197 1810 1404 1862 βασιλέως
1425 1812 1499 1852 τοῦ
1519 1811 1696 1867 πατρός.

224 1931 407 1973 ·‹liretur,
445 1928 786 1967 anathematismum
824 1938 1016 1980 praesente
1053 1935 1190 1979 populo
1234 1936 1583 1970 resciditrtametsi
1619 1936 1697 1981 ipse

238 1980 418 2020 Ioannes,
442 1985 485 2012 ut
507 1982 705 2025 imperator
731 1986 906 2026 occupato
932 1982 1103 2025 Byzantio
1131 1981 1177 2014 ad
1201 1993 1283 2016 eum
1307 1983 1428 2023 venit,
1451 1982 1606 2016 eundem
1629 1994 1699 2016 an-

239 2027 413 2072 tiquarat.
438 2027 564 2060 Nihilo
579 2027 699 2060 minus
722 2028 862 2062 Isidoro
881 2027 917 2061 id
937 2029 1055 2072 ipsum
1077 2029 1209 2062 iterato
1232 2030 1311 2062 fieri
1335 2030 1591 2075 complacitum
1612 2029 1698 2064 fuit.

334 2071 366 2116 4.
418 2073 620 2115 Orchanes‚
646 2074 876 2119 imperatoris
916 2085 1044 2120 gener,
1070 2081 1307 2122 posteaquam
1333 2086 1496 2110 socerum
1525 2077 1697 2120 Byzantio

239 2119 402 2165 potitum
426 2124 543 2154 totum
570 2121 640 2154 iam
668 2122 863 2166 imperium
891 2123 1116 2164 Romanum,
1140 2129 1317 2168 quantum
1348 2129 1462 2164 essct,
1487 2130 1586 2157 certo
1612 2135 1698 2168 pos-

239 2167 360 2201 sidere
385 2165 533 2209 didicit,
560 2179 641 2200 cum
666 2172 744 2201 tota
773 2168 880 2203 domo
903 2169 1120 2210 scutarium,
1143 2174 1204 2216 (ut
1222 2169 1268 2202 ab
1287 2169 1468 2214 indigenis
1485 2171 1699 2216 vocitatur‚)

240 2225 262 2248 e
285 2212 433 2255 regione
461 2215 625 2258 Byzantii
651 2214 773 2255 situm,
797 2216 990 2249 victoriam
1017 2217 1260 2260 gratulaturus
1296 2216 1456 2254 advenit,
1504 2217 1559 2250 Ad
1585 2228 1696 2263 quem

241 2260 423 2304 extemplo
449 2261 649 2306 imperator
677 2261 892 2296 triremibus
917 2263 1079 2303 traiecit,
1104 2264 1310 2309 diebusque
1334 2274 1410 2296 non
1434 2264 1560 2308 paucis
1586 2275 1695 2298 vcna-

239 2303 406 2341 tionibus
441 2312 478 2342 et
500 2309 690 2353 symposiis
717 2314 884 2342 vacantes
922 2310 1108 2344 collaetati
1145 2316 1238 2344 sunt.
1295 2309 1351 2343 Ad
1393 2311 1543 2344 eandem
1584 2322 1695 2356 porro

240 2363 402 2389 mensam
430 2354 627 2399 imperator
651 2360 688 2390 et
702 2355 885 2390 Orchanes
902 2358 1127 2401 generpfilii
1155 2362 1311 2403 quatuor
1336 2366 1380 2389 ex
1404 2357 1589 2402 prioribus
1614 2369 1695 2391 sus-

242 2401 341 2446 cepti
374 2401 549 2435 uxoribus
567 2403 615 2435 ad
631 2404 740 2437 aliam
756 2415 831 2437 non
848 2403 957 2447 longe
977 2404 1261 2438 accumbebant:
1298 2404 1410 2437 ceteri
1429 2405 1590 2438 illustres
1611 2405 1695 2440 Per-

243 2460 304 2490 sae
344 2451 382 2480 et
407 2450 556 2482 Romani
581 2451 621 2484 in
648 2461 773 2484 eorum
797 2456 991 2494 conspectu
1012 2462 1121 2495 super
1142 2452 1263 2485 stratis
1281 2451 1468 2496 tapetibus
1487 2450 1695 2485 discumbe-

241 2496 342 2530 bant·
393 2495 465 2528 Ubi
490 2507 528 2530 se
563 2496 627 2530 diu
652 2502 778 2530 mutuo
807 2497 1057 2538 delectarunt,
1092 2497 1275 2532 Orchanes
1308 2497 1455 2543 quidem
1491 2498 1530 2532 in
1564 2498 1694 2532 castris

241 2555 304 2578 seu
320 2544 435 2577 classe
450 2544 643 2578 remansit:
669 2545 865 2588 imperator
890 2555 970 2576 cum
995 2545 1070 2576 filia
1095 2544 1302 2584 Theodora,
1324 2543 1503 2578 Orchanis
1525 2545 1693 2589 coniuge,

241 2590 480 2636 sequentibus
507 2589 667 2625 eiusdem
693 2592 779 2625 filiis
805 2591 1029 2637 reliquisque
1059 2591 1279 2632 domesticis,
1307 2592 1520 2636 Byzantium
1557 2603 1595 2625 se
1634 2603 1694 2624 re·

242 2639 352 2682 cepit:
376 2637 430 2671 ibi
456 2648 535 2671 cum
561 2642 674 2671 matre
702 2642 740 2672 et
762 2638 946 2672 sororibus
973 2638 1135 2671 triduum
1159 2643 1317 2678 versata,
1343 2643 1472 2683 postea
1496 2640 1535 2672 in
1562 2638 1691 2683 Bithy-

223 2685 338 2717 'niam
370 2695 450 2717 cum
489 2685 665 2729 privignis
699 2690 737 2718 et
769 2684 963 2718 comitibus
996 2685 1195 2719 honorifice
1223 2697 1243 2718 a
1266 2690 1367 2729 patre
1394 2685 1539 2719 donatis
1567 2684 1687 2718 rediit.

240 2731 367 2766 Tertio
393 2730 479 2766 Idus
508 2731 624 2766 Maias
650 2731 779 2765 eodem
803 2742 888 2766 vere
913 2733 952 2765 in
977 2733 1112 2776 templo
1137 2733 1204 2765 Dei
1237 2733 1421 2776 genitricis
1455 2734 1495 2766 iu
1520 2731 1690 2766 Blacher-

240 2779 295 2812 nis
323 2779 520 2824 imperator
546 2778 821 2814 Cantacuzenus
846 2778 891 2811 ab
916 2779 1055 2813 Isidoro
1080 2779 1283 2826 patriarcha
1313 2778 1457 2821 denuo,
1493 2778 1597 2814 Anna
1622 2779 1690 2812 im-
