1800 3164
483 157 861 220 ms'romARJJM
899 161 968 202 lv.
997 164 1067 208 17.
1426 164 1443 200 1
1465 165 1525 221 17

79 254 329 310 διαλεχθεὶς,
361 257 488 299 πάλιν
513 259 572 307 εἰς
603 258 680 308 τάς
709 259 894 315 τριήρεις
931 257 1158 316 ἀπεχώρει,
1195 260 1397 315 πρόνοιαν
1426 267 1527 305 πολ-
1540 272 1630 308 A.C.
1649 273 1736 308 1350

75 321 153 378 λῆν
181 322 426 376 ποιούμενος
466 326 544 366 τοῦ
578 324 638 380 μὴ
676 325 859 380 φανερὸς
891 322 999 368 εἶναι
1030 327 1305 382 διειλεγμένος
1333 331 1392 386 τῷ
1428 333 1528 384 Τρι·

74 391 204 446 palai.
275 386 366 443 ἅμα
401 392 448 432 δὲ
490 392 544 447 ἕῳ
583 389 764 444 ἔπεμπεν
809 391 881 434 ἐπὶ
918 391 1019 441 τούς
1057 395 1233 447 Πέρσας
1279 392 1351 435 καί
1387 393 1528 437 ἐκάλει

73 455 146 496 ἐπὶ
173 458 443 509 συμμαχίαν·
492 455 531 498 οἱ
562 458 608 500 δὲ
641 460 838 512 παρῆσαν
866 460 990 501 ου’δὲν
1024 456 1319 514 μελλήσαντες.
1376 459 1452 510 οὓς
1476 456 1526 503 ἅ·-

31 521 156 575 τδγων
189 519 293 574 μετὰ
324 522 406 564 τῶν
441 524 646 579 τριηρέων
687 524 840 579 α’φΐκτο
876 527 938 574 εἰς
973 526 1305 581 Θεσσαλονίκην,
1344 520 1443 582 εὗρε
1479 529 1527 570 δὲ

69 584 144 628 τὸν
170 587 303 642 δῆμον
331 589 405 629 καί
429 587 525 639 τούς
553 588 757 644 Ζηλωτάς
786 587 892 645 πρὸς
918 589 1014 640 τούς
1047 590 1245 646 ἀρίστους
1277 591 1526 636 διαστασιά-

62 652 236 705 ’ζοντας,
268 651 341 695 καί
376 656 491 711 κοινῇ
517 655 654 704 κακῶς
686 653 764 710 τὴν
793 655 915 698 πόλιν
946 654 990 698 ἔκ
1021 672 1066 698 τε
1107 658 1189 699 τῶν
1215 657 1372 709 ἔξωθεν
1402 665 1565 704 πολε-Ο

43 716 176 771 ’μίων
213 718 288 761 καὶ
325 721 407 762 τῶν
442 720 562 762 ἔνδον
599 722 833 775 ἐπιβούλων
863 720 1059 777 ἔχουσαν.
1133 723 1272 766 πάντά
1311 726 1358 767 δὲ
1391 725 1526 776 εὐθὺς

67 783 206 826 διέλυε
232 784 282 827 τά
313 785 429 828 δεινοὶ
460 787 701 843 ἐπιφανεῖς,
742 790 815 830 καί
840 788 867 844 ἦ
902 790 1017 831 πᾶσα
1046 788 1168 840 πόλις
1198 791 1252 840 ἕν,
1285 787 1449 845 ἑορταῖς
1475 787 1526 847 ἦ-

30 863 165 903 οσαν,
201 854 275 894 και·
311 851 420 905 μετά
455 853 610 909 πολλῆς
645 854 861 910 εὐφημίας
899 854 1151 910 ὑπεδέχοντο
1182 855 1282 905 τούς
1308 859 1527 910 βασιλέας.

67 915 235 972 μικρὸν
266 918 313 959 δὲ
351 918 456 971 μετά
492 917 567 974 την
602 920 829 975 ἐπιδημίαν
870 921 1216 978 Καντακουζηνὸς
1256 922 1278 963 ὃ
1322 922 1527 976 βασιλεῦς

63 984 282 1040 ἔκκλησάιν
308 984 524 1040 πάνδημον
553 986 599 1028 ἐκ
620 986 704 1027 τῶν
736 986 1072 1029 Θεσσαλονικέων
1099 990 1404 1043 συναθροίσας,
1425 992 1530 1044 περί

62 1065 107 1092 τε
134 1052 212 1092 τοῦ
233 1050 538 1107 συμβεβηκότος
566 1050 673 1107 πρὸς
697 1048 826 1096 αὐτὸν
852 1055 1035 1108 πολέμου
1059 1059 1147 1103 τοῖς
1163 1054 1391 1108 Ῥωμαίοις
1418 1056 1523 1097 διει-

62 1117 225 1172 λέχθη,
261 1117 320 1166 ὥς
349 1119 426 1158 ου’κ
461 1117 595 1160 αὐτοῦ
630 1121 956 1174 παρασχομένου
985 1117 1060 1169 τὰς
1093 1119 1255 1175 αἰτίας,
1296 1118 1406 1163 α’λλά
1436 1124 1522 1164 τῶν

26 1181 500 1239 5σεσυκοφαντηκότων,
515 1185 587 1226 καί
615 1186 715 1240 περὶ
741 1187 824 1227 τῶν
852 1187 897 1227 ἐν
917 1185 1059 1236 αὐτοῖς
1077 1187 1301 1241 Ζηλωταῖν,
1333 1185 1391 1235 ὥς
1419 1180 1520 1229 οὔτε

32 1305 40 1308 ‚
60 1246 267 1305 πρότερον
304 1251 377 1305 τῆς
411 1252 471 1299 εἰς
508 1253 687 1303 βασιλέα
728 1249 798 1293 τὸν
828 1253 922 1293 νέον
952 1251 1072 1293 ἕνεκα
1101 1251 1269 1301 εὐνοίας
1296 1250 1370 1294 τὸν
1396 1251 1518 1294 πόλε-

58 1329 140 1368 μον
165 1320 317 1357 κινοῖεν
343 1314 451 1372 πρὸς
480 1315 641 1370 αὐτὸν,
685 1317 779 1358 ἀλλ’
807 1319 879 1359 ε’πί
908 1318 967 1374 τῷ
999 1314 1250 1372 διαρπάζειν
1276 1315 1330 1360 τά
1362 1320 1445 1361 τῶν
1473 1319 1560 1364 έ-Ι)

0 1401 3 1419 ι
56 1379 243 1435 χόντων,
285 1377 436 1436 ἄποροι
476 1376 592 1431 ὄντες
631 1382 757 1425 αὖτοί
794 1382 851 1432 ὥς
888 1381 939 1426 τά
979 1383 1131 1426 πολλά·
1188 1383 1263 1426 καί
1286 1386 1363 1427 νῦν
1392 1385 1517 1427 οὐδὲν

0 1450 3 1471 ¹
57 1442 180 1503 ἦττον
207 1447 324 1502 παρὰ
354 1450 574 1503 Τριβαλῶν
590 1446 964 1503 χρηματιζόμενοι,
979 1451 1031 1490 ου’
1045 1452 1225 1503 βασιλέα
1243 1447 1383 1504 μόνον,
1405 1448 1513 1506 ὑπὲρ

0 1478 110 1561 έὶῗοοῦ
151 1513 432 1568 ἀγωνίζεσθαι
475 1515 763 1570 ἰσχυρίζοντο,
816 1514 921 1558 ἀλλὰ
973 1518 1048 1558 καί
1087 1514 1164 1570 τὴν
1214 1517 1334 1559 πόλιν
1374 1520 1515 1559 πᾶσαν

56 1579 342 1635 προύδίδοσαν
369 1580 480 1630 ἰδίας
501 1580 709 1636 ὠφελείας
724 1583 858 1633 ἕνεκα,
891 1583 967 1624 καί
983 1581 1256 1625 ἀπεδείκνυεν
1278 1585 1325 1626 ἐκ
1349 1585 1514 1625 πολλῶν

58 1647 113 1687 ου’
138 1648 310 1698 βασιλεῖ’
327 1647 384 1704 τῷ
417 1647 495 1703 νέῳ
525 1645 672 1699 μόνον,
705 1645 815 1688 α’λλά
844 1648 918 1688 καί
937 1649 1043 1689 πᾶσι
1058 1648 1288 1701 Ῥωμαίοις
1318 1648 1393 1691 καί
1425 1655 1513 1698 τοῖς

55 1714 246 1761 πολίταις
272 1709 449 1761 δύσνους
477 1714 677 1767 ὲξαρχῆς·
734 1715 808 1754 καί
822 1713 984 1754 ἐκέλευε
1010 1712 1387 1767 συλλαμβάνεσθαι
1416 1714 1516 1763 τοὺς

53 1780 241 1832 μάλιστα
270 1778 314 1820 έν
343 1777 472 1836 λόγῳ,
513 1776 585 1827 οὓς
613 1777 688 1820 καί
713 1779 773 1828 εἰς
801 1777 1039 1829 Βυζάντιον
1071 1774 1224 1833 ἤγαγεν
1253 1777 1515 1823 ἐπανελθών.

0 1836 155 1895 ιὸτοῦς
199 1845 241 1886 δ’
272 1839 424 1894 ἄλλους
482 1846 554 1899 τῆς
592 1841 748 1894 πόλεως
792 1845 979 1887 ἐκέλευεν
1006 1845 1288 1897 ἐξωθεῖσθαι·
1343 1842 1442 1894 τούς
1468 1861 1512 1887 τε

54 1959 103 1983 ne
128 1958 210 1981 cum
234 1946 402 1982 Triballo
428 1957 636 1991 congressus
662 1947 865 1981 resciretur.
915 1946 1088 1980 Diluculo
1116 1947 1238 1980 Persas
1259 1946 1306 1980 ad
1330 1947 1511 1982 auxilium

53 1995 198 2034 invitat,
222 1995 285 2040 qui
310 1994 390 2028 sine
415 2003 514 2027 mora
538 1993 723 2034 advolant,
747 2006 827 2028 cum
853 1994 897 2025 iis
923 1993 1215 2027 Thessalonicam
1241 1993 1416 2035 defertur,
1443 1993 1512 2026 ubi

24 2048 26 2051 ’
53 2042 230 2089 populum
252 2046 290 2075 et
313 2041 451 2075 Zelotas
475 2041 521 2074 ab
548 2041 788 2086 optimatibus
809 2040 1026 2074 dissidentes
1044 2041 1205 2075 invenit:
1234 2046 1270 2073 et
1290 2039 1417 2073 urbem
1433 2045 1510 2074 tum

40 2088 101 2130 *ab
127 2089 286 2123 externis
310 2087 491 2128 hostibus,
515 2093 590 2121 tum
617 2088 663 2121 ab
690 2088 844 2121 internis
872 2087 1150 2121 insidiatoribus
1175 2087 1387 2121 afflictatum
1410 2098 1511 2120 com.

53 2136 225 2170 maniter.
270 2134 403 2169 Verum
430 2146 535 2169 omne
561 2135 694 2168 malum
720 2135 879 2170 adventu
906 2146 970 2168 suo
997 2135 1178 2174 discussit,
1207 2140 1357 2179 totaque
1377 2134 1508 2168 civitas

53 2183 185 2217 festum
212 2182 309 2217 diem
333 2193 441 2226 agens
474 2186 511 2215 et
546 2183 821 2215 acclamationes
860 2182 1110 2226 ingeminans,
1148 2182 1385 2226 imperatores
1411 2182 1507 2214 laeta

53 2229 222 2275 suscepit.
271 2229 475 2263 Secundum
513 2228 709 2263 adventum
746 2229 1030 2270 Cantacuzenus‚
1059 2233 1185 2262 vocato
1222 2229 1260 2260 in
1293 2229 1507 2262 concionem

50 2276 209 2323 populo,
234 2276 279 2311 de
306 2276 429 2317 bello,
466 2276 565 2322 quod
595 2281 719 2310 contra
743 2286 780 2310 se
795 2277 946 2310 Romani
973 2275 1183 2315 movissent,
1213 2274 1402 2309 disseruit:
1432 2287 1507 2309 non

52 2323 138 2364 sibi,
162 2323 226 2358 sed
250 2323 480 2367 sycophantis
506 2334 645 2356 causam
678 2323 776 2356 illius
801 2322 1097 2357 adscribendam:
1124 2327 1161 2355 et
1186 2321 1230 2354 de
1249 2322 1382 2355 Zelotis
1407 2322 1507 2366 ipso-

53 2381 146 2412 rum,
159 2371 222 2416 qui
247 2381 366 2416 neque
391 2376 508 2410 antea,
535 2371 637 2416 quasi
667 2370 877 2414 imperatori
902 2371 1039 2403 iuniori
1066 2369 1268 2408 studerent,
1296 2381 1392 2402 arma
1405 2369 1444 2402 in
1466 2380 1504 2403 se

52 2419 271 2457 movissent,
296 2417 359 2450 sed
386 2422 426 2449 ut
450 2418 673 2462 locupletum
700 2417 886 2451 facultates
915 2416 1139 2461 diriperent,
1174 2415 1243 2460 ipsi
1270 2416 1436 2462 plerique
1463 2428 1504 2449 ο-

52 2475 153 2499 mnes
177 2469 344 2509 egentes:
379 2469 416 2497 et
450 2475 547 2498 nunc
584 2464 702 2498 nihilo
729 2465 847 2498 minus
873 2462 1120 2498 Triballorum
1144 2462 1400 2507 largitionibus
1427 2474 1503 2497 cor-

21 2531 24 2534 *
52 2511 173 2556 rupti,
199 2522 272 2545 non
298 2514 552 2555 imperatorem
579 2510 698 2552 modo,
722 2523 786 2556 pro
814 2522 886 2556 quo
925 2521 963 2544 se
995 2515 1218 2555 pugnaturos
1253 2509 1502 2550 affirmassent,

51 2558 118 2591 sed
142 2563 179 2591 et
204 2559 329 2592 urbem
356 2562 467 2591 totam
498 2563 646 2602 propter
669 2557 926 2604 compendium
946 2568 1049 2591 suum
1063 2555 1306 2602 prodiderint.
1332 2558 1381 2590 Ac
1407 2556 1502 2589 mul-

52 2603 100 2638 tis
124 2607 344 2652 argumentis
370 2604 650 2645 demonstrabat,
675 2617 748 2639 non
773 2606 888 2639 solum
912 2605 1121 2649 imperatori
1146 2604 1303 2644 iuniori,
1327 2603 1391 2636 sed
1418 2603 1502 2635 uni-

52 2651 164 2685 versis
186 2663 332 2698 quoque
358 2653 524 2685 Romanis
553 2657 589 2686 ct
613 2653 752 2686 civibus
779 2652 864 2685 inde
890 2651 935 2686 ab
963 2652 1071 2686 initio
1097 2651 1292 2684 malevolos
1307 2650 1501 2684 exstitisse:

54 2698 342 2744 praecipuosque
367 2698 622 2744 comprehendi
649 2699 860 2744 imperabat,
886 2709 976 2744 quos
1001 2703 1038 2731 ct
1065 2699 1274 2741 Byzantium
1297 2708 1415 2730 secum
1434 2696 1502 2728 ad-

57 2742 170 2779 duxit.
220 2746 318 2779 Alios
345 2745 433 2780 urbe
459 2746 574 2791 fugari
600 2748 720 2781 iussit:
749 2746 932 2782 Triballos
953 2755 1037 2783 vcro
1063 2744 1344 2790 propugnaculis
1366 2743 1500 2778 circum
