1800 3164
282 143 356 198 56
811 158 1189 203 CANTACUZEM

68 268 163 303 A.c.
183 269 264 313 ¹347
277 265 334 320 τῷ
358 263 560 318 συνῆσαν,
590 259 669 306 ὅσα
700 263 763 305 ἐπ’
794 262 952 304 ἐκείνου
978 258 1236 317 προβληθείη
1264 264 1522 319 καθημέραν,
1551 265 1624 306 καί
1649 257 1730 307 οἷα·

150 337 265 382 P.734
278 329 376 384 περὶ
403 330 486 370 τῶν
506 325 813 384 προβλημάτων
835 327 1080 382 διαλεχθείη
1099 325 1292 383 γράφειν,
1322 328 1390 370 ἵνα
1419 326 1478 383 μή
1502 326 1626 385 λάθῃ,
1643 330 1716 384 τῆς

275 392 442 449 μνήμης
470 396 684 449 ἐκρυέντα.
741 390 769 432 ἃ
799 394 858 441 εἰς
886 392 1064 434 Ἰταλίαν
1094 388 1315 447 ἆγαγόντες
1343 393 1418 435 καί
1441 395 1559 450 πάπᾳ
1581 410 1624 436 τε
1645 396 1734 436 καί,
1766 428 1771 437 ⁴

277 467 366 509 τοῖς
389 462 519 502 ἐκεῖσε
547 456 765 506 διαδόντες
777 462 939 513 σοφοῖς,
970 460 1101 512 μέγαν
1119 459 1163 499 ἐκ
1182 456 1338 500 τούτων
1352 459 1622 502 ἀπεδείκνυον
1637 462 1716 513 βα-

277 527 413 578 σιλέα,
438 523 511 566 καί
538 522 620 566 α’πὸ
647 522 827 578 γλώττης
859 524 934 564 οὐκ
977 522 1098 577 ὄλίγα
1128 523 1394 579 ἐξηγούμενοι
1429 525 1569 567 αὐτοί.
1614 526 1773 569 ταῦ-5.

276 608 328 633 τα
361 592 439 643 μὲν
472 586 548 631 οὖν
575 586 763 644 ὕστερον.
818 588 910 631 τότε
939 590 985 630 δὲ
1010 588 1118 642 μετὰ
1146 588 1220 644 την
1249 584 1393 646 ἄφιξιν
1415 588 1563 645 μικρὸν
1585 587 1735 645 a’nrl'ym¹

275 659 417 711 γελλον
443 657 614 708 βασιλεῖ’
629 653 680 696 τὰ
713 653 812 710 περὶ
836 655 907 709 τῆς
941 656 1178 711 πρεσβείας.
1231 654 1285 697 τὰ
1315 656 1362 697 δὲ
1386 649 1436 710 ἦν
1464 657 1613 710 πρῶτα
1639 656 1718 708 μὲν
1771 682 1774 686 ⁴

276 722 543 775 εύχαριστιάι
570 718 645 763 καὶ
671 719 800 774 εύχαί
825 721 896 775 τῆς
921 722 1020 776 περὶ
1050 721 1225 777 βασιλέα
1255 719 1328 762 τὸν
1355 722 1446 763 νέον
1474 721 1738 775 κηδεμονίας,

274 785 348 828 καί
370 787 571 839 βασιλίδα
597 783 670 841 τήν
696 788 870 841 μητέρα,
901 781 967 827 ὅτι
996 782 1025 826 ἃ
1050 788 1152 840 μηδ’
1181 780 1234 828 ἄν
1260 802 1324 835 τις
1340 785 1619 841 προσεδόκησε
1645 801 1722 839 με-

276 851 330 894 τὰ
356 850 427 894 τὸν
448 852 643 893 τοσοῦτον
664 849 844 905 πόλεμον
863 853 938 895 καί
961 850 1036 907 τήν
1057 846 1266 894 ἄσπονδον
1295 853 1454 907 ἐκείνην
1474 850 1636 906 ἔχθραν
1650 850 1723 893 καὶ
1740 869 1793 902 10⁸

275 916 348 972 τήν
376 915 482 972 πρὸς
510 915 640 959 αὐτὸν
668 917 966 973 ἀγνωμοσύνην
995 920 1075 960 τῶν
1104 917 1415 971 διαβαλόντων,
1457 918 1511 958 ου’
1540 915 1643 971 πρὸς
1668 915 1735 959 τοὶ.

235 984 526 1038 Βγεγενημένα
555 978 690 1036 εἶδεν,
720 982 813 1024 ἄλλ’
847 983 991 1038 ἀρκεῖν
1017 982 1200 1038 ἡγήσατο
1227 981 1271 1025 τὸ
1299 984 1383 1024 τῶν
1413 981 1515 1038 πρὸς
1539 980 1613 1024 τὸν
1640 979 1734 1027 πό-,
1768 1018 1773 1022 .

274 1053 399 1101 λεμον
422 1049 567 1091 αἰτίων
595 1048 781 1104 ὀφθῆναι
811 1045 940 1102 μόνον
975 1045 1179 1104 καθαρόν.
1236 1046 1358 1097 αὐτὸς
1387 1049 1450 1100 δὲ,
1481 1043 1618 1102 ὥσπερ
1649 1048 1735 1095 ου’-ι,
1768 1085 1772 1089 .

274 1113 392 1164 δενὸς
429 1112 586 1167 μεταξὺ
617 1116 764 1157 καινοῦ
790 1117 1085 1170 γεγενημένου,
1113 1112 1159 1156 τό
1189 1114 1366 1169 α’ρχαῑον
1391 1109 1495 1168 ἦθος
1524 1111 1726 1155 διεσώσα-

272 1195 343 1232 το,
383 1181 457 1221 καί
494 1178 571 1234 τὴν
611 1181 709 1235 περὶ
745 1177 845 1228 τούς
882 1181 1089 1233 βασιλέως
1122 1181 1276 1229 παῖδας
1303 1175 1619 1233 εὐγνωμοσύνην
1649 1176 1724 1220 καί
1742 1182 1797 1229 15«,

273 1244 536 1300 κηδεμονίαν,
567 1242 620 1300 ἣν
648 1241 762 1299 εἶχεν
790 1246 971 1300 ἐξαρχῆς
997 1244 1131 1294 εὐθὺς
1157 1242 1265 1298 μετὰ
1293 1243 1367 1300 τήν
1396 1245 1553 1286 ἐκείνου
1579 1247 1722 1285 τελευ-

274 1310 359 1366 τήν.
414 1308 555 1352 ἔπειτα
585 1312 631 1352 δὲ
659 1310 731 1352 καί
756 1309 833 1366 τήν
866 1310 972 1352 κατὰ
1002 1314 1086 1354 τῶν
1116 1309 1344 1366 βαρβάρων
1372 1307 1523 1366 ἔφοδον
1551 1309 1735 1364 ἐμήνυε,

282 1377 356 1417 καί
379 1381 464 1424 τοῖς
493 1372 633 1426 ἄλλοις
660 1379 738 1429 μὲν
764 1380 850 1425 τοῖς
877 1373 964 1432 πρὸ
984 1377 1119 1417 αὐτοῦ
1142 1374 1303 1431 Ῥώμης
1338 1373 1579 1424 ἐπισκόποις
1616 1371 1724 1417 εἶναι

277 1442 650 1497 περισπούδαστον,
678 1443 836 1494 μᾶλλον
866 1442 913 1483 δὲ
941 1443 1054 1499 αύτῷ
1082 1443 1163 1483 τῶν
1193 1437 1330 1483 ἄλλων
1358 1438 1466 1483 εἶναι
1493 1439 1599 1497 κατὰ
1618 1440 1724 1495 γνώ-

279 1523 371 1561 μην,
402 1505 475 1549 καὶ
510 1511 677 1556 πολλοῖς
718 1506 914 1556 πολλάκις
941 1510 1042 1562 περί
1067 1505 1213 1549 τούτου
1243 1508 1479 1560 διειλέχθαι
1509 1509 1591 1548 τῶν
1618 1504 1721 1549 κατὰ
1737 1523 1800 1560 202

280 1570 358 1628 τήν
380 1568 562 1618 Ἰταλίαν
595 1574 826 1624 δυναστῶν,
857 1572 930 1614 καὶ
960 1573 1116 1622 πάντας
1143 1576 1401 1628 παρακαλεῖν
1428 1571 1500 1614 ἐπὶ
1524 1570 1570 1614 τὸ
1603 1567 1723 1627 ἔργον

279 1640 397 1696 κοινῇ
424 1637 529 1694 πρὸς
553 1636 628 1693 τὴν
658 1639 903 1694 ἐλευθερίαν
931 1634 1011 1680 aiud
1046 1641 1130 1681 τῶν
1155 1638 1384 1694 βαρβάρων
1414 1640 1498 1679 τῶν
1516 1640 1735 1694 Χριστια-,

239 1706 360 1746 (Ξνῶν
396 1704 619 1759 ἐσόμενον,
663 1703 736 1746 καὶ
773 1703 900 1747 αὐτὸν
940 1706 1105 1757 ἕτοιμον
1136 1700 1244 1747 εἶναι
1272 1703 1349 1747 καί
1368 1699 1567 1759 χρήματα
1594 1705 1723 1760 παρέ-

371 1798 403 1833 5.
428 1798 499 1835 οὐκ
522 1798 633 1845 ὀλίγα
657 1810 723 1834 om.
749 1798 798 1833 M.
908 1810 960 1834 ιο.
980 1790 1050 1835 τὸν
1070 1809 1137 1832 om.
1162 1797 1211 1831 M.

280 1883 463 1917 duxerunt
485 1883 626 1923 omnia,
653 1893 745 1929 quae
770 1882 800 1916 is
826 1882 865 1918 in
892 1882 970 1917 dies
994 1882 1153 1928 singulos
1178 1883 1427 1928 proposuisset
1451 1887 1488 1917 et
1510 1893 1618 1928 super
1638 1890 1724 1928 pro-⁷

277 1931 407 1975 positis
423 1930 663 1971 disseruisset,
688 1933 766 1963 toto
787 1930 852 1963 illo
878 1934 1050 1974 tempore,
1077 1940 1149 1975 quo
1175 1929 1272 1974 apud
1297 1940 1379 1962 eum
1402 1932 1631 1970 mansissent,
1655 1929 1723 1962 lit-

279 1978 368 2010 teris
391 1977 614 2019 consignare,
642 1987 690 2009 ne
716 1987 735 2010 e
763 1978 934 2010 memoria
958 1975 1198 2010 elaberentur.
1249 1975 1351 2020 Quae
1375 1977 1414 2008 in
1437 1977 1579 2009 Italiam
1602 1987 1723 2009 secum

279 2028 466 2067 portantes
492 2022 619 2067 ibique
645 2028 682 2055 et
705 2033 845 2067 papae,
882 2029 924 2056 ut
945 2023 1031 2058 viris
1058 2022 1284 2067 sapientibus
1311 2022 1538 2063 exhibentes,
1566 2028 1722 2068 quantus

278 2070 336 2102 vir
363 2073 470 2109 esset,
496 2068 758 2109 ostendebant,
788 2075 824 2102 et
850 2080 912 2103 ore
935 2069 1004 2114 ipsi
1029 2068 1146 2102 nihilo
1175 2069 1292 2102 minus
1321 2071 1398 2102 eius
1422 2068 1546 2102 laudes
1575 2069 1722 2114 praedi—

281 2115 423 2148 cabant.
473 2114 606 2148 Verum
634 2114 724 2148 haec
751 2117 930 2159 posterius
959 2117 1053 2149 facta
1083 2120 1179 2151 sunt.
1227 2116 1320 2148 'l'um
1338 2126 1421 2149 vero
1440 2115 1506 2149 sub
1528 2115 1722 2149 adventum

281 2172 388 2193 suum
426 2160 644 2204 legationem
679 2163 882 2204 explicant,
914 2163 1015 2196 cuius
1050 2162 1139 2196 haec
1164 2167 1240 2196 erat
1263 2173 1410 2196 summa.
1460 2162 1614 2195 Primum
1639 2174 1722 2195 cum
1760 2171 1763 2177 '

281 2208 390 2241 bonis
425 2207 593 2240 omnibus
618 2209 746 2251 gratias
772 2214 905 2253 agunt,
944 2210 1041 2254 quod
1068 2210 1189 2242 iunior
1206 2210 1402 2253 imperator
1427 2210 1578 2254 eiusque
1608 2213 1722 2243 mater

282 2254 341 2286 illi
366 2263 472 2296 curae
499 2254 592 2287 sint:
619 2265 712 2292 cum,
738 2265 830 2299 quae
858 2266 964 2288 nemo
984 2267 1143 2300 unquam
1166 2261 1417 2300 exspectasset,
1441 2261 1524 2300 post
1546 2262 1618 2290 tam
1639 2266 1727 2288 saed

282 2311 369 2335 vum
402 2298 541 2332 bellum
579 2305 616 2333 et
649 2301 860 2334 inimicitias
898 2302 1143 2345 implacabiles
1181 2307 1220 2335 et
1253 2302 1524 2336 criminatorum
1549 2304 1587 2335 in
1617 2302 1722 2336 illum

284 2347 402 2380 scelus
437 2356 511 2379 non
542 2346 589 2379 ad
620 2348 814 2391 praeterita
853 2349 1074 2391 respexerit,
1114 2348 1178 2383 sed
1210 2350 1296 2382 satis
1323 2360 1399 2381 esse
1427 2349 1660 2388 existimarit,
1689 2348 1722 2382 si

281 2398 425 2428 tantum
451 2392 539 2426 belli
565 2403 748 2426 causarum
772 2405 882 2438 purus
907 2394 1110 2436 videretur,
1145 2401 1182 2429 et
1205 2395 1309 2441 quasi
1333 2395 1428 2429 nihil
1451 2395 1534 2429 novi
1562 2397 1722 2429 interve-

283 2442 411 2479 nisset,
436 2440 597 2483 pristinis
625 2440 785 2473 moribus
813 2441 957 2481 vixerit,
991 2443 1187 2487 statimque
1214 2454 1234 2475 a
1259 2449 1373 2475 morte
1399 2442 1624 2487 imperatoris
1650 2442 1720 2474 An·

285 2485 427 2520 dronici
448 2486 637 2531 benignam
661 2488 882 2520 voluntatem
905 2499 946 2520 ac
968 2488 1251 2522 sollicitudinem
1275 2500 1356 2533 erga
1381 2489 1456 2522 eius
1486 2489 1577 2523 filios
1596 2498 1721 2523 susce-

284 2534 391 2578 perit.
451 2533 637 2566 Praeterea
669 2533 767 2578 quod
802 2533 847 2566 de
882 2534 980 2567 bello
1012 2533 1173 2568 barbaris
1202 2535 1392 2570 inferendo
1429 2535 1589 2568 animum
1616 2546 1718 2567 suum

284 2579 505 2624 significarit.
552 2579 597 2612 Et
622 2580 702 2612 aliis
728 2579 875 2625 quidem
900 2586 983 2612 ante
1007 2579 1122 2625 ipsum
1154 2583 1319 2614 Romanis
1346 2581 1522 2626 episcopis
1547 2581 1660 2614 fuisse
1678 2580 1718 2613 id

285 2626 573 2670 optatissimum3
598 2625 669 2659 sibi
694 2631 815 2659 tamen
842 2627 948 2672 longe
973 2628 1101 2671 magis,
1139 2628 1337 2672 crebroque
1362 2639 1403 2660 ac
1430 2628 1581 2663 multum
1609 2637 1718 2671 super

285 2682 328 2706 eo
353 2683 432 2705 cum
458 2672 583 2705 ltaliae
611 2672 772 2716 dynastis
798 2674 911 2717 egisse
946 2684 1143 2719 omnesque
1177 2673 1357 2707 hortatum
1395 2674 1631 2707 communiter
1670 2673 1717 2705 ad
1794 2676 1800 2697 s

285 2729 399 2764 opus,
422 2719 517 2753 unde
547 2718 834 2761 Christianorum
858 2719 1005 2754 libertas
1032 2730 1051 2752 a
1074 2719 1236 2755 barbaris
1262 2726 1462 2763 asseratur,
1488 2725 1525 2754 et
1550 2720 1648 2766 quod
1671 2719 1717 2757 ad
1747 2716 1752 2718 ’
