1800 3164
289 171 359 225 70
823 165 1197 210 CANTAcanm

77 279 164 313 A.C.
186 280 273 324 1348
286 273 436 325 τυχίαν
475 272 552 312 τοῦ
587 272 751 326 χωρίου
791 272 864 312 καὶ
890 269 995 324 πρὸς
1024 266 1068 312 τὸ
1101 269 1260 325 πλῆθος
1291 269 1377 311 τῶν
1409 271 1653 326 φορτίδων,
1684 267 1738 319 ἃς

247 336 513 392 Βέκτησαντο
536 337 747 390 ίΡωμαῖόι
783 337 911 389 ναῦς,
942 336 1174 387 ἐσκέψαντο
1206 334 1384 389 πόλεμον
1414 342 1572 391 κινεῖν,
1622 338 1674 379 ἵν’
1693 336 1740 378 ὄ-

283 406 369 457 μοῦ
397 419 439 445 τε
469 402 639 458 εἴργωσι
660 400 906 454 “Ρωμαίους
932 402 1006 456 τῆς
1037 400 1276 457 θαλάττης,
1305 401 1378 444 καί
1401 401 1450 444 τὸ
1480 405 1667 458 χωριόν,
1699 405 1739 445 εἰ

286 467 503 523 δύναιντο,
531 470 745 521 τειχίζωσι
760 501 772 520 ,
805 468 1013 520 βασιλέως
1037 462 1218 517 ἄκοντος.
1252 471 1326 510 καί
1348 471 1566 524 συνέλεγον
1593 470 1740 518 λίθους

285 534 466 589 λογάδην
494 531 745 589 ἐφ’ὲτέραις
778 531 831 588 δη’
864 550 950 576 τισι
969 531 1206 590 προφάσεσι
1225 567 1238 587 ,
1275 533 1349 576 καί
1374 533 1448 591 την
1480 531 1610 591 ἄλλην
1635 530 1777 590 ὕληνό

285 597 553 655 συνεπὸριζον
582 600 626 641 ἐν
657 599 893 658 α’ποῤῥητῳ.
949 601 1041 642 ἐπεὶ
1069 601 1116 642 δὲ
1149 599 1350 653 βασιλεὺς
1379 606 1515 644 νοσεῖν
1542 599 1588 643 ἐν
1606 602 1742 644 Διδυ-
1783 613 1786 618 ·

285 667 464 723 μοτείχῳ
494 663 722 720 ἔγνωσται,
745 666 890 722 καιρὸν
918 664 1026 708 εἶναι
1046 668 1257 722 οἰηθέντες
1292 667 1620 722 ἐπιτηδειότατον
1662 665 1742 707 αὖ·

284 738 370 781 τοῖς
398 730 504 787 πρὸς
532 733 818 788 ἐπιχείρησιν,
850 729 1014 788 ἀθρόον
1047 732 1308 775 ἐπιτίθενται
1335 732 1486 783 νυκτὸς
1511 738 1597 781 τοῖς
1633 728 1741 773 κατά

285 796 360 853 την
394 801 575 854 περαίαν
606 799 768 840 οἰκοῦσι
791 796 1016 852 Ῥωμαίοις
1045 800 1234 854 πρῶτον,
1273 801 1346 840 καί
1370 797 1447 847 τάς
1477 797 1610 846 οἰκίας
1633 794 1744 840 ἆπά-
1798 826 1800 828 -

284 881 362 912 σας
398 866 630 919 ἐνέπρησαν
659 863 774 920 πυρί.
832 867 892 914 εἰς
923 863 997 920 την
1022 864 1247 920 ὑστεραίαν
1281 867 1327 908 δὲ
1365 863 1443 914 τάς
1473 865 1596 920 σφῶν
1623 860 1741 920 τριή-
1759 880 1800 907 m

286 946 375 985 ρεις
403 931 731 987 ἐφοπλίσαντες,
762 926 892 980 οἷῖσας
932 933 1351 987 παρεσκευασμένας,
1387 931 1460 972 καί
1485 930 1637 972 ιῖκάτια
1672 929 1746 971 καί

244 998 489 1050 Ολέμβους,
525 994 606 1039 ὅσα
635 993 718 1052 ἦν,
747 995 821 1048 τὰς
863 996 943 1049 ἔξω
973 998 1126 1051 τειχῶν
1155 997 1270 1052 παρὰ
1301 995 1376 1052 την
1404 994 1626 1038 θάλασσαν
1651 999 1743 1039 Βυ-

287 1063 452 1113 ζαντίου
494 1063 628 1112 οἰκίας
655 1061 920 1118 ἐνεπίμπρων
956 1065 1029 1105 καί
1054 1061 1232 1113 ὁλκάδας
1268 1062 1343 1112 τάς
1374 1065 1453 1116 μὲν
1478 1063 1742 1117 ἐλάμβανον,

285 1127 364 1178 τάς
394 1130 440 1172 δὲ
469 1130 760 1185 ἑνεπιζιιπρων·
808 1132 1069 1172 κατέκαυσαν
1100 1131 1147 1171 δὲ
1174 1131 1248 1171 καί
1272 1129 1350 1179 τὰς
1381 1130 1743 1182 κατασκευαζομέ-

287 1211 360 1244 νας
389 1193 559 1245 οἷπάσας
586 1193 774 1251 τριήρεις
802 1194 910 1250 πλην
938 1198 1091 1251 τριῶν,
1141 1194 1190 1244 ἃς
1208 1227 1219 1249 ,
1258 1197 1350 1238 ἐπεί
1375 1194 1421 1238 τὸ
1452 1192 1575 1238 κακὸν
1608 1195 1743 1237 πάντα
1761 1196 1800 1238 15

151 1270 193 1304 V.
207 1269 273 1316 595
287 1262 531 1315 ἐπενέμετο,
577 1256 752 1317 ἄραντες
780 1262 825 1312 ἐξ
853 1254 905 1302 οὗ
937 1261 1284 1312 κατεσκευάζοντο
1315 1260 1442 1304 τόπου
1475 1263 1550 1304 τοῦ
1579 1264 1745 1315 Κοσμι-

289 1329 383 1369 δίου
415 1328 835 1383 προσαγορευομένου
850 1359 862 1381 ,
883 1329 959 1369 τοῦ
976 1330 1185 1381 βασιλέως
1213 1327 1312 1370 υἱοῦ
1342 1327 1608 1378 κελεύσαντος
1625 1360 1637 1382 ,
1673 1326 1744 1370 διὰ

287 1395 363 1435 τοῦ
391 1392 499 1436 κατά
532 1392 609 1448 τὴν
653 1395 911 1449 καλουμένην
941 1394 1115 1435 Πίσσαν
1153 1394 1335 1443 διιόντος
1371 1397 1567 1448 ποταμοῦ
1600 1395 1746 1449 διαγα-

288 1456 457 1514 γόντες,
489 1457 741 1502 α’νείλκυσάν
773 1475 819 1501 τε
847 1458 1054 1514 πρὸςτὴν
1076 1461 1255 1514 χέρσον,
1284 1459 1357 1502 καὶ
1382 1459 1578 1516 φρουράν
1605 1457 1745 1502 ἑκατέ-

289 1528 430 1580 ρωθεν
453 1524 786 1580 ἐπιστήσαντες,
831 1523 1081 1581 ἐφύλαττον.
1139 1523 1248 1567 οὕτω
1290 1528 1369 1579 μὲν
1399 1524 1437 1568 οἱ
1466 1530 1646 1569 Λατῖνοι
1674 1525 1747 1568 τὸν
1759 1541 1800 1568 ’.ιε

287 1589 470 1644 πόλεμον
496 1590 601 1634 κατὰ
624 1590 854 1645 ζΡωμαίων
884 1594 1082 1648 φανερῶς
1113 1590 1356 1646 ἐξήνεγκαν,
1401 1594 1476 1635 καί
1512 1594 1557 1644 ἐξ
1587 1593 1746 1636 ἐκείνου
1791 1638 1798 1643 ,

286 1652 369 1712 ἤδη
397 1658 472 1712 τῆς
515 1655 735 1713 θαλάσσης
783 1651 1015 1712 ἄρχοντες,
1050 1656 1188 1699 πάντα
1221 1653 1311 1699 ἄνω
1341 1660 1415 1700 καί
1443 1657 1555 1700 κάτω
1582 1657 1634 1701 τά
1666 1676 1749 1701 πα-

287 1722 417 1776 ράλια
459 1725 795 1779 παραπλέοντες,
826 1723 1004 1766 ε’κάκουν
1039 1725 1113 1764 καί
1140 1725 1246 1779 πυρὶ
1271 1722 1325 1765 τά
1358 1724 1496 1766 πάντα
1527 1726 1748 1779 ἐπενέμον-

242 1797 332 1830 1)το
341 1822 354 1841 ,
387 1790 604 1844 πανδημεί
629 1805 672 1831 τε
701 1789 955 1844 ἐξελθόντες,
978 1792 1124 1846 πρῶτα
1143 1792 1224 1843 μὲν
1252 1790 1459 1847 ἐτείχιζον
1486 1789 1559 1834 τὸν
1587 1790 1748 1848 λόφον,

381 1860 413 1892 8.
438 1862 518 1894 τοῖς
543 1862 628 1892 ante
657 1850 753 1890 κατὰ
782 1868 851 1891 om.
878 1858 912 1890 P.

287 1919 466 1953 Romanos
491 1920 583 1953 mari
609 1925 777 1961 arceant,
815 1926 853 1953 et
876 1921 1018 1962 locum,
1052 1922 1083 1955 si
1104 1921 1266 1966 possint,
1303 1922 1361 1955 vel
1387 1922 1499 1956 invito
1527 1923 1747 1968 imperatore
1795 1961 1799 1967 v

287 1967 548 2001 communiant.
598 1967 751 2013 Iamque
769 1967 922 2001 selectos
937 1967 1090 2013 lapides,
1116 1969 1277 2014 quamvis
1296 1968 1397 2002 aliud
1423 1970 1650 2011 simulantes,
1670 1970 1748 2003 col-

287 2011 454 2057 ligebant
479 2014 733 2059 reliquamque
772 2016 961 2048 materiam
989 2015 1080 2047 clam
1110 2016 1369 2049 convehebant.
1419 2016 1611 2063 Postquam
1626 2023 1748 2051 autem

287 2061 546 2104 imperatorem
564 2060 815 2104 Didymotichi
832 2061 960 2095 morbo
980 2063 1147 2095 affectum
1167 2069 1426 2107 cognoverunt,
1451 2065 1532 2104 rati,
1555 2063 1747 2097 advenisse

289 2107 342 2138 rei
369 2106 602 2150 incipiendae
630 2109 855 2143 occasionem
879 2110 1070 2141 maximam
1087 2134 1096 2149 ‚
1131 2115 1239 2143 noctu
1277 2109 1322 2143 de
1346 2111 1541 2154 improviso
1570 2111 1749 2145 Romanos
1793 2145 1797 2151 ,

287 2155 445 2197 primum
479 2164 499 2185 e
533 2154 680 2198 regione
720 2155 921 2190 incolentes
955 2156 1158 2196 invadunt,
1197 2157 1305 2190 aedes
1344 2168 1468 2190 omnes
1508 2158 1748 2192 inflammant.

289 2199 468 2233 Postridie
489 2199 654 2233 triremes
682 2212 762 2232 suas
790 2203 860 2234 iam
889 2209 1044 2246 paratas,
1071 2204 1158 2235 item
1187 2206 1303 2237 acatia
1329 2210 1365 2237 et
1390 2203 1541 2244 lembos,
1567 2209 1750 2252 quotquot

289 2251 405 2286 erant,
434 2247 582 2280 armatis
610 2249 811 2288 instruunt,
839 2250 1001 2291 Byzantii
1028 2249 1196 2283 aedificia
1223 2257 1321 2285 extra
1349 2263 1467 2286 muros
1494 2251 1540 2284 ad
1567 2263 1664 2286 mare
1691 2254 1748 2285 in-

291 2293 476 2333 cendunt,
514 2298 551 2327 et
587 2295 768 2327 onerarias
805 2296 893 2328 alias
924 2297 1071 2342 quidem
1110 2297 1277 2342 capiunt,
1311 2299 1400 2330 alias
1430 2304 1595 2331 exurunt.
1648 2299 1750 2343 Quin

293 2340 403 2378 etiam
427 2341 642 2374 constructis
673 2341 884 2374 triremibus
911 2344 1102 2385 universis,
1126 2344 1242 2377 tribus
1267 2351 1406 2379 tantum
1431 2346 1604 2390 exceptis,
1630 2347 1750 2390 ignem

293 2387 477 2420 iniiciunt.
530 2387 628 2433 Quas
655 2393 726 2421 tres
743 2413 752 2428 ‚
779 2389 931 2434 reliquis
959 2389 1101 2423 flamma
1127 2391 1350 2436 absumptis,
1388 2393 1560 2426 tollentes
1587 2393 1751 2436 Byzantii
1797 2419 1800 2423 .

288 2445 308 2467 e
344 2434 439 2474 loco,
465 2433 529 2467 ubi
564 2434 801 2479 parabantur,
829 2435 1015 2470 Cosmidio
1041 2439 1238 2482 appellato,
1266 2439 1342 2473 filio
1368 2440 1594 2485 imperatoris
1618 2440 1751 2473 Manu-

294 2481 351 2514 ele
377 2480 586 2521 mandante,
616 2492 680 2525 per
705 2482 855 2515 fluvium
881 2482 1013 2515 Pissam
1041 2485 1310 2520 interfluentem
1340 2487 1378 2519 in
1409 2493 1538 2520 terram
1565 2487 1750 2520 subduxe-

293 2533 402 2568 runt,
440 2532 477 2560 et
515 2528 717 2561 custodiam
756 2529 829 2562 illis
869 2531 1042 2575 utrinque
1071 2531 1333 2569 adhibuerunt.
1382 2534 1442 2567 Sic
1467 2533 1588 2566 Latini
1611 2534 1749 2567 bellum

294 2575 464 2608 Romanis
498 2580 664 2619 apertum
703 2576 903 2610 inferentes
948 2581 986 2609 et
1017 2587 1060 2609 cx
1085 2590 1127 2612 eo
1155 2580 1227 2612 iam
1251 2581 1358 2614 maris
1383 2585 1564 2625 potentes,
1589 2579 1669 2614 oras
1694 2581 1751 2614 le-

293 2622 428 2666 gebant
464 2622 660 2668 omniaque
698 2622 970 2666 direptionibus
1000 2629 1036 2657 et
1054 2624 1234 2658 incendiis
1261 2627 1544 2672 permiscebant:
1573 2632 1609 2660 et
1633 2638 1752 2672 egres·-
1796 2663 1800 2666 ¹

293 2680 351 2702 sus
378 2669 535 2713 populus
561 2668 880 2714 frequentissimus
921 2671 1078 2714 primum
1113 2673 1260 2717 quidem
1287 2675 1440 2714 collem,
1482 2674 1521 2706 in
1562 2675 1640 2707 eius
1666 2675 1750 2719 iugo

293 2715 386 2748 turri
421 2717 599 2755 excitata,
641 2715 878 2756 muniebant,
912 2719 1085 2763 omnique
1122 2718 1160 2752 in
1197 2731 1276 2752 eam
1314 2732 1388 2754 rem
1425 2726 1555 2754 conatu
1581 2722 1750 2755 mulieres

294 2762 395 2796 iuxta
420 2767 528 2808 atque
558 2762 623 2800 viri
651 2763 936 2797 incumbebant:
964 2775 1029 2799 nec
1053 2765 1110 2802 vel
1136 2766 1374 2801 illustrissimi
1398 2768 1444 2803 ad
1462 2767 1751 2803 aedificationem
1791 2806 1794 2809 v
