1794 3158
300 101 411 165 534
803 117 1216 160 ANNOTA‘uoNEs

296 219 521 271 habebatur,
537 221 688 273 fes-cine
715 220 897 274 pervenit
922 218 981 257 ad
1008 219 1238 268 ece.·,les1am
1266 219 1479 269 obsecrans,
1512 231 1554 261 ut
1580 235 1658 277 pro
1683 238 1729 262 eo

295 274 420 315 clebus
446 285 485 314 et
521 276 689 330 populus
725 274 836 328 apud
865 275 1085 328 episcopum
1124 275 1409 324 mter-cederet,
1434 286 1594 330 putans,
1626 278 1733 332 quoe!

290 339 382 385 post
420 330 616 370 decessum
659 331 739 368 cius
777 330 858 383 ipse
897 330 1095 368 levaretur
1118 331 1328 383 epismcopus
1387 332 1537 386 Quibus
1579 342 1732 371 sanctus·

294 387 494 441 episcopus
520 401 606 424 cum
640 398 787 436 magno
814 385 979 438 3ιι3ρι’”ιίο
1007 384 1229 438 respondit,
1261 386 1356 439 quia
1382 387 1462 424 iam
1489 387 1611 426 Arius
1640 387 1732 427 Deo

298 451 481 489 mortuus,
512 455 538 478 a
552 442 675 492 sac-ze
704 440 788 487 Dei
810 442 998 494 proiectus
1041 449 1149 481 esset.
1210 440 1269 478 Et
1306 440 1607 494 apprehendens
1634 442 1732 482 duos
1755 440 1758 443 ’

289 497 534 551 presbyteros
561 496 610 535 de
641 495 754 534 turba
777 509 960 543 seor-sum,
995 496 1056 534 αιι
1081 495 1182 534 illis:
1211 495 1300 548 Ego
1327 496 1401 534 etsi
1420 507 1612 560 peccator·
1628 513 1727 546 sum,

294 561 425 590 tamen
450 564 529 590 SClo
560 566 621 590 mc
655 551 807 591 coelesti
842 559 1043 590 vocatione
1085 550 1144 588 ad
1184 565 1347 603 agonem
1383 554 1572 602 martyrii
1606 567 1731 592 voca—-

297 616 393 649 tum.
454 606 537 645 Vos
559 615 650 662 post
680 615 914 658 martyr-zum
933 620 1063 645 meum
1089 605 1220 645 sedem
1248 616 1285 645 ec
1310 607 1572 660 episcopatum,
1599 622 1732 648 meum

296 663 540 700 consecuturi
564 663 662 703 estis.
716 661 775 700 Et
801 671 841 700 tu
871 662 1029 716 quidem
1061 663 1194 715 prior,
1223 662 1385 702 Achilla
1401 690 1413 710 ‚
1445 664 1538 715 post
1569 671 1606 702 te
1637 677 1732 702 vero

295 717 548 760 Alexander.
601 717 655 756 In
697 717 775 756 hac
809 718 912 755 enim
960 718 1057 755 hora
1101 718 1246 766 noctis,
1289 726 1331 756 ut
1371 717 1482 755 vobis
1525 726 1642 757 totum
1683 719 1735 757 de

295 772 399 811 Ario
426 774 629 827 aperiam,
664 785 755 811 cum
782 772 950 810 solemni
971 772 1241 811 consuetudine
1266 772 1355 811 Deo
1386 771 1621 824 sacrt'ficzum
1640 787 1733 812 ora-

295 829 446 866 tionum
481 841 816 875 consummassem,
848 841 931 865 ecce
965 827 1091 866 subito
1117 829 1303 881 apparuit
1329 828 1426 866 mila·
1449 827 1620 867 Christus
1640 827 1732 869 Do-

294 883 451 935 minus,
488 883 645 921 indutus
687 883 836 920 colobio
874 881 1075 931 candido,
1119 883 1226 936 quod
1262 884 1491 922 conscissum
1522 897 1549 921 a
1583 898 1734 923 summo

295 951 413 993 usque
449 937 654 987 deorsum,
685 936 942 990 coniungebat
969 951 1074 975 ezr-ca
1090 946 1246 990 pecta&
1273 937 1560 992 quodammodo
1592 952 1733 994 coope-

295 1006 402 1032 rzens
427 993 640 1032 nudztatem
670 1007 794 1031 suam.
852 994 975 1046 Quem
1006 1001 1048 1030 ut
1070 992 1160 1030 vzdi
1174 1021 1186 1042 ‚
1225 995 1314 1032 aio.-
1361 992 1472 1046 Quid
1500 1002 1568 1041 est,
1601 995 1732 1033 domi-

295 1062 363 1097 ne,
392 1048 500 1102 quod
525 1049 642 1086 video
674 1048 842 1087 tunicam
875 1056 987 1086 tuam
1022 1049 1179 1086 scissam
1214 1062 1241 1086 a
1277 1061 1428 1087 summo
1465 1062 1581 1103 usque
1613 1049 1733 1089 deors-

295 1107 408 1142 sum?
466 1104 547 1157 Qui
564 1104 687 1154 dixit,
713 1103 834 1142 Arius
863 1103 934 1141 hoc
951 1103 1061 1154 ficzt
1080 1131 1092 1152 ‚
1121 1105 1190 1158 qui
1223 1103 1436 1157 separavit
1463 1116 1492 1142 a
1518 1117 1580 1142 me
1602 1118 1734 1158 popu-

296 1158 377 1197 lum
405 1159 634 1197 hereditatis
669 1172 805 1208 meae,
838 1166 1107 1213 comparatum
1141 1172 1331 1211 sanguine
1367 1157 1735 1213 meo.Praecip10

296 1227 398 1252 nunc
422 1223 460 1253 ec
499 1228 570 1254 mo
567 1229 636 1253 zeo
655 1244 666 1263 ,
703 1228 751 1252 ne
782 1228 868 1252 eum
899 1214 1064 1267 recipias
1105 1228 1147 1252 ιη
1187 1227 1493 1252 οοιηιηιιηιοηεηι
1511 1243 1523 1262 ,
1565 1228 1634 1253 nec
1664 1229 1734 1253 ro-

294 1269 474 1321 gantibus
497 1269 572 1318 his,
599 1271 669 1324 qui
691 1270 850 1308 venturi
876 1278 966 1308 sunt
979 1269 1037 1307 ad
1051 1276 1101 1317 te,
1130 1283 1224 1324 quos
1244 1269 1312 1307 zlle
1334 1269 1542 1308 direxerit.
1595 1269 1733 1319 Haec,

296 1339 396 1377 quae
426 1325 501 1363 tibi
524 1326 800 1376 manifestavi,
844 1324 990 1362 duobus
1023 1325 1260 1377 preshyteris
1289 1333 1329 1362 tu
1371 1333 1464 1363 nota
1483 1325 1651 1376 facie-5,
1694 1333 1737 1363 ut

296 1379 377 1432 ipsi
398 1388 491 1433 post
516 1388 552 1418 te
580 1394 665 1417 eum
698 1379 1067 1417 anaclaemaczzando
1103 1380 1315 1431 abiiciunt,
1354 1393 1402 1417 ne
1426 1380 1597 1434 populus
1626 1380 1735 1418 illius

296 1447 432 1473 errore
460 1434 691 1488 decipiatur.
730 1447 900 1473 ΡοΝΤΑΝ.

410 1490 511 1542 Pag.
531 1489 627 1543 469,
649 1491 685 1530 3.
716 1485 772 1536 ὥς
800 1482 1055 1527 κινδυνεύειν
1091 1482 1172 1541 ἤδη
1201 1483 1489 1539 παρανάλωμα
1518 1488 1644 1538 λιμοῦ
1668 1502 1735 1540 γε-

300 1544 463 1585 νέσθαι.
493 1545 779 1598 Praeterquam
807 1544 914 1597 quod
943 1552 1148 1609 sumptum
1177 1557 1516 1596 supervacaneum
1544 1551 1583 1582 et
1612 1545 1735 1582 inuti-

299 1597 380 1638 lem
407 1601 631 1652 impensum
658 1600 852 1653 significat
879 1596 1194 1650 παρανάλωμα,
1229 1599 1439 1651 exponitur
1466 1601 1584 1637 etiam
1613 1614 1635 1638 a
1655 1600 1735 1638 Bu-

300 1655 400 1693 daeo
429 1655 768 1694 additamentum
799 1663 838 1693 et
863 1655 974 1692 velut
1009 1654 1231 1708 appendix
1256 1656 1465 1719 impensae
1487 1653 1734 1717 destinatae,

300 1711 524 1762 citaturque
552 1709 652 1748 illud
687 1709 844 1756 Basilii,
889 1705 1017 1759 τάχος
1045 1709 1183 1748 ποδῶν
1224 1723 1293 1747 και
1341 1705 1536 1758 σώματος
1584 1703 1737 1759 εὔμορ-

302 1764 397 1816 (pla,
428 1763 562 1804 νόσων
593 1762 950 1814 παοαναλώματα,
969 1779 1069 1817 quae
1098 1765 1230 1804 obite1
1258 1779 1280 1803 3
1310 1765 1460 1803 morbis
1493 1778 1737 1803 consumun-

297 1827 378 1869 tur,
408 1823 478 1873 qui
506 1819 604 1858 alios
633 1820 792 1859 effectus
813 1820 972 1861 habent.
1029 1820 1173 1859 Febris
1196 1821 1303 1860 enim
1331 1819 1532 1858 hominem
1562 1827 1734 1871 torrens,

297 1888 379 1914 una
411 1876 530 1915 etiam
559 1876 743 1914 decorem
789 1884 828 1915 et
855 1875 1028 1913 colorem
1057 1875 1172 1914 delet.
1232 1876 1377 1914 Sensus
1410 1875 1534 1928 igitur
1562 1875 1737 1913 Graeco-

297 1944 388 1968 rum
417 1931 636 1970 verborum
669 1938 708 1970 et
739 1931 814 1970 loci
838 1932 959 1969 totius
988 1938 1065 1977 est,
1099 1931 1321 1983 periculum
1350 1944 1446 1978 esse,
1478 1943 1528 1968 ne
1554 1929 1603 1967 ad
1632 1930 1737 1969 mala

297 1987 533 2025 vastationis
560 1987 679 2025 etiam
708 1986 846 2037 sames,
874 1993 1078 2039 tamquam
1109 1986 1442 2035 additamentum,
1472 1984 1665 2023 accedat.
1697 1993 1738 2024 et

298 2041 461 2093 quidem
497 2048 632 2092 tanta,
672 2049 718 2080 ut
755 2056 799 2080 ea
825 2043 983 2095 penitus
1015 2042 1294 2080 contabescant
1332 2048 1371 2079 et
1404 2041 1613 2079 inte1eant.
1670 2040 1732 2080 Ne

296 2097 327 2134 f
326 2110 421 2135 imes
453 2110 614 2150 quoque
656 2104 826 2136 mortem
858 2109 998 2135 eorum
1037 2097 1297 2151 corporibus,
1340 2103 1386 2134 ut
1415 2094 1580 2148 reliquis
1615 2095 1731 2134 malis

297 2152 555 2204 appendicem
588 2152 760 2196 adiiciat.
789 2166 963 2192 ΡΟΝΤΑΝ.

407 2206 509 2258 Pag.
529 2206 624 2272 469,
651 2209 688 2249 5.
726 2209 864 2247 malo
893 2216 1116 2262 accepto
1145 2206 1341 2246 stultus
1375 2207 1530 2260 sapit.
1588 2201 1737 2245 παθών

298 2259 344 2299 δέ
369 2274 413 2299 τε
432 2259 576 2312 νήπιος
597 2260 712 2313 ἕγιω,
735 2277 780 2301 ex
799 2262 987 2301 Hesiodo.
1045 2263 1242 2301 Home1us
1263 2276 1387 2314 paene
1417 2263 1557 2302 iisdem
1588 2261 1733 2308 ve1bis‚

296 2313 450 2368 ρεχθὲν
467 2287 525 2355 ‘ds'
551 2329 593 2355 τε
624 2314 768 2367 νήπιος
794 2314 912 2368 ἔγνω.
970 2318 1073 2356 Vide
1090 2317 1268 2356 Chiliast.
1315 2319 1490 2356 Factum
1512 2317 1652 2355 stultus
1672 2330 1736 2354 co-

295 2371 473 2422 gnoscic,
508 2378 547 2410 et
587 2372 696 2424 quod
731 2373 980 2412 continenter
1007 2374 1213 2427 sequitur,
1251 2373 1357 2412 malo
1390 2382 1563 2426 accepto
1595 2372 1735 2410 stultus

295 2426 419 2480 sapic.
453 2440 623 2469 ΡοΝΤΑΝ.

405 2482 509 2534 Pag.
527 2481 623 2535 471,
645 2483 705 2521 13.
735 2479 927 2533 κειμήλια
959 2477 1183 2532 βασιλικὰ,
1213 2497 1314 2535 quae
1345 2482 1396 2521 ab
1424 2480 1731 2534 imperatoribus

295 2534 336 2573 in
370 2536 568 2576 thesauris
613 2544 860 2589 reponuntur
880 2566 891 2583 ‚
923 2537 1136 2588 peculiaria
1165 2538 1391 2589 quaedam,
1433 2543 1478 2574 ut
1505 2543 1596 2574 sunt
1627 2550 1735 2589 gem-

297 2604 384 2628 mae
416 2599 454 2629 et
487 2607 591 2644 quae
604 2591 955 2631 Geimanicolatini
985 2600 1128 2630 vocant
1156 2592 1348 2632 clenodia.
1404 2592 1606 2629 Dicuntur
1639 2593 1734 2629 item

296 2644 478 2697 εηίσημα
506 2646 570 2685 vel
599 2644 807 2697 σύμβολα.
862 2647 926 2684 Sic
959 2647 1147 2685 Graeciae
1175 2654 1354 2698 praetor,
1388 2660 1507 2698 quem
1529 2645 1733 2685 Leuncla·

295 2702 384 2742 vius
412 2715 527 2756 saepe
559 2703 774 2756 producit,
817 2702 896 2753 ait,
931 2709 1089 2756 recepta
1120 2701 1481 2756 Constantinopoli,
1510 2703 1662 2742 venisse
1691 2702 1734 2741 in
