1800 3164
309 142 421 207 324
845 155 1214 199 CANTAcquNr

99 275 188 309 Ac.
208 275 291 310 ¹355
304 263 511 317 γαμβροῦ.
563 262 781 315 Τριβαλοῖς
806 259 885 311 μὲν
915 251 988 300 οὖν
1013 263 1098 307 τοῖς
1137 258 1744 311 μεταπεμπομένοιςτοιοῖτον

306 325 502 382 σύνθημα
524 326 663 368 ἐδίδου
679 341 692 352 ·
727 326 952 378 πρεσβείαν
977 325 1023 364 δὲ
1050 323 1162 387 πρὸς
1179 321 1380 379 Ὀρχάνην
1409 321 1558 365 αὕτίκα
1576 325 1746 377 πέμψας

305 391 375 435 τὸν
402 390 611 446 γαμβρὸν,
645 391 778 446 ιἥτεῖτο
803 386 1006 444 στρατιάν
1032 388 1105 430 καί
1133 387 1233 436 τούς
1256 388 1494 442 Ῥωμαίους
1524 387 1746 444 γράμμασι

157 460 196 493 V·
225 472 288 505 707
303 462 578 510 μετεκαλεῖτο.
609 454 775 508 συμβὰν
790 455 836 495 δὲ
859 451 969 495 οὕτω
988 456 1086 508 περὶ
1102 449 1287 508 ’Ἀβυδον
1310 456 1378 510 ἐφ’
1390 452 1555 509 ἑτέραις
1571 451 1622 509 δή
1639 469 1746 497 τισιν

305 525 459 570 αἰτίαις
501 521 540 562 οῖ
588 522 782 575 πρέσβεις
826 519 1102 573 συντυχόντες
1141 521 1198 575 τῷ
1240 519 1417 576 Ὀρχάνῃ
1462 519 1780 574 διατρίβοντι,5

305 589 560 642 α’πήγγελλον
590 585 665 641 την
691 588 930 641 πρεσβείαν.
958 584 1157 641 Ὀρχάνης
1187 585 1233 626 δὲ
1261 585 1533 644 αὕτίκα,(και“
1548 585 1628 640 γὰρ
1651 582 1745 628 ἔτυ-

300 669 375 706 χεν
416 649 495 707 ἀφ’
518 649 668 706 ἑτέρων
708 654 973 707 σατραπειῶν
1009 647 1266 706 ἧθροισμένη
1307 649 1482 706 στρατιά
1516 649 1745 706 βαρβάρων

303 718 401 774 περί
424 719 785 770 πεντακισχιλίους
803 719 874 759 καί
891 719 1069 771 δεομένη
1097 719 1386 778 περαιωθῆναι
1403 715 1509 774 πρὸς
1537 715 1615 772 τὴν
1630 715 1744 774 Θρᾴ-

302 801 376 838 κην
396 818 409 837 ,
429 782 486 832 ὦς
510 785 568 832 εἰς
588 786 766 825 Μυσίαν
796 783 868 825 ε’πί
890 781 1085 839 λεηλασίᾳ
1115 780 1359 836 ἐμβαλοῦσα
1376 786 1409 839 ,)
1426 785 1499 826 καί
1521 786 1601 841 τῷν
1621 783 1745 825 οἰκεί-

173 858 208 891 Ρ.
220 859 286 892 888
302 866 360 891 ων
387 849 505 899 τινάς
526 851 739 902 συμμίξας
768 849 841 890 καί
876 847 1108 905 στρατηγὸν
1151 850 1224 890 ἕνα
1257 848 1482 905 ἐπιστήσας
1514 849 1658 898 αὐτοῖς
1697 849 1744 891 ἐκ
1759 859 1787 887 ¹·

300 917 384 957 τῶν
414 917 550 956 αὐτοῦ
563 949 576 968 ,
627 922 712 964 τοῖς
740 916 946 969 βασιλέως
980 915 1206 969 πρέσβεσιν
1229 916 1392 956 ἐκέλευε
1421 914 1744 970 παραλαβόντας

298 983 583 1036 περαιοῦσθαι
600 1012 612 1034 ,
640 979 716 1034 τήν
747 983 826 1034 μὲν
853 981 991 1022 αἰτίαν
1019 981 1179 1035 οἷγνοῶν
1204 981 1277 1034 τῆς
1305 982 1510 1034 βασιλέως
1534 979 1606 1022 ἐπὶ
1641 984 1742 1035 Τρι-

297 1045 453 1100 βαλοὺς
486 1048 731 1100 στρατείας,
772 1047 952 1099 νομίζων
986 1047 1048 1096 δὲ,
1087 1045 1230 1095 ἁπλῶς
1263 1044 1393 1088 αὐτὸν
1437 1044 1509 1088 ἐπὶ
1546 1044 1742 1103 λεηλασίᾳ

296 1115 376 1154 τῶν
403 1109 644 1167 βαρβάρων.
701 1110 900 1166 βασιλεύς
930 1113 977 1154 δὲ
1004 1109 1106 1154 ι’ὃών
1128 1108 1236 1154 οὕτω
1263 1112 1443 1166 τάχιστα
1473 1110 1549 1168 ’τήν
1579 1110 1744 1167 βαρβά-

298 1194 383 1231 ρων
425 1177 657 1232 ἀφιγμένην
690 1175 914 1233 στρατιάν,
952 1175 1106 1231 μαθών
1144 1179 1192 1220 δὲ
1226 1179 1300 1221 καί
1329 1178 1386 1228 ὥς
1409 1179 1460 1220 ἐκ
1487 1179 1650 1220 πολλῶν
1677 1175 1741 1232 εἴη
1758 1191 1785 1218 ι;

297 1245 560 1298 σατραπειῶν
585 1244 892 1298 συνειλεγμένη,
927 1241 1116 1298 θορύβου
1146 1244 1219 1285 καί
1249 1240 1436 1298 οἷθυμίας
1472 1239 1525 1300 ἦν
1558 1241 1741 1297 μεστὸς,

295 1311 412 1350 τοῦτο
442 1310 522 1361 μὲν
552 1307 651 1357 τούς
693 1309 939 1364 βαρβάρους
974 1307 1220 1351 ὑποπτεύων
1240 1342 1251 1361 ,
1281 1308 1336 1359 ὥς
1364 1310 1486 1352 οὐδὲν
1515 1309 1630 1368 αὐτῷ
1661 1310 1743 1352 τῶν

294 1373 402 1415 κατὰ
435 1375 603 1430 γνώμην
642 1373 849 1430 πράξουσι
879 1377 1000 1423 δέους
1031 1375 1366 1429 ἀπηλλαγμένοι,
1406 1370 1543 1432 ὖφόὗ
1565 1377 1745 1431 μετρίως

295 1435 349 1481 ἂν
377 1439 590 1482 ἐπείθοντο
617 1440 823 1488 εὐτάκτως
850 1439 1028 1482 ἕπεσθαι
1074 1441 1147 1482 καί
1182 1440 1289 1494 μετὰ
1320 1440 1479 1495 κόσμου
1497 1474 1509 1492 ,
1550 1442 1672 1483 τοῦτο
1705 1442 1742 1482 δ’

299 1502 361 1546 ὅτι
389 1504 462 1547 καί
499 1506 525 1559 ἦ
559 1505 782 1559 Ῥωμαίων
825 1504 1003 1560 στρατιά
1037 1503 1251 1554 ἀδυνάτως
1289 1503 1401 1559 εἶχεν
1430 1509 1783 1562 α’θροισθῆναιηι

257 1572 342 1613 Βέν
379 1570 603 1626 τριάκοντα
647 1570 727 1626 γάρ
760 1570 939 1625 ἡμέραις
967 1569 1103 1623 εἴρητο
1145 1570 1287 1618 αὐτοῖς
1318 1568 1430 1612 εἶναι
1461 1570 1564 1626 πρὸς
1595 1570 1741 1614 αὐτόν,

295 1614 565 1691 πειρωμένοις
589 1637 635 1677 δὲ
664 1636 972 1689 παρακατέχειν
1004 1633 1105 1684 τους
1151 1633 1396 1689 βαρβάρους
1435 1638 1508 1679 καί
1536 1636 1609 1678 τὸν
1637 1634 1742 1691 χρό-

294 1716 365 1742 νον
395 1697 597 1753 άναλοῦν,
638 1697 868 1755 ἠπείλησαν
898 1703 1045 1742 ἐκεῖνοι
1074 1699 1147 1756 την
1177 1702 1313 1742 αὐτοῦ
1348 1703 1738 1758 καταδραμεῖσθαι,

386 1819 419 1851 9.
448 1805 497 1850 τῷ
524 1807 559 1841 Ρ.
660 1807 712 1842 15.
736 1805 778 1839 ἐκ
805 1817 871 1839 om.
897 1806 930 1839 P.

296 1892 360 1925 dos
389 1891 561 1925 credebat
580 1892 752 1930 sufficere.
802 1894 891 1927 Cum
911 1894 1084 1927 Triballis
1113 1896 1223 1939 igitur
1247 1906 1284 1929 se
1309 1897 1570 1932 advocantibus
1597 1898 1648 1931 ita
1673 1908 1738 1942 pe-

292 1939 411 1983 pigit:
438 1939 701 1985 confestimque
727 1941 836 1974 missa
861 1942 1043 1984 legatione
1067 1940 1112 1974 ad
1129 1942 1347 1984 Orchanmn,
1371 1944 1524 1978 militem
1551 1945 1737 1990 poposcit,

297 1990 333 2016 et
356 1986 531 2019 Romanos
555 1996 621 2030 per
649 1987 788 2020 litteras
814 1989 940 2031 coegit.
970 1987 1078 2021 Forte
1102 1987 1247 2022 fortuna
1273 1990 1476 2024 Orchanem
1515 1991 1612 2036 apud
1637 1990 1738 2034 Aby-

298 2032 386 2064 dum
424 2032 506 2064 aliis
541 2033 763 2077 quibusdam
797 2034 842 2067 de
883 2034 1000 2067 causis
1034 2041 1314 2069 commorantem
1346 2038 1455 2082 legati
1487 2037 1738 2078 conveniunt,
1767 2035 1777 2084 J⁴

295 2078 517 2121 legationem
557 2087 754 2124 exponunt.
815 2081 998 2115 Orchanes
1033 2081 1133 2114 illico
1178 2092 1222 2115 ex
1254 2083 1334 2115 aliis
1379 2085 1570 2129 SatrapiiS.
1594 2084 1767 2123 circiter,

297 2125 463 2169 quinque
487 2126 644 2159 millium
673 2126 909 2160 barbarorum
936 2133 1188 2172 congregatum
1217 2131 1436 2171 exercitum,
1470 2131 1659 2164 traiectum
1696 2131 1738 2164 iu
1766 2171 1771 2177 ¹

297 2170 487 2203 Thraciam
513 2174 737 2215 petentium,
773 2179 814 2206 ut
838 2175 878 2207 in
905 2174 1077 2208 Moesiam
1111 2176 1324 2219 populatum
1354 2178 1557 2218 irruerent,
1593 2177 1738 2222 aliquot
1763 2207 1765 2210 Α

299 2217 344 2250 ‹le
382 2217 456 2249 suis
494 2219 684 2260 admixtis,
720 2220 810 2266 duce
837 2231 984 2265 quoque
1009 2222 1054 2254 de
1080 2223 1152 2254 suis
1179 2222 1331 2255 ducibus
1358 2223 1564 2267 praefecto,
1600 2224 1735 2268 legatos

296 2273 478 2296 assumere
524 2270 560 2298 et
603 2268 848 2300 transmittere
881 2268 1008 2308 iussit,
1049 2279 1174 2301 causae
1224 2269 1468 2314 expeditionis
1506 2271 1648 2304 nescius
1698 2274 1737 2304 et

298 2309 514 2353 simpliciter
539 2311 753 2354 arbitratus,
770 2324 853 2346 eum
877 2314 922 2347 ad
940 2313 1113 2348 barbaros
1138 2315 1413 2359 depraedandos
1437 2317 1573 2350 auxilia
1598 2321 1735 2362 petere.
1756 2353 1758 2355 ,

297 2355 505 2389 Matthaeus
539 2361 612 2389 tam
655 2365 804 2403 repente
840 2360 1028 2394 advenisse
1053 2362 1236 2395 Persarum
1263 2364 1384 2407 copias
1411 2374 1559 2397 cernens
1577 2389 1585 2403 ,
1610 2369 1647 2397 et
1673 2363 1734 2396 in-

297 2403 467 2443 tellecto,
505 2414 548 2436 ex
574 2403 722 2439 diversis
748 2408 914 2451 satrapiis
940 2408 1174 2448 confluxisse,
1206 2410 1486 2454 perturbabatur
1517 2408 1736 2455 angebatur-

299 2461 371 2495 que
395 2459 634 2493 magnopere,
661 2453 769 2485 simul
793 2455 891 2498 quod
914 2454 1088 2487 barbaros
1115 2455 1197 2488 illos
1221 2454 1316 2489 nihil
1341 2468 1487 2498 eorum,
1526 2467 1620 2503 quae
1654 2457 1733 2499 ipse

296 2495 431 2536 vellet,
460 2495 616 2530 facturos
642 2500 909 2542 suspicaretur,
936 2501 1116 2544 (vacantes
1141 2507 1240 2535 metu
1268 2502 1424 2544 scilicet,
1450 2514 1515 2548 per
1539 2514 1645 2549 quem
1669 2502 1733 2535 fie-

298 2546 373 2582 ret,
397 2547 439 2574 ut
466 2543 606 2587 agmine
631 2547 830 2589 composito
858 2551 894 2580 et
918 2548 1086 2580 ordinato
1114 2551 1386 2593 sequerentur,)
1411 2551 1519 2583 simul
1542 2549 1640 2596 quod
1657 2548 1749 2587 Ro&

297 2598 426 2621 manae
452 2590 578 2633 copiae
602 2594 675 2622 tam
701 2591 771 2624 cito
798 2594 1004 2638 congregari
1026 2604 1101 2627 non
1128 2599 1315 2638 poterant:
1350 2597 1497 2640 triginta
1531 2595 1626 2630 enim
1651 2593 1753 2636 die-⁴

298 2634 367 2668 hus
391 2645 428 2668 se
453 2635 552 2679 apud
583 2636 666 2669 illos
691 2637 853 2672 futurum
885 2639 1108 2674 condixerat.
1159 2641 1247 2674 Cum
1277 2643 1456 2675 niteretur
1488 2647 1607 2676 autem
1641 2641 1759 2679 bar-⁷

298 2681 403 2714 baros
428 2682 525 2725 apud
549 2693 586 2715 se
610 2683 767 2716 retinere
786 2689 822 2718 et
846 2691 990 2731 tempus
1013 2692 1153 2729 terere,
1178 2688 1234 2720 illi
1260 2689 1337 2721 eius
1362 2690 1543 2734 regionem
1569 2688 1751 2732 direptum

298 2739 356 2761 ros
384 2728 667 2770 minitabantur,
704 2731 775 2763 nisi
802 2741 882 2764 cum
906 2733 994 2777 ipsis
1019 2735 1138 2779 primo
1169 2745 1315 2781 quoque
1346 2741 1508 2781 tempore
1538 2737 1577 2770 in
1608 2734 1730 2769 hostes
1747 2761 1754 2766 .
