1794 3158
356 153 469 227 498
866 170 1278 214 ANNOTAnoNsss

465 274 675 329 Pag.550‚
694 290 729 330 7.
764 271 899 326 λόγοις
929 275 985 314 Μ.
1015 289 1094 329 mg.
1127 288 1304 329 quoque,
1333 273 1544 326 θεολόγοις
1570 279 1710 314 textus.
1764 285 1780 293 ²·

465 331 569 383 Pag.
584 329 676 379 550,
692 344 731 384 9.
761 330 1075 381 Byzantium
1109 331 1352 382 navigat.
1389 329 1584 383 Gregoras
1613 328 1681 371 lib.
1701 342 1776 371 10.:

358 388 494 440 Quare
517 387 663 424 veritus
693 386 896 423 Barlaam
912 414 923 435 ‚
947 399 996 423 ne
1022 386 1302 424 monachorum
1327 385 1509 423 manibus
1539 383 1780 438 discerpere-

355 451 443 490 tur,
467 441 648 493 pluribus
676 441 764 478 iam
800 450 837 478 et
873 455 894 477 e
919 449 1046 478 monte
1073 440 1176 479 Atho
1213 448 1250 478 et
1282 439 1580 479 Thessalonicae
1613 453 1662 477 ac
1693 439 1780 490 By-

356 496 484 534 zantii
518 495 659 533 accolis
685 494 980 550 coty‘luentibus,
1013 496 1226 548 (putabant
1251 495 1355 532 enim
1384 494 1640 547 ignominiam
1660 493 1782 532 illam

354 551 411 588 ad
428 564 560 588 omnes
584 564 706 604 aeque
725 551 958 604 pertinere,)
1005 549 1471 603 Constantinopolitanum
1500 550 1782 603 patriarcham

354 614 391 642 et
411 613 554 642 coetum
576 606 840 659 episcoporum
865 604 963 651 adit,
991 618 1063 643 nec
1086 605 1456 658 omphalopsyclziae
1480 602 1596 642 modo
1619 611 1657 641 et
1669 603 1779 641 adul—

353 661 572 698 terinarum
599 673 773 713 precum,
799 660 869 698 secl
892 660 1009 698 etiam
1033 660 1291 713 blasphemae
1321 659 1537 711 theologiae
1558 658 1779 697 Palamam

354 723 517 752 accusat
541 732 554 752 .·
602 728 702 753 nam
745 729 833 752 eum
869 723 909 752 et
947 716 1062 752 novis
1090 714 1249 753 vocibus
1295 714 1336 752 in
1376 715 1546 765 mystica
1587 713 1780 752 ecclesiae

351 770 549 820 theologia
577 771 652 818 uti,
687 777 725 807 et
745 771 873 808 nescio
904 783 1003 822 quae
1029 778 1198 807 monstra
1235 782 1393 808 cernere
1419 783 1459 807 se
1473 767 1679 823 profiteri,
1711 767 1779 806 ia·

351 825 522 862 etantiae
558 833 596 862 et
623 825 881 874 arrogantiae
916 824 1052 876 plena.
1119 825 1250 877 Quare
1282 823 1477 862 decretum
1506 831 1563 861 est
1593 821 1777 860 iudicium

352 880 396 916 in
433 879 620 917 maximo
653 879 819 917 divinae
864 877 1099 932 Sapientiae
1140 878 1282 931 templo
1306 908 1318 925 ‚
1371 879 1498 917 etiam
1543 878 1778 931 imperatore

351 947 436 971 cum
473 934 720 987 principibus
752 942 907 973 senatus
937 942 975 972 et
1000 933 1234 972 doctissimis
1266 933 1496 987 quibusdam
1531 933 1632 972 viris
1653 943 1780 985 prac-

351 997 453 1026 sente
482 994 558 1025 etc.
590 1002 761 1027 PONTAN.

456 1044 559 1095 Pag.
574 1043 670 1094 550,
694 1057 752 1097 ¹7·
783 1035 913 1082 ὄντων
942 1049 1047 1081 recte
1073 1041 1163 1081 add.
1199 1042 1256 1085 M.
1286 1048 1377 1096 post
1402 1037 1669 1095 πραγμάτων.

458 1098 558 1150 Pag.
577 1097 672 1149 552,
694 1111 728 1139 1.
756 1095 799 1137 τὸ
831 1099 888 1136 Μ.
921 1112 1000 1150 mg.
1029 1111 1100 1149 pro
1127 1096 1200 1152 τῷ.

460 1151 670 1204 Pag.552‚
699 1167 757 1192 10.
785 1151 889 1192 θεοῦ
914 1152 987 1191 καί
1012 1150 1230 1202 βασιλείαν
1255 1150 1362 1190 θεοῦ
1391 1150 1463 1191 καί
1490 1148 1581 1205 φῶς
1609 1149 1668 1194 Μ.

459 1207 564 1259 Pag.
580 1206 674 1256 553,
693 1207 731 1247 6.
763 1204 836 1246 καί
862 1207 950 1248 add.
979 1221 1071 1246 cum
1101 1208 1161 1246 M.
1188 1213 1279 1260 post
1308 1199 1440 1259 ἦττον.

459 1262 563 1314 Pag.
585 1261 677 1312 554,
702 1264 762 1305 15,
793 1260 841 1314 δὴ
870 1262 962 1302 add.
997 1263 1052 1302 M.
1085 1275 1203 1314 supra
1233 1261 1300 1300 lin.
1329 1268 1419 1314 post
1449 1252 1496 1316 ᾧ.

460 1315 563 1368 Pag.
580 1315 674 1368 555,
699 1331 733 1359 1.
766 1317 855 1371 φῶς
895 1311 1082 1369 ἅναρχόν
1119 1329 1163 1355 τε
1203 1314 1327 1365 δόξαν
1358 1315 1435 1355 τοῦ
1460 1314 1567 1355 θεοῦ
1594 1313 1666 1355 καί
1690 1312 1780 1368 φῶς

351 1369 487 1412 α’ΐὸιον
516 1372 572 1409 Μ.

457 1426 566 1478 Pag.
584 1423 679 1476 555,
699 1425 759 1475 14.
787 1425 858 1464 καί
881 1433 972 1464 ante
999 1419 1308 1479 ἀπαραιτήτους
1333 1439 1414 1464 0111.
1451 1426 1510 1465 M.

459 1480 564 1532 Pag.
583 1478 676 1527 555,
693 1494 760 1522 21.
791 1479 985 1520 διέλυσαν
1014 1481 1073 1519 Μ.

460 1534 562 1587 Pag.
583 1535 678 1584 555,
695 1536 761 1575 25.
795 1535 868 1588 τῆς
896 1543 935 1575 et
963 1531 1312 1588 ἀμφισβητήσεως
1330 1535 1403 1585 Μ.,
1430 1533 1566 1574 addito
1595 1541 1685 1588 post
1706 1533 1781 1587 τῆς

350 1602 468 1642 supra
502 1588 571 1630 lin.
601 1603 655 1630 τε.

462 1645 565 1697 Pag.
579 1645 675 1693 556,
695 1658 755 1683 ¹2.
785 1641 976 1697 διέφερεν
1009 1645 1065 1685 Μ.

459 1699 564 1752 Pag.
582 1699 674 1748 556,
703 1714 762 1740 12.
792 1696 976 1745 στάσεως
1004 1697 1076 1739 καί
1101 1698 1289 1752 ταραχῆς
1314 1696 1420 1739 κατὰ
1450 1701 1509 1740 Μ.

459 1753 565 1806 Pag.
587 1754 763 1804 556,21.
792 1751 1007 1808 Βαρλαάμ
1034 1757 1092 1794 Μ.
1122 1769 1196 1809 pro
1223 1751 1478 1798 Ἀκινδύνου.

461 1809 571 1861 Pag.
592 1808 687 1859 556,
705 1823 770 1850 21.
795 1805 870 1848 ἴσα
899 1813 957 1851 Μ.

461 1864 567 1916 Pag.
587 1864 681 1918 557,
702 1877 734 1906 1.
766 1865 956 1919 κοινωνίᾳ
984 1865 1041 1908 Μ.
1067 1879 1140 1918 pro
1169 1865 1303 1920 κακίᾳ.

460 1918 739 1972 Pag.557,5.
775 1934 868 1973 pro
909 1921 1075 1960 veteri
1111 1921 1432 1972 synodorum
1477 1933 1617 1959 more
1652 1933 1781 1959 com-

346 1974 544 2028 posito.
602 1974 718 2024 Quae
756 1988 844 2027 cap.
876 1976 944 2030 39.
986 1982 1025 2014 et
1062 1974 1129 2026 40.
1168 1975 1239 2014 lib.
1272 1990 1310 2018 2.
1347 1976 1644 2014 Cantacuzenus
1682 1976 1781 2014 scri-

351 2029 425 2077 bit,
457 2042 503 2067 ea
531 2029 725 2067 eiusmodi
752 2036 859 2075 sunt,
890 2038 936 2069 ut
963 2044 1045 2069 non
1070 2030 1182 2069 brevi
1214 2031 1470 2069 annotatione
1491 2059 1502 2080 ‚
1533 2030 1601 2070 sed
1631 2031 1782 2082 integro

350 2084 644 2136 propemodum
672 2091 712 2123 et
740 2086 904 2138 proprio
931 2085 1034 2124 libro
1063 2099 1177 2138 egere
1198 2086 1424 2135 videantur,
1447 2099 1536 2124 cum
1551 2086 1782 2137 gravissima

351 2138 471 2177 fiaerit
497 2139 604 2192 apud
633 2139 804 2179 Graecos
833 2141 930 2179 haec
956 2142 1133 2193 quaestio
1161 2147 1200 2179 et
1227 2141 1522 2190 controversia,
1552 2141 1782 2192 Latinisque

352 2194 612 2245 scriptoribus
639 2196 928 2247 propemodum
961 2197 1109 2249 ignota,
1141 2203 1210 2235 aut
1237 2203 1344 2234 certe
1374 2210 1455 2234 non
1485 2197 1578 2234 satis
1607 2195 1780 2248 cognitaq

352 2248 462 2300 quod
482 2255 677 2287 testantur
702 2263 855 2290 errores
884 2264 957 2289 nec
985 2252 1127 2304 pauci,
1171 2265 1244 2290 nec
1281 2251 1424 2303 parvi,
1464 2264 1486 2288 a
1524 2251 1650 2288 doctis
1683 2249 1781 2288 viris

352 2303 395 2342 in
422 2302 543 2342 huius
572 2307 795 2355 argumenti
824 2306 981 2360 litisque
1011 2305 1270 2358 explicatione
1300 2312 1338 2344 et
1366 2304 1557 2344 relatione
1570 2304 1781 2346 commissi.

352 2357 417 2397 Ne
442 2365 574 2396 tamen
608 2358 709 2396 nihil
736 2360 942 2412 dicamus,
983 2360 1146 2414 quandy
1171 2361 1303 2400 omnia
1331 2374 1412 2398 non
1448 2359 1564 2410 licet,
1606 2359 1782 2398 breviter

353 2420 394 2451 et
421 2413 603 2452 distincte
629 2414 824 2454 nonnulla
856 2416 1096 2463 libabimus,
1138 2430 1240 2469 quae
1276 2415 1467 2454 obscurae
1504 2415 1688 2452 historiae
1716 2413 1781 2452 lu·-

353 2482 440 2506 cem
471 2467 701 2511 accendant.
756 2470 817 2509 Ut
844 2485 937 2524 ergo
967 2471 1018 2509 ab
1045 2472 1132 2524 ipso
1162 2470 1368 2510 Barlaamo
1396 2469 1659 2522 incipiamus,
1694 2482 1782 2507 mo¹3

352 2523 504 2562 nachus
537 2524 568 2562 is
597 2523 684 2579 fuit,
711 2525 862 2564 ordinis
901 2526 984 2565 divi
1014 2525 1168 2575 Basilii,
1210 2533 1256 2564 ut
1283 2525 1443 2579 quidam
1479 2523 1671 2572 tradunt,
1710 2531 1781 2562 na*

352 2579 463 2616 tione
493 2577 678 2630 Calaber,
707 2581 913 2633 utriusque
939 2581 1122 2633 linguae,
1153 2582 1276 2619 immo
1302 2588 1342 2619 et
1369 2579 1665 2632 philosophiae,
1697 2579 1782 2616 ma&

353 2632 591 2671 thematicae
617 2640 656 2672 et
683 2634 904 2689 theologiae
945 2635 1085 2675 doctus
1102 2664 1113 2685 ‚
1153 2636 1234 2675 acri
1261 2643 1300 2674 et
1325 2634 1461 2673 subtili
1495 2634 1652 2685 ingenio
1669 2662 1681 2683 ‚
1717 2630 1781 2672 vel

354 2687 533 2740 ipsorum
572 2687 891 2730 adversariorum
930 2690 1193 2730 Cantacuzeni
1230 2697 1270 2729 et
1311 2689 1511 2728 Philothei
1537 2687 1779 2741 patriarcha

356 2742 596 2785 testimonio,
654 2745 777 2784 Varia
811 2745 989 2799 scripsit,
1027 2746 1078 2786 de
1116 2745 1260 2799 quibus
1301 2744 1460 2784 consule
1494 2745 1690 2798 epitomen
1721 2741 1782 2781 bi*
