1800 3164
332 133 434 188 106
849 148 1219 192 CANTAcuzmi

116 254 205 289 A.c.
222 256 309 303 ¹34¹)
321 249 486 306 θρόνοις
513 251 578 292 ἐπ’
609 250 718 292 ἔτεσι
743 248 864 291 δυσὶν
891 248 1178 302 ἐνδιαπρέψας
1205 246 1280 290 καὶ
1302 246 1351 291 τὸ
1381 251 1571 303 ποίμνιον
1603 250 1758 306 ποιμάὲ

279 321 394 365 Βνας
421 317 646 372 θεοφιλῶς,
674 313 747 356 τόν
775 313 1013 356 Κάλλιστον
1043 311 1066 354 ὅ
1093 314 1294 368 βασιλεῦς
1323 320 1409 365 τοῖς
1439 323 1759 372 πατριαρχικοῖς

318 381 487 437 θρόνοις
522 382 698 437 ἑφιστᾷ,
742 381 794 437 τῇ
829 378 932 421 κατὰ
970 374 1179 423 τὸν”Αθω
1205 379 1316 438 μονῇ
1339 383 1420 423 τῶν
1447 382 1620 437 Ἰβήρων
1651 380 1757 434 μετὰ

317 447 393 503 τήν
423 450 470 490 ἐκ
494 449 567 490 τοῦ
596 445 755 498 κόσμου
782 445 1052 502 ἀναχώρησιν
1081 447 1426 502 ἑνδιατρίψαντα.
1483 445 1532 489 ὃν
1550 449 1643 489 ἐπεὶ
1658 445 1760 489 ἐπύ-

319 517 420 555 θετο
457 512 606 567 α’ρετῆς
642 511 949 553 α’ντιποιεῖσθαι
987 513 1060 554 καί
1085 511 1190 568 πρὸς
1220 511 1292 567 τὴν
1320 511 1514 568 τοιαύτην
1546 511 1790 558 διακονίαν5

319 575 427 621 εἶναι
464 574 722 632 ἐπιτήδειον,
761 572 912 632 ἤγαγεν
941 579 1000 627 εἷς
1029 577 1265 629 Βυζάντιον
1293 576 1442 634 τριήρη
1470 581 1654 632 πέμψας.
1709 574 1761 620 ἆ-

316 644 537 697 χθομένων
574 643 621 684 δὲ
648 643 731 685 τῶν
768 645 1002 699 α’ρχιερὲων
1031 642 1136 699 πρὸς
1166 643 1240 699 τήν
1274 644 1458 700 αἳρεσιν,
1495 646 1548 686 ου’
1580 643 1760 696 πάντων,
1799 697 1800 700 ¹

318 711 391 753 καί
408 706 545 753 ἄλλων
573 706 698 753 ἄλλον
728 710 1092 767 προβαλλομένων,
1123 709 1313 766 σπουδὴν
1332 709 1489 766 πολλὴν
1507 707 1758 764 εἰσενεγκων,
1799 706 1800 720 ’

317 776 476 827 πάντας
502 776 667 819 ἔπειθεν
693 777 717 818 ὅ
744 776 943 831 βασιλεὺς
959 778 1220 820 συνθέσθαι·
1279 780 1351 819 καί
1366 780 1660 832 ἐχειροτονεῖτο
1678 779 1759 820 τῶν
1787 830 1792 834 ⁴

317 838 456 884 ἄλλων
477 844 732 899 προκριθείς.
787 841 811 884 ὅ
836 841 1035 897 βασιλεύς
1062 844 1109 884 δὲ
1135 844 1208 885 καί
1235 841 1433 899 πρότερον
1462 844 1537 885 καὶ
1560 841 1663 885 κατὰ
1683 841 1788 885 τὸνι

277 918 304 952 C
319 911 393 952 τοῦ
416 910 598 962 πολέμου
616 908 780 966 χρόνον,
812 910 905 951 ἐπει*
922 908 1004 950 ὑπὸ
1022 908 1242 962 Ῥωμαίων
1264 907 1621 965 κατεστασιάσθη,
1643 903 1758 951 ἄκων

182 977 394 1029 monn&
435 976 509 1016 καί
543 973 649 1030 πρὸς
689 975 870 1030 α’νάγκην
909 976 1102 1027 πολέμοις
1140 975 1358 1030 προσέχων
1396 976 1468 1016 καί
1504 975 1758 1029 λεηλασίαις,

319 1037 475 1097 (ἄλλως
506 1038 585 1095 γὰρ
626 1038 750 1082 αὐτόν
784 1056 827 1083 τε
855 1039 929 1082 καί
970 1038 1070 1090 τούς
1108 1042 1306 1090 συνόντας
1333 1041 1530 1094 οὐδαμῶς
1558 1038 1758 1092 διασώζε-

315 1109 422 1148 σθαι
449 1106 582 1162 ἑνῆν,)
613 1105 746 1161 ἡδέως
774 1107 820 1147 δὲ
851 1104 960 1160 ἔχων
989 1103 1244 1160 πραγμάτων
1274 1105 1643 1159 ἀπαλλάττεσθαι,
1684 1104 1760 1147 καί
1784 1161 1790 1165 Α

315 1172 395 1213 τοῦ
430 1169 585 1219 παντὸς
620 1169 851 1225 τιμώμενος
880 1171 926 1213 τὸ
956 1172 1087 1228 συζῇν
1113 1171 1442 1229 ἀπραγμοσύνῃ,
1485 1171 1557 1214 καί
1586 1167 1787 1227 ὕστερονι

314 1235 419 1291 μετὰ
446 1234 494 1278 τὸ
524 1236 609 1278 τῶν
638 1235 892 1293 πραγμάτων
920 1232 1046 1293 ἄρξαι
1075 1236 1314 1291 ἀχθόμενος
1340 1236 1442 1293 πρὸς
1474 1236 1547 1280 τὸν
1574 1235 1759 1291 θόρυβον

315 1301 388 1344 τὸν
417 1299 498 1343 ἀπὸ
527 1303 602 1358 τῆς
629 1302 778 1358 ἀρχῆς,
805 1304 880 1346 καί
906 1306 1002 1357 βίου
1030 1304 1214 1358 γαληνοῦ
1241 1302 1315 1346 καί
1342 1301 1604 1358 ἀπράγμονος
1630 1304 1756 1358 ἐρῶν,

314 1367 518 1422 ἐσκέψατο
544 1368 648 1421 μετά
678 1365 859 1423 Εἰρήνης
884 1370 1101 1422 βασιλίδος
1133 1370 1205 1424 τῆς
1234 1366 1434 1423 γυναικὸς
1468 1367 1546 1423 τὴν
1571 1370 1651 1422 μὲν
1678 1371 1757 1422 βα-

313 1434 477 1476 σιλείαν
502 1435 678 1493 γαμβρῷ
705 1435 764 1492 τῷ
789 1436 963 1487 βασιλεῖ
984 1436 1279 1490 παραδοῦναι,
1325 1432 1484 1483 αὐτούς
1511 1435 1558 1475 δὲ
1589 1433 1758 1487 ἀναχω-

313 1503 403 1554 ρεῖν
440 1500 523 1541 τῶν
559 1500 813 1554 πραγμάτων
843 1499 916 1541 καὶ
947 1502 1144 1554 μοναχῶν
1171 1498 1478 1553 ἑλέσθανβιόν.
1533 1499 1608 1540 καί
1632 1502 1800 1553 βασι-3.

313 1565 410 1606 alsa
428 1567 506 1618 μὲν
533 1568 751 1608 συνέθεντο
779 1563 855 1619 τήν
872 1564 1054 1621 Εἰρήνην
1082 1565 1188 1621 πρὸς
1215 1564 1261 1607 τὸ
1293 1567 1368 1621 τῆς
1402 1565 1600 1618 Μάρθας
1627 1580 1759 1621 προσ-

269 1629 615 1686 Βαγορευόμενον
641 1630 948 1686 μοναστήριον,
990 1630 1017 1686 ἢ
1035 1633 1239 1684 βασιλέως
1270 1627 1320 1685 ἦν
1349 1627 1512 1686 ἀδελφή
1542 1632 1617 1671 τοῦ
1638 1629 1755 1685 προό-

313 1710 388 1737 του
416 1697 498 1738 τῶν
526 1694 834 1751 Παλαιολόγων
865 1695 1069 1751 Μιχαὴλ,
1097 1698 1306 1751 γενέσθαι,
1325 1696 1381 1746 (ὃς
1406 1699 1581 1750 βασιλεῖ
1600 1697 1755 1751 προσῆ-

361 1806 388 1830 1.
414 1794 525 1831 δυσὶν
537 1805 605 1830 om.
622 1795 657 1827 P.
677 1794 770 1829 etM.
795 1795 976 1830 Pontanus
995 1795 1089 1828 male
1103 1795 1214 1829 annis
1232 1793 1364 1830 decem.
1390 1794 1472 1829 vid,
1483 1806 1578 1840 supr.
1591 1806 1626 1840 p.
1643 1797 1699 1836 26,
1719 1807 1751 1830 ι.

311 1872 376 1919 qui
399 1872 572 1906 thronum
597 1873 703 1907 annis
728 1872 871 1907 duobus
903 1878 1071 1907 tenuerat
1095 1878 1133 1907 et
1155 1884 1296 1918 gregem
1331 1872 1456 1907 divino
1482 1873 1610 1908 ardena
1631 1885 1753 1909 amore

309 1925 480 1965 paverat,
506 1921 703 1964 Imperator
729 1919 917 1954 Callistum
941 1921 980 1953 in
1009 1921 1086 1953 eius
1111 1921 1197 1953 sede
1224 1920 1386 1953 collocat.
1435 1919 1504 1953 Hic
1523 1925 1607 1966 post
1630 1931 1754 1956 seces·
1791 1955 1793 1957 ,

312 1978 391 2000 sum
415 1978 436 2000 a
457 1966 640 2001 mundana
673 1966 747 2001 vita
782 1968 823 2001 in
849 1967 1107 2000 monasterium
1131 1967 1318 2000 Iberorum
1349 1965 1444 2011 apud
1468 1973 1629 2001 montem
1654 1967 1752 2002 Atho

313 2024 351 2046 se
384 2013 584 2047 abdiderat.
634 2012 753 2059 Quem
787 2019 829 2047 ut
851 2013 994 2047 virtutis
1029 2014 1210 2047 aemulum
1248 2017 1285 2045 et
1315 2012 1362 2045 ad
1394 2012 1636 2047 ministerium
1676 2015 1750 2048 tale

305 2057 487 2093 ‘idoneum
511 2059 661 2101 audivit,
684 2061 792 2093 missa
816 2060 955 2094 triremi
981 2060 1190 2104 Byzantium
1217 2060 1379 2093 adduxit.
1428 2059 1515 2093 Eam
1533 2062 1750 2095 electionem

314 2106 493 2150 episcopis
517 2106 666 2152 indigne
690 2106 928 2151 patientibus,
953 2118 1172 2153 quamquam
1188 2118 1262 2140 non
1281 2105 1460 2147 omnibus,
1485 2111 1522 2140 et
1537 2108 1620 2141 aliis
1636 2108 1749 2142 alium

313 2153 609 2193 nominantibus,
634 2153 716 2186 data
739 2154 895 2187 sollicite
933 2164 1055 2199 opera,
1091 2154 1286 2199 imperator
1311 2153 1356 2185 ad
1382 2163 1596 2188 consensum
1621 2164 1748 2189 omnes

312 2199 482 2243 impulit:
516 2200 569 2232 ita
596 2199 766 2233 Callistus
792 2201 920 2234 ceteris
945 2202 1107 2234 omnium
1132 2201 1276 2234 calculis
1294 2201 1478 2244 praelatus
1496 2206 1561 2235 est.
1613 2201 1747 2235 Verum

315 2246 413 2278 enim
434 2255 515 2279 vero
530 2245 723 2290 imperator
736 2251 773 2281 et
793 2246 895 2287 alias,
922 2251 958 2280 et
975 2258 1039 2291 per
1053 2253 1193 2293 tempus
1209 2247 1298 2281 helli
1314 2259 1392 2280 cum
1418 2247 1662 2282 seditionibus
1677 2250 1748 2281 Ro-

313 2303 498 2326 manorum
518 2293 718 2337 exagitatus
739 2293 838 2326 haud
853 2294 1063 2334 volens,se‹l
1075 2294 1288 2329 necessitate
1311 2296 1470 2335 adactus,
1498 2305 1594 2328 arma
1614 2299 1747 2329 tracta—

313 2343 371 2373 ret
394 2343 431 2373 et
454 2338 721 2384 direptionibus
743 2345 907 2380 vacaret,
939 2340 1061 2385 (aliter
1078 2343 1218 2388 quippe
1246 2352 1386 2376 servare
1411 2352 1449 2375 se
1474 2351 1553 2375 cum
1580 2342 1655 2376 seis
1678 2353 1747 2376 nc-

314 2396 386 2430 qua
416 2396 496 2419 uam
520 2387 726 2431 potuisset,)
749 2387 924 2420 molestiis
949 2389 1085 2422 exsolvi
1110 2390 1271 2434 cupiens,
1287 2395 1323 2423 et
1353 2389 1461 2423 vitam
1486 2389 1613 2432 procul
1635 2399 1746 2433 nego-

314 2432 376 2466 tiis
429 2432 641 2466 eatissimam
667 2437 860 2477 reputans,
895 2435 1114 2480 tandemque
1139 2442 1222 2480 post
1245 2435 1416 2480 adeptum
1446 2435 1638 2479 imperium
1679 2447 1748 2468 na·-

312 2484 454 2513 scentes
477 2478 564 2512 inde
586 2478 710 2513 turbas
735 2485 772 2514 et
796 2490 959 2513 curarum
983 2482 1095 2515 moles
1122 2483 1359 2516 intoleranter
1382 2483 1562 2515 sustinens
1577 2506 1587 2522 ‚
1621 2491 1663 2514 ac
1685 2493 1746 2527 ge-

311 2536 380 2559 nus
404 2525 550 2560 vivendi
583 2526 767 2571 placidum
793 2527 1018 2573 minimeque
1046 2530 1273 2574 negotiosum
1302 2529 1504 2573 suspirans,
1533 2539 1613 2561 cum
1640 2529 1745 2561 Irene

311 2583 424 2607 uxore
449 2583 552 2606 sensa
579 2584 643 2606 sua
668 2575 929 2614 communicat,
963 2579 1199 2621 statuuntque
1224 2576 1350 2615 ambo,
1375 2575 1546 2609 translato
1571 2575 1610 2607 in
1635 2586 1745 2619 gene-

311 2629 391 2652 rum
422 2620 575 2663 imperio
610 2621 781 2654 nuntium
822 2620 932 2654 rebus
956 2621 1122 2655 humanis
1148 2624 1294 2656 mittere
1325 2621 1652 2666 monachorumque
1686 2622 1744 2654 in—

311 2666 437 2701 stituta
461 2667 599 2699 sectari.
647 2667 691 2700 Et
717 2668 896 2707 convenit,
921 2668 1032 2711 ipsam
1057 2669 1205 2713 quidem
1230 2669 1275 2701 ad
1299 2668 1554 2702 monasterium
1567 2667 1742 2708 Marthae,

311 2713 370 2758 (ea
384 2711 570 2750 Michaelis
588 2713 694 2760 primi
714 2713 916 2760 Pala-eologi
929 2725 1028 2750 soror
1050 2715 1147 2762 fuit‚)
1173 2721 1213 2750 ut
1237 2716 1446 2761 imperatori
1472 2725 1517 2749 ex
1539 2713 1743 2751 hereditate
