1800 3164
253 133 364 200 244
781 140 1154 184 CANTAcquNi

43 263 82 296 Α
93 262 130 296 C.
152 260 234 296 1353
249 267 323 294 νου
362 243 462 305 ἧκε,
494 264 563 289 και
595 246 795 298 κατέσχε,
839 242 916 283 τοῦ
963 252 1165 314 αρχοντος
1202 235 1477 291 παραδόντος.
1535 234 1696 276 ἐκεῖθεν
1735 278 1754 315 ᾗ

247 319 294 359 δὲ
341 317 401 365 εἷς
445 311 756 364 Διὸυμότειχον
795 303 1032 359 ἀπεχώρει,
1068 300 1126 356 τό,
1131 319 1175 344 τε
1204 300 1417 358 Περσικὸν
1461 295 1697 340 καταλιπων
1748 324 1757 336 -.

246 385 291 425 ἐν
319 384 369 439 τῇ
397 379 627 435 Ἀδριανοῦ
659 392 730 416 και
768 373 1013 426 ίΡωμαιόυς
1059 385 1135 411 ουκ
1175 369 1339 422 ὀλίγους
1383 370 1583 422 φρουρεῖν
1620 361 1696 417 τήν
1742 401 1748 408 ,

244 446 365 491 πόλιν
385 441 653 499 στρατιώτας.
686 443 744 489 εἰς
775 439 850 492 τὴν
877 439 1107 492 ὑστεραίαν
1128 437 1174 478 δὲ
1195 430 1543 487 Καντακουζηνὸς
1573 429 1597 470 0‘
1617 432 1696 483 βα-

245 514 387 561 σιλευς
408 507 624 566 γενόμενος
645 509 688 549 ἐν
709 507 946 561 Ἀδριανοῦ,
965 502 1055 546 ἐπει
1082 499 1259 544 πύθοιτο
1282 501 1469 553 βασιλέα
1489 495 1563 538 τοι
1588 502 1756 554 ,ιαμ-5

244 578 349 633 βρὸν
368 572 734 654 ἀνακεχωρηκότα,
777 573 948 624 πέμψας
980 566 1155 623 παρήνει
1184 565 1283 615 τούς
1310 567 1480 612 πολίτας
1504 578 1697 618 προσχω-

246 650 332 700 ρεῖν
360 644 470 699 αὐτῶ
499 639 571 682 καί
609 638 681 695 τὴν
710 636 830 679 πόλιν
850 634 1148 691 παραδιδόναι.
1190 633 1266 689 ὑφ’
1283 631 1413 688 ὁρμῆς
1438 628 1515 684 γὰρ
1544 626 1695 682 ἀλόγου

244 727 312 752 και
307 708 620 764 παραπληξίας
638 701 902 758 ἀντισχήσειν
917 705 1124 757 οἰηθέντες
1140 698 1244 755 πρὸς
1261 699 1438 752 βασιλέα
1453 693 1554 736 κατὰ
1568 695 1696 750 σφᾶς,

245 775 283 818 οἱ
311 777 389 828 μὲν
416 772 498 828 πρὸ
533 775 616 813 τῶν
644 773 787 812 πυλῶν
817 769 1072 821 ωπλισμένοι
1100 762 1504 820 ἀντιπαρετάττοντο,
1534 760 1698 815 ἔχοντες

206 844 318 883 Βκαι
346 842 520 895 Πέρσας
548 835 648 885 τοὺς
675 833 926 888 συμμάχους
945 867 956 887 ,
997 835 1069 875 ἐπι
1093 834 1176 875 τῶν
1202 833 1355 884 τειχῶν
1384 830 1430 870 δὲ
1469 826 1514 870 τὸ
1548 842 1695 881 γυμνι-
1714 841 1763 886 m,

245 906 328 948 κόν.
356 940 358 942 .
384 906 455 946 καί
481 904 687 958 βασιλέως
717 903 1018 955 παραινοῦντος
1049 902 1336 954 προσχωρεῖν,
1377 911 1426 936 ου
1458 892 1588 947 μόνον
1619 891 1694 933 οὐκ

243 973 484 1022 ἐπείθοντο,
525 965 632 1010 ἀλλὰ
674 966 747 1008 καί
781 962 915 1021 ἦρχον
945 965 1096 1046 μάχης
1113 962 1327 1017 χρώμενοι
1354 961 1546 1012 τοξείαις.
1587 957 1696 1013 ὁρῶν

245 1041 292 1080 δὲ
322 1037 343 1078 5
377 1033 592 1090 βασιλευς,
608 1049 665 1082 ως
694 1030 834 1074 ὅπλων
857 1032 985 1086 χρεία
1018 1028 1125 1086 πρὸς
1158 1025 1292 1077 οὑτως
1315 1028 1696 1083 ἀναισθητοῦντας,

244 1103 442 1156 σύνθημα
470 1101 614 1141 ἐδιδου
641 1098 782 1153 μάχης
810 1102 897 1146 τοῖς
926 1098 1164 1152 σφετέροις.
1194 1094 1265 1137 καὶ
1287 1095 1440 1136 αὔτίκα
1469 1092 1512 1134 οἵ
1535 1108 1578 1134 τε
1601 1094 1694 1132 Κα-

244 1167 408 1210 τελάνοι
440 1165 512 1208 διὰ
541 1166 612 1220 τῆς
642 1180 774 1219 ακρας
807 1159 916 1218 ἦσαν
937 1162 1052 1211 ἐντὸς
1066 1162 1234 1216 τειχῶν,
1265 1163 1339 1202 καί
1356 1158 1402 1202 τὸ
1434 1153 1536 1201 αλλο
1565 1154 1765 1211 arod-1⁵,

106 1241 149 1277 V.
164 1243 381 1289 Gyarsvpta
409 1249 506 1281 τους
529 1230 607 1281 ἔξω
635 1230 1027 1285 παρατεταγμένους
1055 1230 1262 1282 ἐτρέψατο
1280 1227 1481 1269 ἐπελθὸν·
1509 1224 1583 1266 καί
1604 1223 1696 1279 ἡλί-

246 1315 364 1342 σκετο
391 1296 416 1352 ἦ
446 1296 566 1345 πόλις
595 1293 865 1350 εκατέρωθεν.
896 1295 1068 1349 Πέρσαι
1102 1295 1147 1335 δὲ
1177 1292 1214 1335 οἱ
1244 1295 1466 1346 σύμμαχοι
1497 1292 1695 1342 ἐκείνοις,
1751 1314 1757 1330 ι

244 1366 502 1420 συνορῶντες
543 1358 624 1418 ἤδη
666 1360 937 1417 ἡττημένους,
977 1359 1103 1409 ὅσους
1144 1356 1270 1403 οἷοίτε
1320 1354 1428 1414 ἦσαν
1456 1360 1537 1400 τῶν
1573 1357 1696 1413 σφίσι

245 1432 609 1484 συντεταγμένων,
638 1426 1007 1505 συναρπάσαντες,
1045 1442 1377 1482 προσεχωρησαν
1403 1429 1584 1479 βασιλεῖ.
1617 1421 1695 1465 αὖ-

207 1500 336 1541 Οτίκα
381 1498 427 1537 δὲ
465 1496 539 1537 καί
581 1493 620 1536 οἱ
657 1510 763 1547 μετα
804 1494 879 1535 τοῦ
914 1496 1119 1546 βασιλέως
1147 1491 1460 1547 ἐπιδραμόντες,
1505 1485 1616 1532 εἷλον
1644 1487 1695 1530 οὖ
1707 1499 1765 1528 02

243 1561 450 1612 πολλούς·
500 1557 609 1615 ἦσαν
650 1557 732 1638 γὰρ
775 1555 906 1612 ὀλίγοι
937 1575 1007 1600 και
1037 1555 1170 1600 αὐτοί.
1234 1559 1524 1612 ὁιεὸιὸρασκον
1553 1557 1599 1597 δὲ
1625 1557 1700 1597 καί
1749 1567 1751 1570 ·

238 1627 672 1685 Ἀδριανουπολιτῶν,
705 1621 798 1667 δ’σοι
825 1624 1010 1677 μάλιστα
1049 1627 1184 1673 κακῶς
1221 1624 1291 1666 τὸν
1319 1625 1524 1678 βασιλέως
1555 1620 1696 1676 ἔλεγον

243 1694 338 1736 υἱὸν
365 1690 736 1749 πολιορκούμενον,
767 1692 1000 1744 δείσαντες,
1039 1689 1097 1745 μὴ
1139 1692 1213 1745 τῆς
1253 1687 1547 1744 ἀγνωμοσύνης
1588 1689 1696 1729 δῶσι

243 1763 375 1810 δίκας.
407 1759 430 1801 5
460 1761 592 1814 δῆμος
615 1760 661 1800 δὲ
690 1758 781 1799 ov'd’
800 1755 929 1811 οὕτω,
957 1758 1104 1813 καίπερ
1144 1757 1368 1813 ἡττημένος
1386 1754 1461 1798 καί
1484 1769 1695 1810 κακοπρα-

340 1862 391 1894 ¹9·
417 1846 693 1894 προσεχώρουν
718 1847 766 1880 Μ.

241 1939 328 1961 num
355 1926 508 1966 abiens,
544 1935 563 1957 a
601 1925 784 1970 praefecto
824 1923 991 1958 traditam
1028 1923 1200 1957 obtinuit.
1249 1924 1338 1957 Inde
1364 1923 1688 1967 Didymotichum,

241 1974 357 2009 Persis
382 1972 620 2017 Adrianopoli
644 1997 653 2013 ‚
676 1982 743 2005 nec
767 1972 892 2015 paucis
919 1972 1156 2005 Romanorum
1191 1971 1237 2004 ad
1261 1972 1389 2004 urbem
1414 1970 1692 2004 custodiendam

244 2020 402 2060 relictis,
428 2020 601 2054 discessit.
654 2018 722 2051 Die
749 2018 917 2063 sequenti
946 2017 1214 2051 Cantacuzenus
1243 2030 1284 2052 eo
1313 2019 1463 2052 veniens
1482 2042 1491 2057 ,
1519 2029 1599 2051 cum
1624 2029 1692 2050 au·

246 2067 370 2107 disset,
398 2077 566 2110 generum
592 2077 629 2098 se
653 2065 898 2110 proripuisse,
926 2075 989 2111 per
1013 2065 1285 2098 caduceatorem
1311 2067 1407 2099 cives
1429 2065 1593 2098 hortatus
1617 2068 1692 2104 est,

245 2114 302 2146 uti
336 2112 382 2145 ad
413 2124 450 2146 se
483 2113 684 2147 transirent
722 2112 924 2157 urbemque
960 2111 1146 2145 dederent.
1204 2112 1293 2145 Nam
1327 2123 1369 2145 ex
1409 2113 1547 2156 impetu
1576 2111 1691 2143 animi

244 2158 514 2193 inconsiderato
550 2164 587 2192 et
619 2160 765 2193 vesania
799 2170 864 2204 per
896 2169 934 2191 se
964 2159 1216 2202 imperatorem
1243 2160 1404 2202 ingressu
1439 2157 1691 2202 prohibituros

246 2205 435 2245 arbitrati,
461 2206 525 2238 alii
551 2211 635 2238 ante
663 2211 784 2251 portas
811 2206 941 2238 armati
970 2205 1116 2238 stabant
1145 2205 1346 2250 dispertitis
1376 2205 1590 2244 ordinibus,
1624 2204 1690 2238 ad-
1748 2238 1750 2241 ,

245 2253 369 2286 mixtis
406 2252 515 2284 etiam
555 2252 668 2285 Persis
705 2253 835 2285 sociis:
870 2252 909 2285 in
935 2253 1046 2284 muris
1074 2257 1195 2285 autem
1225 2252 1404 2297 sagittarii
1433 2252 1626 2296 dispositi:
1652 2255 1691 2284 et

243 2299 461 2343 imperatore
488 2297 679 2339 hortante,
704 2300 758 2332 uti
794 2309 832 2331 se
867 2298 1063 2339 dederent,
1095 2305 1233 2334 tantum
1261 2299 1388 2339 abest,
1422 2305 1464 2332 ut
1491 2303 1689 2344 parerent,
1744 2325 1747 2328 .

246 2350 289 2378 ut
317 2350 353 2378 et
378 2355 531 2389 pugnam
557 2324 694 2388 sagittis
723 2345 896 2379 iaciendis
923 2345 1138 2379 ordirentur.
1191 2345 1347 2378 Cernens
1377 2324 1597 2390 imperator,
1624 2345 1690 2378 ad-

245 2399 371 2425 versus
397 2389 487 2423 adeo
529 2391 692 2434 stupidos
728 2393 836 2425 armis
867 2404 958 2436 epus
996 2403 1093 2432 esse,
1120 2393 1261 2437 signum
1287 2403 1429 2436 pugnae
1457 2392 1537 2434 dat,
1562 2392 1688 2425 confe-

248 2439 408 2482 stimque
444 2436 607 2469 catalani
640 2448 704 2481 per
740 2449 857 2471 arcem
897 2440 991 2472 intra
1025 2441 1168 2472 moenia
1192 2441 1377 2472 visuntur:
1405 2439 1543 2484 quique
1568 2438 1689 2472 adhuc
1709 2471 1718 2480 .

246 2485 336 2518 soris
362 2488 440 2517 erat
466 2483 669 2524 exercitus,
693 2486 819 2525 aciem,
845 2485 889 2517 de
912 2497 981 2531 qua
1006 2485 1189 2525 diximus,
1218 2485 1364 2519 adortus
1389 2485 1544 2528 dissipat
1576 2491 1612 2519 et
1647 2486 1687 2518 in

244 2532 368 2586 fugam
395 2530 526 2564 vertit:
566 2530 616 2562 ita
657 2530 741 2563 urbs
768 2533 940 2578 utrinque
977 2533 1127 2576 capitur.
1178 2533 1270 2566 Tum
1300 2533 1429 2565 Persae
1454 2531 1600 2565 illorum
1625 2542 1688 2564 so-

246 2579 316 2619 cii,
328 2587 365 2610 se
394 2577 464 2609 iam
489 2577 601 2608 victos
626 2575 880 2620 adspicientes,
906 2584 1088 2624 quotquot
1110 2591 1153 2612 ex
1177 2580 1252 2612 acie
1281 2589 1400 2611 secum
1428 2588 1555 2622 rapere
1580 2584 1687 2623 pote-

246 2629 351 2663 rant,
375 2634 456 2656 cum
484 2623 528 2656 iis
558 2621 606 2655 ad
630 2623 881 2666 imperatorem
909 2637 947 2659 se
972 2626 1174 2659 conferunt
1201 2626 1286 2660 Mox
1315 2626 1376 2670 qui
1405 2636 1485 2657 cum
1514 2637 1556 2659 eo
1584 2629 1687 2658 erant

248 2670 380 2704 cursim
412 2670 667 2714 insequentes,
693 2669 835 2715 aliquot
861 2671 904 2704 de
930 2674 1057 2706 ceteris
1092 2673 1213 2716 (pauci
1239 2672 1334 2704 enim
1366 2676 1486 2712 erant)
1525 2673 1685 2717 capiunt

245 2716 563 2763 Adrianopolitani
597 2726 767 2762 quoque,
805 2718 1013 2764 quicunque
1051 2719 1128 2752 eius
1162 2719 1273 2752 filium
1297 2718 1498 2753 maledictis
1524 2720 1685 2754 incesse-
