1800 3164
292 127 364 184 38
828 144 1199 187 CANTAcUzENt

80 253 120 286 A.
136 252 171 285 C.
192 253 273 297 ³347
291 246 553 291 σπούδαστον
579 247 769 300 ἐνόμιζον
795 250 869 288 κατ’
896 246 1145 300 συμμαχίαν
1164 249 1235 288 καὶ
1257 248 1418 302 φιλίαν.
1473 246 1568 289 νυνὶ
1583 248 1629 289 δὲ
1649 248 1733 288 τῶν

288 313 542 370 πραγμάτων
570 315 706 362 καλῶς
734 311 816 354 ὑπὸ
847 313 924 354 τοῦ
952 313 1181 366 κρείττονος
1209 315 1459 368 κριθέντων,
1501 314 1575 354 καί
1599 310 1734 368 πάσης

289 379 475 430 στάσεως
514 382 587 422 καί
624 381 832 433 διχονοίας
872 379 1206 434 οἷπεληλαμένης,
1253 375 1485 434 προθύμως
1526 375 1605 420 σύν
1633 375 1735 431 ὑμῖν

290 449 370 488 τῶν
413 444 509 488 τότε
554 445 868 498 τετολμημένων
911 445 1029 492 δίκας
1067 443 1300 499 ἀπαιτήσω.
1367 443 1423 493 ὥς
1457 438 1535 486 οὖν
1563 441 1737 492 οὐδενὸς

293 513 552 570 ἅφεξομένου
585 512 668 552 τῶν
699 507 777 552 ὅσα
803 514 1033 552 λυσιτελεῖν
1066 509 1166 565 ἡμῖν
1195 512 1313 552 δοκεῖ
1333 509 1523 565 καὶπρὸς
1543 507 1774 560 εὖδοξίανὸ

255 581 368 621 Βκαί
396 576 622 632 ἀνάκλησιν
649 578 724 631 τῆς
752 577 954 631 προτέρας
981 577 1224 631 εὐετηρίας,
1253 574 1385 618 πάντα
1412 577 1549 630 λέγετε
1577 572 1739 631 προθύ-

151 654 195 688 V.
213 653 279 687 580
293 661 405 697 μως,
445 639 524 684 ὅσα
554 640 694 683 οἴεσθε
721 645 974 700 λυσιτελεῖν,
1009 642 1065 691 ὥς
1093 644 1166 683 καί
1188 643 1294 694 ἐμοῦ
1323 637 1353 682 δι’
1380 657 1423 682 τε
1453 642 1562 682 δοκῶ
1586 643 1738 693 βελτίω

292 706 700 762 συμβουλεύσοντος,
739 709 813 750 καί
850 713 937 757 τοῖς
975 710 1110 757 καλῶς
1150 709 1435 764 εἷρησομένοις
1473 707 1558 748 τῶν
1600 702 1738 749 ἄλλων

289 777 447 827 μᾶλλον
487 774 786 829 εὐχερέστερον
821 776 1175 830 πεισθησομένου.
1240 769 1290 815 εὖ
1331 771 1413 828 γὰρ
1453 770 1543 815 ἴστε
1571 774 1736 828 σαφῶς,

291 840 360 892 ὥς,
389 835 441 895 ἢν
476 843 554 893 μὲν
581 843 654 881 νῦν
681 839 802 894 ἡμεῖς
827 838 878 881 τὰ
905 841 1047 881 δέοντα
1077 841 1149 881 καί
1181 837 1486 892 βουλευώμεθα
1507 837 1581 880 καὶ
1606 835 1737 892 πρὰτ-
1756 853 1800 879 ιο

291 922 453 959 τωμεν,
497 904 570 947 καί
598 903 777 958 δύναμιν
804 904 1076 960 ποριζώμεθά
1110 908 1261 958 ποθεν,
1290 910 1377 953 τοῖς
1402 919 1447 945 τε·
1477 898 1574 946 οὖσι
1602 905 1739 958 φίλοις

292 970 579 1027 ποθεινότεροι
609 970 794 1024 ἐσόμεθα
827 973 900 1012 καί
925 977 1009 1020 τοῖς
1032 973 1262 1024 πολεμοῦσι
1290 968 1585 1026 φοβερώτεροι.
1613 966 1666 1011 ἂν
1692 971 1739 1011 δὲ

292 1036 396 1093 πρὸς
423 1036 499 1091 τὴν
526 1036 765 1089 ἀδυναμίαν
793 1033 1052 1090 ἀπειπόντες,
1078 1036 1360 1089 ικαθεζώμεθα
1388 1034 1633 1090 πράττοντες
1657 1052 1741 1090 μη-

296 1105 383 1157 δὲν,
411 1102 487 1157 την
515 1103 842 1158 α’πραγμοσύνην
871 1102 941 1144 καί
967 1101 1042 1157 την
1071 1103 1256 1157 ἡσυχίαν
1285 1099 1584 1154 ἀσπαζόμενοι,
1616 1102 1740 1143 ου’δὲν

295 1167 435 1224 ἕτερον
467 1167 569 1223 ἡμῖν
596 1164 623 1222 ἢ
652 1168 863 1209 δουλεύειν
890 1165 1045 1223 ἑτέροις
1073 1170 1290 1223 περιέσται
1318 1168 1363 1208 έν
1390 1171 1554 1223 βραχεῖ’.
1610 1162 1737 1223 ἢγιὶρ
1758 1167 1800 1209 ι5

222 1246 224 1250 ‘
257 1229 350 1288 Οᾶρ
354 1249 446 1287 χειν
474 1235 544 1275 δεῖ
564 1232 696 1274 πάντα
723 1236 1145 1287 πραγματευομένους
1175 1232 1248 1274 καί
1271 1234 1403 1287 μηδὲν
1429 1234 1502 1287 τῆς
1534 1234 1741 1288 προτέρας

297 1297 419 1354 δόξης
449 1299 522 1340 καὶ
545 1301 616 1354 τῆς
645 1299 869 1352 εὐτολμίας
897 1297 1107 1354 ὑφιέντας,
1138 1294 1164 1354 ἢ
1191 1295 1402 1340 δουλεύειν
1428 1299 1631 1354 α’σφαλῶς
1654 1302 1742 1347 τοῖς

299 1364 537 1420 κρείττοσιν,
604 1363 663 1414 ιδς
700 1358 775 1406 οὖν
803 1365 883 1418 οὐχ
915 1362 1021 1420 ὑπὲρ
1051 1365 1239 1414 εὐδοξίας
1266 1363 1403 1416 μόνον,
1435 1360 1541 1404 ἄλλα
1572 1363 1644 1405 κατ’
1669 1364 1743 1418 τῆς

298 1432 358 1479 εἷς
397 1429 442 1472 τό
483 1434 636 1484 μέλλον
676 1429 912 1486 α’σφαλείας
951 1429 1024 1471 καί
1049 1430 1169 1482 ὑμῶν
1198 1431 1336 1471 αὐτῶν
1371 1431 1642 1484 ἐλευθερίας,
1671 1429 1745 1471 καί

298 1495 504 1549 βούλεσθε
532 1497 605 1537 καί
629 1495 845 1552 πράττετε,
876 1493 980 1538 ἅττα
1007 1491 1058 1537 ἂν
1089 1493 1188 1548 ὑμῖν
1216 1497 1316 1552 δοκῇ
1346 1495 1612 1537 λυσιτελεῖν.”
1756 1512 1800 1538 20

254 1575 287 1609 D
338 1615 341 1619 Α
411 1560 461 1610 ς’.
522 1564 704 1604 Τοιαῦτα
731 1565 809 1615 μὲν
851 1561 872 1603 ὃ
902 1560 1100 1615 βασιλευς
1139 1562 1255 1616 κοινῇ
1286 1560 1390 1617 πρὸς
1424 1559 1611 1609 ἅπαντας
1640 1561 1745 1602 διει-

299 1628 459 1683 λέχθη,
498 1629 693 1682 φανερῶς
731 1628 853 1668 οὐδὲν
890 1626 1017 1669 εἰπών
1055 1627 1153 1682 περὶ
1181 1628 1258 1668 τοῦ
1287 1629 1374 1668 δεῖν
1402 1627 1611 1682 εἰσφέρειν
1634 1624 1744 1680 χρή-

269 1702 280 1721 ·
299 1709 431 1746 ματα.
485 1692 677 1746 ἐβούλετο
709 1692 813 1748 γὰρ,
845 1690 984 1747 ὥσπερ
1015 1690 1203 1747 εἴρηται,
1231 1691 1289 1746 μη
1321 1693 1456 1734 δοκεῖν
1484 1689 1746 1747 εἰσπράττειν

299 1761 395 1816 βία,
429 1754 521 1814 ἀλλ’
539 1757 692 1806 αὐτούς
724 1759 829 1815 πρὸς
858 1757 904 1800 τὸ
936 1762 1054 1815 κοινῇ
1074 1760 1316 1801 λυσιτελοῦν
1343 1757 1507 1802 οἴκοθεν
1534 1756 1613 1813 τὴν
1644 1773 1744 1801 συν-

396 1848 427 1881 3.
455 1844 546 1892 ἡμῖν
570 1847 603 1880 Ρ.

303 1926 349 1957 Ut
378 1926 487 1970 igitur
511 1935 568 1958 me
593 1924 689 1959 nihil
715 1925 891 1959 omissuro
907 1951 916 1965 ‚
942 1924 1040 1971 quod
1060 1925 1106 1958 ad
1131 1925 1278 1969 gloriam
1304 1930 1341 1959 ct
1362 1925 1537 1969 pristinae
1561 1924 1745 1959 felicitatis

301 1972 574 2010 restitutionem
605 1972 777 2016 expedire
795 1972 900 2005 nobis
924 1973 1110 2013 videatur,
1134 1971 1255 2005 omnia
1277 1973 1442 2005 alacriter
1466 1972 1624 2012 edstote,
1650 1983 1743 2016 quae

303 2018 505 2052 conducere
537 2020 702 2051 censetis.
753 2019 844 2051 Nam
882 2023 918 2051 et
943 2029 1032 2063 ego,
1069 2028 1161 2063 quae
1188 2019 1299 2063 magis
1325 2018 1465 2062 probo,
1493 2029 1534 2052 ea
1560 2018 1744 2059 suadebo,

304 2068 340 2097 et
375 2064 420 2096 ab
457 2065 538 2097 aliis
574 2070 670 2097 recte
697 2065 803 2098 dictis
829 2065 971 2098 facilius
997 2067 1182 2098 assentiar.
1235 2065 1391 2098 Omnino
1432 2066 1528 2097 euim
1560 2065 1611 2098 sic
1638 2065 1743 2099 vobis

302 2110 539 2155 persuadete,
565 2112 595 2143 si
619 2122 727 2152 nunc,
754 2123 847 2157 quae
873 2116 1011 2156 tempus
1036 2113 1191 2156 flagitat,
1216 2117 1252 2144 et
1276 2111 1528 2151 statuerimus,
1558 2117 1594 2145 et
1628 2113 1743 2157 egeri-

302 2167 382 2189 mus
397 2182 406 2197 ,
419 2162 456 2190 ct
480 2157 649 2189 alicunde
669 2159 760 2191 vires
780 2159 1103 2201 comparaverimus
1119 2169 1217 2199 ‚cum
1239 2158 1360 2191 amicis
1386 2158 1562 2199 cariores,
1577 2164 1652 2191 tum
1675 2158 1743 2191 ho—

302 2203 420 2236 stibus
445 2202 685 2236 terribiliores
716 2204 804 2238 fore.
832 2204 895 2237 Sin
922 2205 968 2237 ob
998 2205 1291 2238 imbecillitatem
1316 2211 1474 2238 nostram
1496 2205 1743 2249 desperationi

302 2249 494 2289 cedente-2³⁸,
520 2250 635 2283 otium
661 2255 699 2282 et
721 2251 882 2295 quictem
908 2252 1089 2296 complexi
1114 2251 1343 2291 sedebimus,
1376 2251 1469 2284 nibil
1508 2252 1615 2285 nobis
1640 2262 1745 2296 prae—

303 2300 359 2329 ter
379 2297 593 2330 servitutem
617 2296 719 2330 brevi
743 2296 933 2330 intervallo
961 2298 1240 2342 exspectandum
1264 2298 1343 2330 erit.
1391 2298 1464 2331 Aut
1490 2299 1597 2338 enim,
1623 2303 1744 2332 tenta-

304 2342 350 2375 tis
377 2342 565 2384 omnibus,
590 2343 842 2387 imperandum
883 2343 1052 2389 nihilque
1091 2345 1135 2377 de
1160 2345 1274 2390 priori
1299 2344 1427 2377 decore
1450 2356 1492 2378 ac
1525 2345 1744 2379 fortitudine

304 2389 587 2430 remittendum,
614 2395 677 2423 aut
701 2389 972 2435 potentioribus
1015 2391 1093 2424 siue
1128 2390 1240 2424 dubio
1275 2390 1503 2424 serviendum
1539 2397 1602 2425 est.
1653 2391 1744 2425 Cum
1757 2392 1769 2429 ζ

304 2435 431 2481 itaque
456 2447 530 2470 non
555 2436 670 2469 solum
694 2437 888 2481 praeterita
915 2437 1050 2481 gloria,
1076 2438 1139 2472 sed
1165 2443 1201 2470 et
1225 2437 1344 2471 futura
1369 2439 1542 2473 securitas
1568 2443 1605 2470 et
1630 2437 1744 2472 liber-

304 2486 359 2514 tas
383 2487 502 2515 vestra
526 2487 650 2528 agatur
666 2509 675 2523 ‚
700 2483 899 2523 consulite,
914 2488 950 2516 et
974 2493 1068 2528 quae
1093 2483 1197 2519 vobis
1225 2483 1272 2517 ad
1296 2483 1393 2518 hunc
1416 2485 1523 2518 finem
1562 2483 1749 2529 prodesse

302 2539 409 2574 posse
434 2528 678 2569 videbuntur,
705 2530 887 2563 facitote.'’

393 2575 427 2609 6.
475 2575 573 2609 Haec
599 2576 794 2620 imperator
818 2577 856 2608 in
881 2586 1068 2618 commune
1096 2576 1141 2608 ad
1167 2587 1310 2610 omnes:
1337 2581 1460 2620 aperte
1475 2581 1595 2610 autem
1614 2577 1658 2609 de
1677 2589 1744 2622 pe-

302 2621 409 2654 cunia
444 2622 620 2656 collatitia
646 2621 757 2655 nihil:
784 2622 934 2655 nolebat
959 2623 1056 2654 enim
1073 2647 1080 2661 ‚
1109 2628 1148 2655 ut
1170 2623 1399 2663 dicebamus,
1423 2624 1458 2656 vi
1484 2623 1645 2666 exigere,
1678 2623 1743 2657 sed

301 2668 398 2712 ipsos
422 2679 487 2713 per
515 2679 551 2702 se
576 2667 746 2713 publicae
777 2668 946 2703 utilitatis
971 2670 1083 2712 gratia
1112 2670 1282 2702 conserte.
1325 2668 1416 2702 'l'um
1443 2671 1625 2714 principes
1651 2671 1742 2704 civi·
1798 2688 1800 2690 ·

302 2715 407 2757 tatis,
433 2720 566 2762 quauta
585 2720 622 2750 et
654 2715 808 2760 privatis&
832 2719 868 2750 et
887 2714 1048 2762 publicis
1076 2715 1182 2750 rebus
1211 2715 1294 2750 data
1324 2716 1372 2751 sit
1395 2716 1492 2751 bello
1519 2718 1588 2751 isto
1618 2717 1742 2764 pemi-
