1800 3164
332 104 442 160 338
862 121 1236 164 CANTACUZENI

1015 221 1033 235 ²1

123 232 212 267 ΑΟ,
232 226 405 268 1355015n
434 224 659 280 ἠθέλησας.
690 222 740 264 οὗ
769 221 855 277 μὴν
873 217 964 264 ἀλλ’
990 238 1028 264 ει
1058 239 1100 264 τι
1127 225 1203 265 καί
1229 224 1304 278 τῆς
1333 222 1453 272 ἀνίας
1479 220 1767 276 «inculcante,

329 292 406 347 (025
430 289 510 346 γάρ
544 285 618 331 οὖν
648 286 895 344 ἀρνήσομαι,
926 287 996 342 ὥς,
1029 290 1186 330 ἐκείνου
1219 291 1472 343 δεδεμένου,
1513 290 1565 331 ου’
1593 291 1702 331 δοκῶ
1729 291 1772 332 ὲ·

327 353 464 397 λάττω
505 352 728 408 ὑπομένειν
770 352 841 394 διὰ
880 351 959 408 τήν
999 352 1271 407 συμπάθειαν
1301 354 1376 410 την
1413 356 1519 411 πρὸς
1559 356 1715 398 ἐκεῖνον
1729 357 1767 410 ,)

327 421 535 478 ἀνῄρηκας
564 421 807 461 παντάπασι
838 419 950 472 νυνί,
992 417 1336 473 ἐπαγγειλάμενος
1375 419 1540 476 ἀνήσειν
1578 422 1662 462 τῶν
1703 421 1773 461 δε-

201 488 443 540 Ρ.896σμῶν
475 484 581 537 μετὰ
609 482 774 540 μικρόν.
833 483 857 525 ὃ
881 487 1015 533 καλῶς
1049 486 1237 540 ποιήσεις
1277 487 1434 541 ἀληθὲς
1472 487 1543 528 ἐπὶ
1572 487 1659 529 τῶν
1699 483 1775 539 ἔρ*

285 546 291 554 “
326 569 409 607 γων
438 547 674 601 ἀποδείξας.
728 550 778 591 οὗ
806 549 886 606 γὰρ
917 549 1022 606 πρὸς
1050 551 1244 600 εὐδοξίαν
1269 549 1409 605 μόνον,
1436 549 1543 593 ἀλλὰ
1575 552 1650 592 καί
1670 549 1772 604 πρὸς

327 618 566 672 ἀσφάλειαν
594 612 749 672 ἄριστα
791 618 935 674 σαυτῷ
961 616 1187 674 βουλεύσῃ.
1241 614 1294 658 ἂν
1333 609 1413 670 μὲν
1449 617 1532 673 γὰρ
1576 615 1648 659 διὰ
1677 617 1779 670 βίου·

325 684 516 736 κατέχειν
542 685 588 726 ἐν
616 684 784 735 δεσμοῖς
813 681 886 724 τὸν
913 681 1110 736 γυναικὸς
1143 682 1329 739 ἀδελφὸν
1362 682 1584 740 διανοήσῃ,
1623 678 1775 738 ἄδηλον

324 750 420 803 μὲν,
450 750 491 790 εἰ
516 746 575 804 μή
609 749 836 804 διαδρᾶναι
867 749 1062 803 δυνηθείς
1091 743 1221 797 αὖθις
1245 748 1488 803 πολεμήσει,
1521 745 1776 804 ἀδηλότερον

326 817 375 857 δὲ
403 811 452 855 οὖ
453 831 485 868 χ
519 811 689 869 ἥκιστα,
723 815 763 856 εἰ
792 813 850 869 μὴ
878 816 952 856 καί
977 812 1138 868 νικήσει
1166 813 1473 869 πεπολεμηκώς.
1532 816 1681 856 πολλοὶ·
1695 812 1774 870 γὰρ

325 880 522 930 πολλάκις
564 881 610 922 ἐκ
644 877 825 934 μεγάλης
866 875 991 934 ἥττης
1030 882 1103 921 καί
1127 881 1413 936 κακοπραγίας
1462 876 1779 936 ἀνασφήλαντες

326 946 613 1000 περιεγένοντο
645 947 729 987 τῶν
760 948 968 999 πολεμίων
1015 947 1061 987 ἐκ
1102 947 1185 987 τῶν
1224 947 1436 1002 προτέρων
1479 945 1778 1002 ἀτυχημάτων,

325 1008 624 1067 ἐμπειρότερον
651 1009 914 1066 χρησάμενοι
941 1016 1027 1060 τοῖς
1055 1011 1311 1066 πράγμασιν.
1367 1012 1407 1053 εἰ
1437 1013 1477 1054 δ’
1507 1007 1592 1067 ἄρα
1620 1027 1686 1054 σοι
1709 1009 1782 1055 καὶ

327 1078 450 1122 τοῦτο
505 1078 723 1130 περιέσται
770 1076 815 1118 τὸ
858 1078 993 1134 πολλῇ
1042 1080 1216 1136 προνοίᾳ
1265 1078 1518 1135 χρησαμένῳ
1565 1076 1664 1132 περὶ
1703 1075 1782 1132 τὴν·

330 1143 488 1184 ἐκείνου
521 1141 745 1198 φυλακὴν,
792 1144 983 1197 κατέχειν
1021 1145 1066 1185 ἐν
1095 1138 1303 1199 ἀφύκτοις
1342 1142 1414 1184 διὰ
1445 1143 1542 1197 βίου
1564 1175 1576 1198 ,
1613 1144 1781 1198 πρῶτον

291 1210 408 1262 Βμὲν
436 1212 607 1257 πολλαῖς
635 1208 705 1250 oisc*
730 1211 883 1266 συνέσῃ
924 1209 998 1249 καί
1025 1212 1233 1258 ποικίλαις
1260 1214 1352 1258 ταῖς
1381 1209 1585 1265 φροντίσι,
1615 1210 1690 1251 καί
1709 1207 1782 1251 νύ,

329 1291 439 1330 κτωρ
471 1275 544 1315 καί
567 1276 663 1326 μεθ’
693 1271 854 1329 ἡμέραν
887 1275 1211 1326 λυμαινομέναις
1250 1273 1321 1315 ἀεὶ
1363 1277 1421 1332 τῷ
1447 1276 1525 1333 βίῳ
1549 1275 1624 1316 καί
1661 1274 1783 1316 οὕδεε

328 1339 432 1393 μίαν
459 1337 779 1395 συγχωρούσαις
813 1339 1025 1392 ειῖθυμιας
1072 1339 1270 1394 αἴσθησιν
1311 1341 1553 1394 λαμβάνειν.
1608 1341 1661 1381 ου’
1698 1338 1783 1398 γὰρ

330 1404 430 1454 τούς
455 1406 499 1447 έν
527 1406 637 1447 τέλει
665 1405 884 1458 Ῥωμαίων
913 1402 1159 1447 ὑποπτεύειν
1188 1403 1345 1460 ἀνάγκη
1375 1407 1504 1458 μόνον
1532 1403 1782 1459 ἐπιβούλους

331 1468 459 1526 εἶναι,
490 1467 543 1513 ἄν
584 1487 627 1512 τι
655 1469 787 1529 τύχῃς
814 1469 917 1527 πρὸς
960 1469 1117 1520 αύτούς
1155 1470 1525 1527 προσκεκρουκώς,
1575 1470 1683 1513 ἀλλὰ
1714 1463 1783 1518 καὶ

334 1535 437 1591 τούς
477 1535 553 1592 τὴν
582 1538 739 1579 ἐκείνου
779 1535 971 1593 φυλακην
1010 1540 1362 1589 πεπιστευμένους
1398 1539 1471 1579 καί
1510 1535 1607 1585 τούς
1638 1538 1783 1594 οἰκειος

334 1601 486 1652 τάτους
515 1602 700 1657 αύτούς,
742 1605 782 1645 εἰ
809 1600 940 1646 οἷόντε
969 1603 1111 1646 εἰπεῖν.
1168 1601 1275 1657 πρός
1303 1602 1385 1658 γὰρ
1435 1605 1495 1660 τῷ
1533 1602 1704 1660 ῥαδίους
1729 1598 1783 1661 εζξ

335 1684 408 1710 ναι
435 1667 533 1718 τούς
583 1670 833 1725 ἀνθρώπους
875 1667 981 1725 πρὸς
1019 1668 1258 1722 μεταβολὰς
1295 1670 1368 1710 καί
1404 1670 1572 1725 χαίρειν
1609 1668 1679 1712 ἀεὶ
1703 1663 1783 1820 re}

412 1752 415 1754 ι
445 1769 496 1802 ¹6.
528 1769 680 1804 συνέσει
708 1769 743 1802 Ρ.
845 1780 897 1813 ¹7·
925 1768 1222 1813 λημαινομέναις
1243 1768 1282 1802 Ρ.

337 1864 417 1898 mit.
465 1860 607 1895 Deinde
632 1858 702 1892 tibi
726 1856 842 1890 nihilo
867 1857 985 1889 minus
1001 1880 1010 1896 ‚
1043 1857 1126 1901 qui,
1152 1867 1233 1889 cum
1262 1868 1399 1901 posses,
1422 1858 1461 1891 in
1488 1869 1569 1892 eum
1600 1861 1753 1903 punien
1770 1895 1777 1901 ἣ

338 1917 445 1954 aegre
474 1907 564 1942 mihi
590 1906 708 1940 facere
733 1905 904 1938 noluisti:
941 1913 1008 1936 nec
1032 1902 1102 1937 hoc
1126 1903 1326 1946 duntaxat,
1358 1904 1422 1938 sed
1447 1909 1485 1938 et
1508 1906 1538 1938 si
1566 1906 1655 1951 quid
1677 1917 1731 1940 res

337 1957 525 1996 tristitiae,
553 1954 642 1999 (non
665 1952 763 1986 enim
787 1949 938 1996 negabo,
967 1961 1010 1983 eo
1034 1950 1167 1991 vincto,
1192 1950 1310 1984 videri
1336 1951 1426 1984 mihi
1461 1958 1610 1996 propter
1633 1959 1762 1986 natur·

339 2013 554 2038 consensum
591 1999 715 2033 eadem
745 1999 911 2044 perpeti,
948 2007 1041 2042 quae
1074 1998 1137 2031 ille
1173 1998 1404 2042 perpetitur‚)
1443 2003 1482 2031 tu
1521 2000 1559 2032 in
1583 2011 1731 2044 praesen
1760 2002 1774 2024 f'

338 2049 505 2082 funditus
531 2047 723 2087 sustulisti,
750 2045 895 2091 quando
929 2045 1052 2088 paucis
1089 2044 1218 2077 diebus
1243 2055 1262 2076 e
1289 2046 1442 2078 vinculis
1468 2044 1696 2080 dimissurum

340 2096 488 2140 cepisti:
517 2093 616 2140 quod
641 2094 670 2127 si
697 2103 734 2125 re
760 2094 837 2139 ipsa
862 2092 1107 2135 praestiteris,
1144 2096 1239 2124 recte
1265 2091 1403 2124 feceris.
1451 2092 1594 2127 Etenim
1630 2104 1705 2127 non

342 2141 593 2176 celebritatem
618 2140 776 2173 nominis
802 2144 966 2178 tantum,
991 2139 1054 2171 sed
1080 2138 1189 2172 etiam
1224 2138 1269 2171 ad
1294 2138 1524 2172 securitatem
1551 2140 1621 2172 tibi
1648 2141 1773 2184 opti,

342 2189 520 2220 consules.
571 2186 660 2219 Nam
684 2187 729 2227 si,
754 2185 874 2231 quoad
900 2185 1054 2230 spirabit
1071 2210 1081 2225 ,
1106 2186 1228 2218 uxoris
1255 2190 1340 2218 tuae
1365 2186 1510 2219 fratrem
1537 2186 1699 2220 custodia

339 2234 534 2268 tinendum
559 2233 739 2272 statueris,
769 2233 942 2272 forsitan,
967 2232 998 2263 si
1019 2235 1173 2277 effugere
1196 2233 1343 2265 licuerit
1358 2257 1367 2272 ,
1394 2232 1530 2266 bellum
1565 2234 1731 2278 redinteg
1748 2227 1767 2252 f

340 2282 409 2314 bit.
458 2279 556 2313 Illud
579 2284 699 2312 autem
724 2280 830 2323 longe
858 2279 1166 2321 incertissimum,
1194 2290 1239 2311 an
1263 2290 1339 2312 non
1365 2281 1485 2319 etiam,
1511 2279 1575 2314 ubi
1602 2291 1735 2325 pugna·
1752 2282 1755 2286 ¹

316 2349 319 2353 ι
340 2330 410 2368 rit,
434 2328 549 2360 victor
572 2336 740 2359 evasurus
764 2326 823 2359 sit.
871 2326 981 2359 Multi
1007 2328 1103 2359 enim
1127 2336 1385 2371 saepenumero
1408 2337 1517 2371 parva
1545 2338 1625 2359 cum
1649 2323 1767 2366 ιαοινι]

340 2386 406 2408 sua
428 2374 527 2414 victi,
552 2383 673 2406 rursus
699 2374 809 2405 erecti
835 2379 872 2406 et
896 2375 1092 2417 praeterita
1116 2374 1319 2414 calamitate
1349 2373 1527 2406 cautiores
1551 2373 1650 2414 facti,
1671 2374 1703 2407 vi
1767 2374 1770 2375 ⁷

342 2432 399 2455 res
426 2431 508 2453 suos
534 2419 754 2453 devicerunt.
830 2418 971 2464 Quodsi
998 2419 1103 2454 facile
1134 2422 1247 2464 possis
1274 2420 1440 2462 diligenti
1468 2419 1699 2464 providentia
1732 2436 1764 2459 ιλ,

344 2477 488 2503 omnem
509 2466 618 2501 vitam
643 2465 882 2499 adamantinis
918 2476 1001 2499 eum
1028 2468 1184 2500 vinculis
1213 2467 1415 2507 custodire,
1447 2467 1601 2511 primum
1639 2465 1727 2514 quid
1767 2500 1770 2502 ,

344 2525 486 2559 semper
514 2512 673 2546 molestis
700 2513 982 2554 cogitationibus
1009 2514 1234 2555 exemebere,
1261 2524 1354 2560 quae
1380 2514 1443 2547 diu
1465 2519 1650 2559 noctuque
1675 2514 1709 2546 vi

343 2567 445 2595 tuam
470 2565 619 2604 carpant
646 2564 682 2592 et
706 2568 847 2591 omnem
881 2558 1075 2593 hilaritatis
1116 2571 1259 2593 sensum
1295 2560 1498 2594 excludant.
1547 2560 1653 2594 Haud
1687 2559 1760 2594 2¹³³

347 2609 465 2641 solum
492 2609 729 2640 Romanorum
754 2615 940 2649 procerum
967 2606 1116 2640 insidias
1143 2613 1304 2640 metuere
1327 2607 1525 2652 oportebit,
1550 2607 1581 2639 si
1607 2605 1698 2653 quid
1734 2629 1743 2635 1

348 2654 567 2692 offenderis,
591 2651 655 2686 sed
679 2657 716 2685 et
739 2662 813 2688 εοε,
841 2651 973 2695 quibus
999 2654 1199 2686 custodiam
1224 2655 1325 2687 illius
1351 2655 1584 2695 commiseris,
1611 2659 1649 2688 et
1675 2654 1745 2698 ips·

348 2703 380 2736 si
406 2700 480 2735 dici
511 2700 564 2733 fas
602 2705 680 2740 est,
717 2698 1027 2732 familiarissimos.
1075 2700 1330 2747 Praeterquam
1365 2701 1461 2735 enim
1490 2700 1588 2748 quod
1619 2700 1733 2736 homi

1771 2626 1785 2737 —„‚3-.-·*-.-
1770 2601 1772 2606 ⁷
