1794 3158
399 155 473 195 AD
517 151 891 196 CANTACUZEM
933 154 1035 194 ΜΒ.
1077 155 1111 194 1.
1355 134 1466 204 44¹

42 257 316 310 Menologium
345 256 546 295 Graecum
571 269 595 295 a
615 253 759 294 Sirlet'o
786 254 988 295 cardinale
1014 255 1057 295 in
1081 254 1267 294 Latinam
1294 253 1474 308 linguam

39 312 278 352 translatum
305 317 344 350 et
376 326 458 351 non
489 312 542 351 ita
570 311 725 364 pridem
752 310 983 364 ingolstadii
1015 310 1192 362 editum,
1239 317 1291 349 et>
1309 310 1473 349 Manuel

38 369 257 421 imperator
285 368 489 406 constitut.
519 366 569 405 de
581 367 723 406 Feriis.
755 367 802 404 ln
832 365 1024 405 honorem
1059 366 1143 404 eius
1175 365 1381 404 conditum
1414 373 1475 404 est

40 421 387 475 Constantinopoli
429 435 453 461 a
484 421 729 475 Palaeologis
766 421 921 474 insigne
959 421 1269 469 monasterium,
1312 422 1354 460 in
1392 434 1475 473 quo

39 478 108 518 die
141 476 263 516 natali
292 478 478 531 martyris
519 477 776 530 imperatores
815 475 1244 530 Constantinopolitani
1271 476 1328 514 rei
1365 475 1474 514 divi-

38 547 116 573 nae
145 534 270 574 veteri
312 539 352 571 et
380 532 534 571 solenni
574 534 655 571 ritu
683 545 846 585 operam
874 531 1050 582 dabant,
1099 538 1146 570 ut
1173 531 1311 570 scribit
1338 531 1474 570 Curo-

36 587 172 642 palata
214 588 266 627 de
304 586 442 626 officiis
480 587 594 626 aulae
630 586 1109 639 Constantinopolitanae.
1165 586 1226 626 Ex
1261 585 1475 625 duodecim

36 641 227 694 flamulis,
254 657 357 696 quae
383 643 612 696 imperatori
640 641 993 695 praeferebantur,
1038 655 1164 680 unum
1192 640 1319 695 effigie
1347 643 1475 680 sancti

37 697 232 738 Demetrii
263 699 495 750 insignitum
523 705 607 736 erat
636 711 717 736 una
743 711 836 736 cum
862 696 1102 749 imaginibus
1130 698 1256 735 sancti
1284 697 1475 750 Procopii

37 760 79 793 et
111 757 318 805 utriusque
345 752 549 791 Theodori
578 760 816 806 martyrum,
847 759 892 791 ut
920 752 1028 790 idem
1059 752 1302 804 Curopalata
1335 760 1477 791 auctor

37 815 113 847 est.
140 807 377 861 Appellatur
402 803 680 860 μυροβλύτης,
710 809 804 860 quia
834 821 880 846 ex
908 821 1020 846 sacro
1049 807 1133 845 eius
1161 820 1329 860 corpore
1351 809 1477 847 variis

34 861 294 917 languoribus
331 863 561 916 morbisque
596 862 780 902 salutaris
817 862 950 915 liquor
987 860 1177 900 manabat
1195 891 1208 914 ‚
1249 862 1475 902 cuiusmodi

31 915 297 970 μυροβλύται
325 917 408 957 divi
437 925 531 957 sunt
557 925 717 957 sanctus
750 917 934 957 Andreas
967 916 1184 970 apostolus,
1215 922 1262 955 ut
1289 917 1363 956 toti
1383 918 1474 957 orbi

35 980 194 1021 notum,
218 972 521 1026 exemplumque
547 980 671 1012 exstat
689 973 795 1026 apud
811 973 1058 1026 Gregorium·
1071 972 1349 1012 Turonensem
1369 971 1476 1012 libro

35 1027 87 1067 de
115 1027 242 1082 gloria
269 1028 494 1081 Martyrum
515 1028 685 1082 cap.31.
715 1029 884 1067 Sanctus
913 1027 1103 1067 Nicolaus
1119 1028 1331 1080 Myrensis,
1353 1041 1475 1080 quem

33 1082 200 1122 Manuel
228 1085 444 1136 imperator
465 1084 506 1122 in
524 1098 595 1123 sua
610 1084 894 1123 constitutione
912 1089 1030 1122 vocat
1048 1078 1330 1134 μυροβλύτην.
1360 1083 1475 1133 Qua-

33 1144 129 1177 tuor
144 1137 201 1177 illi
215 1138 359 1177 milites
376 1138 635 1191 duodecimae
659 1138 839 1192 legionis,
867 1138 918 1176 de
939 1137 1088 1191 quibus
1105 1138 1324 1190 Procopius
1338 1136 1409 1179 lib.
1434 1152 1470 1177 ι.

34 1192 87 1233 de
101 1193 288 1233 aedificiis
306 1194 527 1234 Iustiniani.
555 1194 699 1233 Sancta
715 1194 946 1242 Catharina,
964 1200 1096 1232 sancta
1118 1192 1370 1245 walpurgis,
1384 1207 1474 1232 san-

34 1254 124 1287 etus
138 1247 374 1288 Bercharius
389 1249 526 1297 abbas,
551 1249 600 1288 de
629 1263 708 1302 quo
736 1249 875 1287 Surius
898 1255 1008 1287 tomo
1027 1247 1065 1288 5.
1095 1247 1159 1286 die
1184 1247 1247 1287 16.
1264 1246 1471 1295 Octobris,

34 1316 81 1342 ex
106 1303 278 1356 Speculo
306 1305 519 1345 vincentii.
549 1304 731 1343 Plurima
759 1304 982 1343 edebantur
1006 1303 1056 1342 ad
1087 1302 1316 1355 sepulcrum
1347 1305 1473 1342 sancti

33 1358 228 1398 Demetrii
242 1359 446 1398 miracula.
466 1359 740 1410 Quamobrem
757 1359 797 1397 in
811 1360 978 1397 Menaeo
990 1357 1320 1409 θαυματουργοῦ
1331 1372 1474 1411 cogno-

34 1421 171 1454 mento
193 1413 438 1456 honestatur.
465 1415 520 1453 Et
547 1422 653 1454 certe
679 1408 931 1462 miraculum,
956 1414 1064 1467 quod
1079 1412 1155 1451 hoc
1173 1411 1261 1451 loco
1274 1413 1475 1452 Cantacu-

38 1482 158 1508 zenus
185 1476 486 1517 commemorat,
516 1468 633 1523 longe
673 1469 981 1509 illustrissimum
1011 1476 1070 1508 est
1107 1468 1477 1522 dignissimumque,

31 1524 143 1577 quod
178 1538 316 1564 omnes
354 1526 435 1564 ima
472 1533 603 1564 mente
630 1533 838 1578 reponant.
895 1525 979 1564 Nec
1006 1524 1247 1572 mirandum,
1277 1530 1360 1562 tam
1393 1525 1478 1562 exi-

30 1580 158 1619 mium
187 1579 424 1619 beneficium
454 1581 496 1618 in
523 1580 726 1619 hominem
749 1582 984 1627 aRomana,
1015 1580 1093 1618 hoc
1123 1585 1183 1616 est
1210 1592 1323 1628 vera,
1358 1578 1479 1618 eccle-

31 1635 88 1674 sia
117 1634 293 1674 alienum
321 1634 510 1673 collatum
538 1649 634 1682 esse,
668 1649 759 1674 cum
793 1635 1051 1674 historiarum
1081 1634 1350 1672 monumentis
1378 1648 1476 1686 pro-

30 1688 161 1728 ditum
190 1692 256 1738 sit,
287 1691 460 1743 ingentia
490 1690 683 1729 miracula
711 1690 926 1744 aliquando
955 1691 996 1728 in
1010 1689 1206 1729 Ethnicos
1233 1694 1274 1726 et
1301 1703 1325 1728 a
1357 1689 1477 1728 Chri-

30 1746 158 1783 stiana
187 1745 380 1798 religione
400 1759 561 1796 prorsus
589 1745 739 1784 alienos
768 1760 791 1784 a
819 1746 915 1784 viris
935 1746 1095 1791 sanctis,
1125 1742 1188 1783 vel
1219 1743 1297 1782 iam
1314 1745 1357 1782 in
1385 1757 1477 1783 coe-

30 1797 116 1838 lum
144 1802 333 1852 receptis,
365 1799 429 1839 vel
469 1800 600 1839 adhuc
628 1802 753 1839 vitam
792 1800 1001 1839 nobiscum
1031 1797 1285 1852 agitantibus,
1318 1805 1476 1851 patrata

30 1867 127 1895 esse.
186 1855 399 1894 Imitantur
431 1857 620 1894 nimirum
648 1855 933 1906 benignitatem
968 1855 1125 1904 Patris,
1173 1855 1243 1906 qui
1283 1853 1324 1892 in
1355 1853 1476 1894 coelis

29 1917 104 1959 est,
162 1913 232 1964 qui
273 1911 395 1949 solem
426 1925 536 1949 suam
584 1911 685 1949 oriri
713 1911 830 1962 jacit
870 1925 988 1965 saper·
1024 1911 1141 1948 bonos
1175 1917 1212 1947 ec
1246 1909 1395 1956 malos,
1437 1919 1477 1950 et

29 1965 138 2020 plaic
161 1979 278 2019 super
298 1967 413 2004 iustos
449 1975 488 2004 et
520 1965 680 2004 iniustos
698 1995 708 2013 ,
744 1965 890 2004 Matth.
924 1965 961 2007 5.
1019 1965 1147 2018 Super
1174 1963 1263 2002 illos
1292 1964 1473 2016 quidem,

33 2026 82 2058 ut
108 2021 150 2058 in
179 2019 360 2059 bonitate
386 2027 427 2059 et
453 2021 603 2059 iustitia
632 2027 885 2073 perseverent
911 2021 951 2058 in
985 2020 1148 2072 diesque
1178 2019 1348 2058 maiores
1377 2034 1474 2072 pro·-

29 2087 184 2127 gressus
214 2075 392 2125 faciant,
429 2089 547 2128 super
575 2076 648 2115 hos
674 2083 807 2114 autem
824 2105 835 2126 ,
885 2082 931 2114 ut
958 2090 982 2114 a
1011 2075 1163 2114 malitia
1193 2081 1232 2113 et
1262 2075 1471 2125 iniustitia,

29 2136 70 2168 et
96 2143 119 2168 a
151 2132 286 2184 pravis
315 2130 664 2183 persuasionibus,
701 2131 847 2184 quibus
876 2131 981 2170 circa
1008 2130 1254 2170 Christianae
1280 2129 1372 2168 fidei
1399 2130 1471 2169 do·

29 2191 163 2238 gmata
193 2186 336 2225 imbuti
365 2193 474 2236 sunt,
504 2194 757 2225 revocentur.
815 2186 950 2239 Neque
981 2187 1088 2224 enim
1125 2183 1364 2223 miraculum
1394 2184 1473 2224 hoc

28 2253 102 2292 per
118 2248 335 2294 martyrem
363 2242 612 2280 Demetrium
642 2242 795 2280 editum
824 2248 896 2288 cst,
927 2248 973 2280 ut
1000 2248 1069 2280 aut
1098 2239 1370 2287 Andronicus,
1402 2248 1472 2279 aut

27 2294 98 2334 alii
126 2297 168 2334 in
201 2310 271 2335 sua
301 2311 324 2336 a
351 2310 446 2335 vera
476 2296 638 2336 ecclesia
674 2298 891 2335 secessione
919 2297 1278 2343 confirmarentur,
1322 2295 1391 2334 sed
1424 2302 1471 2333 ut

27 2349 261 2402 invocatio,
304 2350 416 2390 cultu
451 2359 679 2391 sanctorum
717 2359 756 2391 et
793 2351 1050 2405 reliquiarum
1093 2350 1329 2390 mortalibus
1356 2364 1470 2389 com-

26 2406 299 2453 mendaretur,
332 2414 455 2459 utque
483 2421 506 2446 a
538 2421 634 2446 vero
664 2408 826 2446 tramite
859 2407 1116 2456 aberrantes,
1156 2405 1235 2444 hoc
1264 2405 1375 2444 velut
1405 2405 1468 2444 lu-

26 2462 135 2500 mine
161 2461 355 2500 divinitus
384 2464 504 2501 misso
532 2461 733 2513 illustrati,
764 2462 814 2501 ad
844 2462 1048 2502 ecclesiam
1075 2461 1186 2500 illam
1216 2467 1468 2499 reverteren-

25 2521 109 2564 tur,
139 2515 179 2554 in
207 2531 286 2569 qua
314 2531 386 2569 pro
404 2517 552 2556 Christi
579 2519 741 2556 nomine
773 2519 999 2557 Demetrius
1030 2516 1262 2569 sanguinem
1291 2515 1464 2554 fuderat.

27 2570 138 2620 Quid
166 2573 271 2610 enim
300 2572 409 2612 aliud
437 2579 529 2612 sunt
563 2580 632 2612 aut
665 2574 789 2611 sancti
819 2575 1005 2627 martyris
1033 2570 1226 2610 Demetrii
1260 2569 1464 2618 miracula,

26 2632 97 2663 aut
121 2625 220 2672 illa,
268 2642 371 2680 quae
408 2628 448 2666 in
485 2628 636 2681 templo
674 2628 790 2668 divae
826 2629 1013 2682 Virginis'
1039 2625 1388 2677 Constantinopoli
1416 2624 1467 2662 ad

24 2677 175 2719 Fontes
199 2681 326 2731 dicto,
357 2690 426 2722 aut
453 2683 547 2722 alibi
577 2698 648 2736 per
678 2698 740 2722 res
768 2697 925 2731 sacras,
955 2690 1001 2721 ut
1029 2696 1100 2735 per
1128 2679 1317 2731 Pelff‘lfflfls
1336 2710 1347 2729 ν
1381 2679 1464 2717 0¹0·

24 2747 96 2773 um
122 2733 391 2787 benedictum,
422 2753 565 2793 aquam
589 2738 791 2779 lustralem
810 2769 821 2788 ,
853 2737 1103 2791 signaculum
1131 2741 1290 2774 sanctae
1317 2734 1459 2783 crucis,
