<?xml version="1.0" encoding="UTF-8"?>
<!DOCTYPE html PUBLIC "-//W3C//DTD XHTML 1.0 Transitional//EN"
    "http://www.w3.org/TR/xhtml1/DTD/xhtml1-transitional.dtd">
<html xmlns="http://www.w3.org/1999/xhtml" xml:lang="en" lang="en">
 <head>
  <title>
</title>
<meta http-equiv="Content-Type" content="text/html;charset=utf-8" />
  <meta name='ocr-system' content='tesseract 3.04.00' />
  <meta name='ocr-capabilities' content='ocr_page ocr_carea ocr_par ocr_line ocrx_word'/>
</head>
<body>
  <div class='ocr_page' id='page_1' title='image "./corpusscriptorum25niebuoft_0500.png"; bbox 0 0 1794 3158; ppageno 0'>
   <div class='ocr_carea' id='block_1_1' title="bbox 334 127 1308 200">
    <p class='ocr_par' dir='ltr' id='par_1_1' title="bbox 334 127 1308 200">
     <span class='ocr_line' id='line_1_1' title="bbox 334 127 1308 200; baseline -0.001 -7"><span class='ocrx_word' id='word_1_1' title='bbox 334 127 447 200; x_wconf 64' lang='lat'><em>490</em></span> <span class='ocrx_word' id='word_1_2' title='bbox 897 150 1308 192; x_wconf 70' lang='lat' dir='ltr'><em>ANNOTATmNfls</em></span> 
     </span>
    </p>
   </div>
   <div class='ocr_carea' id='block_1_2' title="bbox 314 249 1794 2788">
    <p class='ocr_par' dir='ltr' id='par_1_2' title="bbox 323 249 1771 749">
     <span class='ocr_line' id='line_1_2' title="bbox 331 249 1771 309; baseline 0.001 -21"><span class='ocrx_word' id='word_1_3' title='bbox 331 249 439 289; x_wconf 75' lang='lat' dir='ltr'><em>Mox</em></span> <span class='ocrx_word' id='word_1_4' title='bbox 461 258 538 289; x_wconf 88' lang='lat' dir='ltr'><em>toto</em></span> <span class='ocrx_word' id='word_1_5' title='bbox 568 259 704 290; x_wconf 81' lang='lat' dir='ltr'><em>senatu</em></span> <span class='ocrx_word' id='word_1_6' title='bbox 742 261 950 292; x_wconf 81' lang='lat' dir='ltr'><em>convocato</em></span> <span class='ocrx_word' id='word_1_7' title='bbox 980 261 1018 291; x_wconf 90' lang='lat' dir='ltr'><em>et</em></span> <span class='ocrx_word' id='word_1_8' title='bbox 1048 254 1252 308; x_wconf 83' lang='lat' dir='ltr'><em>episcopis,</em></span> <span class='ocrx_word' id='word_1_9' title='bbox 1283 254 1353 309; x_wconf 81' lang='lat' dir='ltr'><em>qui</em></span> <span class='ocrx_word' id='word_1_10' title='bbox 1377 261 1456 292; x_wconf 89' lang='lat' dir='ltr'><em>tum</em></span> <span class='ocrx_word' id='word_1_11' title='bbox 1486 252 1528 292; x_wconf 86' lang='lat' dir='ltr'><em>in</em></span> <span class='ocrx_word' id='word_1_12' title='bbox 1555 252 1646 291; x_wconf 85' lang='lat' dir='ltr'><em>urbe</em></span> <span class='ocrx_word' id='word_1_13' title='bbox 1677 267 1771 305; x_wconf 81' lang='lat' dir='ltr'><em>age-</em></span> 
     </span>
     <span class='ocr_line' id='line_1_3' title="bbox 333 305 1768 363; baseline 0.003 -21"><span class='ocrx_word' id='word_1_14' title='bbox 333 305 442 355; x_wconf 86' lang='lat' dir='ltr'><em>bant,</em></span> <span class='ocrx_word' id='word_1_15' title='bbox 479 319 561 345; x_wconf 87' lang='lat' dir='ltr'><em>una</em></span> <span class='ocrx_word' id='word_1_16' title='bbox 592 320 679 344; x_wconf 88' lang='lat' dir='ltr'><em>cum</em></span> <span class='ocrx_word' id='word_1_17' title='bbox 700 308 933 360; x_wconf 81' lang='lat' dir='ltr'><em>patriarcha</em></span> <span class='ocrx_word' id='word_1_18' title='bbox 963 310 1156 347; x_wconf 82' lang='lat' dir='ltr'><em>accersitis</em></span> <span class='ocrx_word' id='word_1_19' title='bbox 1189 309 1404 363; x_wconf 82' lang='lat' dir='ltr'><em>populique</em></span> <span class='ocrx_word' id='word_1_20' title='bbox 1428 308 1648 359; x_wconf 85' lang='lat' dir='ltr'><em>Byzantini</em></span> <span class='ocrx_word' id='word_1_21' title='bbox 1668 322 1768 362; x_wconf 87' lang='lat' dir='ltr'><em>pro-</em></span> 
     </span>
     <span class='ocr_line' id='line_1_4' title="bbox 330 360 1766 411; baseline 0.002 -12"><span class='ocrx_word' id='word_1_22' title='bbox 330 360 479 399; x_wconf 77' lang='lat' dir='ltr'><em>ceribus</em></span> <span class='ocrx_word' id='word_1_23' title='bbox 499 389 511 411; x_wconf 86' lang='lat'>,</span> <span class='ocrx_word' id='word_1_24' title='bbox 543 360 742 400; x_wconf 79' lang='lat' dir='ltr'><em>seditionis</em></span> <span class='ocrx_word' id='word_1_25' title='bbox 781 371 957 402; x_wconf 80' lang='lat' dir='ltr'><em>auctores</em></span> <span class='ocrx_word' id='word_1_26' title='bbox 999 372 1036 402; x_wconf 90' lang='lat' dir='ltr'><em>et</em></span> <span class='ocrx_word' id='word_1_27' title='bbox 1073 377 1206 402; x_wconf 88' lang='lat' dir='ltr'><em>eorum</em></span> <span class='ocrx_word' id='word_1_28' title='bbox 1248 365 1463 403; x_wconf 84' lang='lat' dir='ltr'><em>coniuratos</em></span> <span class='ocrx_word' id='word_1_29' title='bbox 1501 372 1539 402; x_wconf 87' lang='lat' dir='ltr'><em>et</em></span> <span class='ocrx_word' id='word_1_30' title='bbox 1581 371 1687 401; x_wconf 86' lang='lat' dir='ltr'><em>testes</em></span> <span class='ocrx_word' id='word_1_31' title='bbox 1722 365 1766 402; x_wconf 87' lang='lat' dir='ltr'><em>in</em></span> 
     </span>
     <span class='ocr_line' id='line_1_5' title="bbox 329 415 1768 479; baseline 0.003 -26"><span class='ocrx_word' id='word_1_32' title='bbox 329 415 501 453; x_wconf 78' lang='lat' dir='ltr'><em>medium</em></span> <span class='ocrx_word' id='word_1_33' title='bbox 529 415 740 479; x_wconf 43' lang='lat' dir='ltr'><em>produnt-tit.</em></span> <span class='ocrx_word' id='word_1_34' title='bbox 794 416 860 455; x_wconf 88' lang='lat' dir='ltr'><em>Hi</em></span> <span class='ocrx_word' id='word_1_35' title='bbox 879 432 974 457; x_wconf 82' lang='lat' dir='ltr'><em>vero</em></span> <span class='ocrx_word' id='word_1_36' title='bbox 1000 419 1103 457; x_wconf 88' lang='lat' dir='ltr'><em>inter</em></span> <span class='ocrx_word' id='word_1_37' title='bbox 1144 433 1223 458; x_wconf 85' lang='lat' dir='ltr'><em>sese</em></span> <span class='ocrx_word' id='word_1_38' title='bbox 1254 420 1451 471; x_wconf 83' lang='lat' dir='ltr'><em>iurgantes</em></span> <span class='ocrx_word' id='word_1_39' title='bbox 1501 427 1538 456; x_wconf 85' lang='lat' dir='ltr'><em>et</em></span> <span class='ocrx_word' id='word_1_40' title='bbox 1561 418 1637 456; x_wconf 85' lang='lat' dir='ltr'><em>alii</em></span> <span class='ocrx_word' id='word_1_41' title='bbox 1663 419 1768 457; x_wconf 82' lang='lat' dir='ltr'><em>alios</em></span> 
     </span>
     <span class='ocr_line' id='line_1_6' title="bbox 329 473 1765 524; baseline 0.003 -17"><span class='ocrx_word' id='word_1_42' title='bbox 329 479 529 521; x_wconf 73' lang='lat' dir='ltr'><em>arguentes</em></span> <span class='ocrx_word' id='word_1_43' title='bbox 551 499 562 520; x_wconf 89' lang='lat'>,</span> <span class='ocrx_word' id='word_1_44' title='bbox 592 473 816 510; x_wconf 81' lang='lat' dir='ltr'><em>certzssimis</em></span> <span class='ocrx_word' id='word_1_45' title='bbox 837 475 1078 524; x_wconf 77' lang='lat' dir='ltr'><em>argumentis</em></span> <span class='ocrx_word' id='word_1_46' title='bbox 1104 475 1409 513; x_wconf 86' lang='lat' dir='ltr'><em>coniurationem</em></span> <span class='ocrx_word' id='word_1_47' title='bbox 1438 482 1477 512; x_wconf 91' lang='lat' dir='ltr'><em>et</em></span> <span class='ocrx_word' id='word_1_48' title='bbox 1499 474 1693 512; x_wconf 87' lang='lat' dir='ltr'><em>immania</em></span> <span class='ocrx_word' id='word_1_49' title='bbox 1714 488 1765 511; x_wconf 81' lang='lat' dir='ltr'><em>ae</em></span> 
     </span>
     <span class='ocr_line' id='line_1_7' title="bbox 323 526 1763 583; baseline 0.002 -21"><span class='ocrx_word' id='word_1_50' title='bbox 323 526 548 579; x_wconf 82' lang='lat' dir='ltr'><em>perniciosa</em></span> <span class='ocrx_word' id='word_1_51' title='bbox 571 526 734 565; x_wconf 88' lang='lat' dir='ltr'><em>consilia</em></span> <span class='ocrx_word' id='word_1_52' title='bbox 761 528 1104 578; x_wconf 83' lang='lat' dir='ltr'><em>demonstrabant,</em></span> <span class='ocrx_word' id='word_1_53' title='bbox 1129 538 1170 567; x_wconf 85' lang='lat' dir='ltr'><em>ut</em></span> <span class='ocrx_word' id='word_1_54' title='bbox 1199 538 1237 568; x_wconf 90' lang='lat' dir='ltr'><em>et</em></span> <span class='ocrx_word' id='word_1_55' title='bbox 1262 530 1341 582; x_wconf 86' lang='lat' dir='ltr'><em>ipsi</em></span> <span class='ocrx_word' id='word_1_56' title='bbox 1369 528 1509 583; x_wconf 79' lang='lat' dir='ltr'><em>absque</em></span> <span class='ocrx_word' id='word_1_57' title='bbox 1534 528 1618 566; x_wconf 89' lang='lat' dir='ltr'><em>ulla</em></span> <span class='ocrx_word' id='word_1_58' title='bbox 1641 530 1763 579; x_wconf 83' lang='lat' dir='ltr'><em>tergi-</em></span> 
     </span>
     <span class='ocr_line' id='line_1_8' title="bbox 328 580 1770 643; baseline 0.003 -26"><span class='ocrx_word' id='word_1_59' title='bbox 328 580 546 643; x_wconf 68' lang='lat' dir='ltr'><em>versatione</em></span> <span class='ocrx_word' id='word_1_60' title='bbox 566 582 833 635; x_wconf 83' lang='lat' dir='ltr'><em>parricidium</em></span> <span class='ocrx_word' id='word_1_61' title='bbox 873 598 983 622; x_wconf 89' lang='lat' dir='ltr'><em>suum</em></span> <span class='ocrx_word' id='word_1_62' title='bbox 1012 585 1146 637; x_wconf 85' lang='lat' dir='ltr'><em>fateri</em></span> <span class='ocrx_word' id='word_1_63' title='bbox 1178 593 1420 636; x_wconf 83' lang='lat' dir='ltr'><em>cogerentur.</em></span> <span class='ocrx_word' id='word_1_64' title='bbox 1478 582 1540 621; x_wconf 87' lang='lat' dir='ltr'><em>Ac</em></span> <span class='ocrx_word' id='word_1_65' title='bbox 1576 583 1770 637; x_wconf 79' lang='lat' dir='ltr'><em>discerpti</em></span> 
     </span>
     <span class='ocr_line' id='line_1_9' title="bbox 327 638 1766 693; baseline 0.003 -21"><span class='ocrx_word' id='word_1_66' title='bbox 327 644 459 673; x_wconf 76' lang='lat' dir='ltr'><em>statim</em></span> <span class='ocrx_word' id='word_1_67' title='bbox 483 646 603 676; x_wconf 85' lang='lat' dir='ltr'><em>essent</em></span> <span class='ocrx_word' id='word_1_68' title='bbox 627 650 654 675; x_wconf 88' lang='lat' dir='ltr'><em>a</em></span> <span class='ocrx_word' id='word_1_69' title='bbox 669 640 820 692; x_wconf 82' lang='lat' dir='ltr'><em>populo</em></span> <span class='ocrx_word' id='word_1_70' title='bbox 835 668 845 686; x_wconf 88' lang='lat'>‚</span> <span class='ocrx_word' id='word_1_71' title='bbox 886 640 963 677; x_wconf 86' lang='lat' dir='ltr'><em>nisi</em></span> <span class='ocrx_word' id='word_1_72' title='bbox 993 639 1188 678; x_wconf 74' lang='lat' dir='ltr'><em>excellens</em></span> <span class='ocrx_word' id='word_1_73' title='bbox 1214 639 1464 693; x_wconf 84' lang='lat' dir='ltr'><em>imperatoris</em></span> <span class='ocrx_word' id='word_1_74' title='bbox 1485 638 1704 677; x_wconf 81' lang='lat' dir='ltr'><em>humanitas</em></span> <span class='ocrx_word' id='word_1_75' title='bbox 1723 646 1766 676; x_wconf 72' lang='lat' dir='ltr'><em>ec</em></span> 
     </span>
     <span class='ocr_line' id='line_1_10' title="bbox 327 690 1381 749; baseline 0.005 -21"><span class='ocrx_word' id='word_1_76' title='bbox 327 690 541 730; x_wconf 85' lang='lat' dir='ltr'><em>clementia</em></span> <span class='ocrx_word' id='word_1_77' title='bbox 565 693 750 746; x_wconf 86' lang='lat' dir='ltr'><em>impetum</em></span> <span class='ocrx_word' id='word_1_78' title='bbox 774 695 890 732; x_wconf 86' lang='lat' dir='ltr'><em>illum</em></span> <span class='ocrx_word' id='word_1_79' title='bbox 926 695 1177 749; x_wconf 82' lang='lat' dir='ltr'><em>repressisset.</em></span> <span class='ocrx_word' id='word_1_80' title='bbox 1210 708 1381 734; x_wconf 74' lang='lat' dir='ltr'><strong>PONTAN.</strong></span> 
     </span>
    </p>

    <p class='ocr_par' dir='ltr' id='par_1_3' title="bbox 437 744 1228 802">
     <span class='ocr_line' id='line_1_11' title="bbox 437 744 1228 802; baseline 0.004 -18"><span class='ocrx_word' id='word_1_81' title='bbox 437 744 540 799; x_wconf 82' lang='lat' dir='ltr'><em>Pag.</em></span> <span class='ocrx_word' id='word_1_82' title='bbox 562 746 659 798; x_wconf 87' lang='grc'><strong>485,</strong></span> <span class='ocrx_word' id='word_1_83' title='bbox 685 763 745 788; x_wconf 83' lang='lat'><em>12.</em></span> <span class='ocrx_word' id='word_1_84' title='bbox 772 749 941 799; x_wconf 84' lang='grc' dir='ltr'><em>βασιλεῖ</em></span> <span class='ocrx_word' id='word_1_85' title='bbox 964 751 1022 788; x_wconf 93' lang='grc' dir='ltr'><em>Μ.</em></span> <span class='ocrx_word' id='word_1_86' title='bbox 1055 763 1228 802; x_wconf 86' lang='lat' dir='ltr'><em>quoque.</em></span> 
     </span>
    </p>

    <p class='ocr_par' dir='ltr' id='par_1_4' title="bbox 435 800 1322 855">
     <span class='ocr_line' id='line_1_12' title="bbox 435 800 1322 855; baseline 0.008 -16"><span class='ocrx_word' id='word_1_87' title='bbox 435 800 541 854; x_wconf 82' lang='lat' dir='ltr'><strong><em>Pag.</em></strong></span> <span class='ocrx_word' id='word_1_88' title='bbox 587 801 655 852; x_wconf 77' lang='grc'><em>85,</em></span> <span class='ocrx_word' id='word_1_89' title='bbox 674 818 739 846; x_wconf 81' lang='lat'><em>22.</em></span> <span class='ocrx_word' id='word_1_90' title='bbox 769 801 985 855; x_wconf 81' lang='grc' dir='ltr'><em>σύμμαχοι</em></span> <span class='ocrx_word' id='word_1_91' title='bbox 1007 803 1084 854; x_wconf 79' lang='grc' dir='ltr'><em>μὲν</em></span> <span class='ocrx_word' id='word_1_92' title='bbox 1114 807 1173 844; x_wconf 90' lang='grc' dir='ltr'><em>Μ.</em></span> <span class='ocrx_word' id='word_1_93' title='bbox 1201 811 1322 846; x_wconf 82' lang='lat' dir='ltr'><em>recte.</em></span> 
     </span>
    </p>

    <p class='ocr_par' dir='ltr' id='par_1_5' title="bbox 437 856 1147 909">
     <span class='ocr_line' id='line_1_13' title="bbox 437 856 1147 909; baseline 0.006 -15"><span class='ocrx_word' id='word_1_94' title='bbox 437 856 544 909; x_wconf 80' lang='lat' dir='ltr'><em>Pag.</em></span> <span class='ocrx_word' id='word_1_95' title='bbox 573 857 614 905; x_wconf 55' lang='lat'><em>48</em></span> <span class='ocrx_word' id='word_1_96' title='bbox 647 888 659 908; x_wconf 86' lang='lat'>,</span> <span class='ocrx_word' id='word_1_97' title='bbox 679 873 747 902; x_wconf 84' lang='lat'><em>21.</em></span> <span class='ocrx_word' id='word_1_98' title='bbox 774 856 1058 899; x_wconf 76' lang='grc' dir='ltr'><strong><em>ὑπολιπέσθαι</em></strong></span> <span class='ocrx_word' id='word_1_99' title='bbox 1087 861 1147 898; x_wconf 91' lang='grc' dir='ltr'><em>Μ.</em></span> 
     </span>
    </p>

    <p class='ocr_par' dir='ltr' id='par_1_6' title="bbox 437 873 1714 968">
     <span class='ocr_line' id='line_1_14' title="bbox 437 873 1714 968; baseline 0 -16"><span class='ocrx_word' id='word_1_100' title='bbox 437 911 545 964; x_wconf 80' lang='lat' dir='ltr'><em>Pag.</em></span> <span class='ocrx_word' id='word_1_101' title='bbox 559 873 655 962; x_wconf 53' lang='lat'><em>483,</em></span> <span class='ocrx_word' id='word_1_102' title='bbox 669 913 711 953; x_wconf 86' lang='lat'><em>6.</em></span> <span class='ocrx_word' id='word_1_103' title='bbox 741 911 874 968; x_wconf 81' lang='grc' dir='ltr'><em>τούτῳ</em></span> <span class='ocrx_word' id='word_1_104' title='bbox 901 915 971 963; x_wconf 88' lang='grc' dir='ltr'><em>Μ.,</em></span> <span class='ocrx_word' id='word_1_105' title='bbox 1003 914 1188 968; x_wconf 83' lang='lat' dir='ltr'><em>Spengel.</em></span> <span class='ocrx_word' id='word_1_106' title='bbox 1224 913 1294 956; x_wconf 87' lang='lat' dir='ltr'>l.1.</span> <span class='ocrx_word' id='word_1_107' title='bbox 1326 914 1431 953; x_wconf 87' lang='lat' dir='ltr'><em>coni.</em></span> <span class='ocrx_word' id='word_1_108' title='bbox 1462 910 1540 953; x_wconf 71' lang='grc' dir='ltr'><em>κᾶν</em></span> <span class='ocrx_word' id='word_1_109' title='bbox 1568 908 1714 968; x_wconf 73' lang='grc' dir='ltr'><strong>τούτῳ.</strong></span> 
     </span>
    </p>

    <p class='ocr_par' dir='ltr' id='par_1_7' title="bbox 436 966 1231 1020">
     <span class='ocr_line' id='line_1_15' title="bbox 436 966 1231 1020; baseline 0.004 -15"><span class='ocrx_word' id='word_1_110' title='bbox 436 966 540 1019; x_wconf 78' lang='lat' dir='ltr'><strong><em>Pag.</em></strong></span> <span class='ocrx_word' id='word_1_111' title='bbox 558 967 656 1019; x_wconf 82' lang='grc'>488,</span> <span class='ocrx_word' id='word_1_112' title='bbox 675 968 738 1008; x_wconf 86' lang='lat'><em>23.</em></span> <span class='ocrx_word' id='word_1_113' title='bbox 767 969 1131 1020; x_wconf 75' lang='grc' dir='ltr'><em>πολιορκουμένοις</em></span> <span class='ocrx_word' id='word_1_114' title='bbox 1172 971 1231 1008; x_wconf 89' lang='grc' dir='ltr'><em>Μ.</em></span> 
     </span>
    </p>

    <p class='ocr_par' dir='ltr' id='par_1_8' title="bbox 436 1019 1206 1076">
     <span class='ocr_line' id='line_1_16' title="bbox 436 1019 1206 1076; baseline 0.003 -15"><span class='ocrx_word' id='word_1_115' title='bbox 436 1021 538 1074; x_wconf 82' lang='lat' dir='ltr'><strong><em>Pag.</em></strong></span> <span class='ocrx_word' id='word_1_116' title='bbox 555 1021 651 1076; x_wconf 83' lang='grc'>489,</span> <span class='ocrx_word' id='word_1_117' title='bbox 670 1038 736 1064; x_wconf 85' lang='lat'><em>20.</em></span> <span class='ocrx_word' id='word_1_118' title='bbox 769 1019 1118 1075; x_wconf 75' lang='grc' dir='ltr'><em>παραστήσεσθαι</em></span> <span class='ocrx_word' id='word_1_119' title='bbox 1149 1025 1206 1067; x_wconf 87' lang='grc' dir='ltr'><strong>Μ.</strong></span> 
     </span>
    </p>

    <p class='ocr_par' dir='ltr' id='par_1_9' title="bbox 437 1075 1327 1132">
     <span class='ocr_line' id='line_1_17' title="bbox 437 1075 1327 1132; baseline 0.001 -14"><span class='ocrx_word' id='word_1_120' title='bbox 437 1078 541 1130; x_wconf 81' lang='lat' dir='ltr'><em>Pag.</em></span> <span class='ocrx_word' id='word_1_121' title='bbox 559 1078 652 1132; x_wconf 84' lang='grc'>490,</span> <span class='ocrx_word' id='word_1_122' title='bbox 672 1093 713 1119; x_wconf 82' lang='lat'><em>2.</em></span> <span class='ocrx_word' id='word_1_123' title='bbox 741 1075 1037 1118; x_wconf 73' lang='grc' dir='ltr'><em>πολλαπλασίω</em></span> <span class='ocrx_word' id='word_1_124' title='bbox 1064 1080 1122 1122; x_wconf 91' lang='grc' dir='ltr'><em>Μ.</em></span> <span class='ocrx_word' id='word_1_125' title='bbox 1149 1093 1327 1132; x_wconf 84' lang='lat' dir='ltr'><em>quoque.</em></span> 
     </span>
    </p>

    <p class='ocr_par' dir='ltr' id='par_1_10' title="bbox 437 1131 1505 1186">
     <span class='ocr_line' id='line_1_18' title="bbox 437 1131 1505 1186; baseline 0.001 -15"><span class='ocrx_word' id='word_1_126' title='bbox 437 1134 539 1185; x_wconf 81' lang='lat' dir='ltr'><em>Pag.</em></span> <span class='ocrx_word' id='word_1_127' title='bbox 553 1132 648 1186; x_wconf 80' lang='grc'>490,</span> <span class='ocrx_word' id='word_1_128' title='bbox 665 1132 702 1184; x_wconf 90' lang='grc'>4</span> <span class='ocrx_word' id='word_1_129' title='bbox 732 1131 1008 1186; x_wconf 74' lang='grc' dir='ltr'><em>προσεδοκᾶτε</em></span> <span class='ocrx_word' id='word_1_130' title='bbox 1041 1135 1097 1174; x_wconf 90' lang='grc' dir='ltr'><em>Μ.</em></span> <span class='ocrx_word' id='word_1_131' title='bbox 1130 1134 1182 1173; x_wconf 85' lang='lat' dir='ltr'><em>ab</em></span> <span class='ocrx_word' id='word_1_132' title='bbox 1212 1133 1337 1174; x_wconf 83' lang='lat' dir='ltr'><em>altera</em></span> <span class='ocrx_word' id='word_1_133' title='bbox 1368 1147 1505 1176; x_wconf 83' lang='lat' dir='ltr'><em>manu.</em></span> 
     </span>
    </p>

    <p class='ocr_par' dir='ltr' id='par_1_11' title="bbox 436 1183 1033 1241">
     <span class='ocr_line' id='line_1_19' title="bbox 436 1183 1033 1241; baseline -0.002 -13"><span class='ocrx_word' id='word_1_134' title='bbox 436 1189 541 1240; x_wconf 82' lang='lat' dir='ltr'><em>Pag.</em></span> <span class='ocrx_word' id='word_1_135' title='bbox 555 1188 649 1241; x_wconf 86' lang='grc'>490,</span> <span class='ocrx_word' id='word_1_136' title='bbox 676 1189 733 1228; x_wconf 86' lang='lat'><em>15.</em></span> <span class='ocrx_word' id='word_1_137' title='bbox 761 1183 940 1226; x_wconf 76' lang='grc' dir='ltr'><em>πάντοθε</em></span> <span class='ocrx_word' id='word_1_138' title='bbox 976 1189 1033 1227; x_wconf 92' lang='grc' dir='ltr'><em>Μ.</em></span> 
     </span>
    </p>

    <p class='ocr_par' dir='ltr' id='par_1_12' title="bbox 328 1240 1794 1351">
     <span class='ocr_line' id='line_1_20' title="bbox 437 1240 1794 1298; baseline -0.001 -15"><span class='ocrx_word' id='word_1_139' title='bbox 437 1243 542 1296; x_wconf 81' lang='lat' dir='ltr'><strong><em>Pag.</em></strong></span> <span class='ocrx_word' id='word_1_140' title='bbox 560 1243 656 1298; x_wconf 72' lang='grc'>491,</span> <span class='ocrx_word' id='word_1_141' title='bbox 680 1240 1032 1296; x_wconf 58' lang='grc' dir='ltr'><em>ιὸαποφαίνοντα</em></span> <span class='ocrx_word' id='word_1_142' title='bbox 1065 1244 1124 1282; x_wconf 86' lang='grc' dir='ltr'><em>Μ.</em></span> <span class='ocrx_word' id='word_1_143' title='bbox 1151 1258 1270 1298; x_wconf 84' lang='lat' dir='ltr'><em>supra</em></span> <span class='ocrx_word' id='word_1_144' title='bbox 1293 1243 1439 1283; x_wconf 86' lang='lat' dir='ltr'><em>lineam</em></span> <span class='ocrx_word' id='word_1_145' title='bbox 1467 1250 1507 1283; x_wconf 84' lang='lat' dir='ltr'><em>et</em></span> <span class='ocrx_word' id='word_1_146' title='bbox 1528 1242 1597 1284; x_wconf 83' lang='lat' dir='ltr'>lin.</span> <span class='ocrx_word' id='word_1_147' title='bbox 1617 1256 1679 1297; x_wconf 83' lang='lat'><em>19.</em></span> <span class='ocrx_word' id='word_1_148' title='bbox 1694 1257 1769 1296; x_wconf 81' lang='lat' dir='ltr'><em>pro</em></span> <span class='ocrx_word' id='word_1_149' title='bbox 1793 1245 1794 1257; x_wconf 66' lang='lat'>¹</span> 
     </span>
     <span class='ocr_line' id='line_1_21' title="bbox 328 1293 579 1351; baseline 0 -13"><span class='ocrx_word' id='word_1_150' title='bbox 328 1293 377 1338; x_wconf 80' lang='grc' dir='ltr'><em>ὃν</em></span> <span class='ocrx_word' id='word_1_151' title='bbox 404 1313 484 1351; x_wconf 77' lang='lat' dir='ltr'><em>mg.</em></span> <span class='ocrx_word' id='word_1_152' title='bbox 518 1293 540 1337; x_wconf 81' lang='grc' dir='ltr'>ὃ</span> <span class='ocrx_word' id='word_1_153' title='bbox 545 1314 579 1346; x_wconf 90' lang='grc' dir='ltr'><em>ς.</em></span> 
     </span>
    </p>

    <p class='ocr_par' dir='ltr' id='par_1_13' title="bbox 436 1348 1093 1408">
     <span class='ocr_line' id='line_1_22' title="bbox 436 1348 1093 1408; baseline -0.002 -14"><span class='ocrx_word' id='word_1_154' title='bbox 436 1356 541 1407; x_wconf 84' lang='lat' dir='ltr'><em>Pag.</em></span> <span class='ocrx_word' id='word_1_155' title='bbox 560 1353 655 1408; x_wconf 72' lang='lat'><em>491,</em></span> <span class='ocrx_word' id='word_1_156' title='bbox 673 1352 739 1404; x_wconf 70' lang='lat'><em>24.</em></span> <span class='ocrx_word' id='word_1_157' title='bbox 772 1348 1004 1405; x_wconf 75' lang='grc' dir='ltr'><em>αἰτήσασθε</em></span> <span class='ocrx_word' id='word_1_158' title='bbox 1033 1354 1093 1393; x_wconf 90' lang='grc' dir='ltr'><em>Μ.</em></span> 
     </span>
    </p>

    <p class='ocr_par' dir='ltr' id='par_1_14' title="bbox 436 1408 1286 1463">
     <span class='ocr_line' id='line_1_23' title="bbox 436 1408 1286 1463; baseline -0.002 -13"><span class='ocrx_word' id='word_1_159' title='bbox 436 1410 540 1462; x_wconf 80' lang='lat' dir='ltr'><em>Pag.</em></span> <span class='ocrx_word' id='word_1_160' title='bbox 559 1409 654 1463; x_wconf 67' lang='lat'><em>492,</em></span> <span class='ocrx_word' id='word_1_161' title='bbox 679 1411 740 1458; x_wconf 74' lang='grc'><em>14.</em></span> <span class='ocrx_word' id='word_1_162' title='bbox 770 1408 916 1447; x_wconf 76' lang='grc' dir='ltr'><em>δεινῶν</em></span> <span class='ocrx_word' id='word_1_163' title='bbox 946 1410 1000 1446; x_wconf 94' lang='grc' dir='ltr'><em>Μ.</em></span> <span class='ocrx_word' id='word_1_164' title='bbox 1029 1422 1102 1461; x_wconf 83' lang='lat' dir='ltr'><em>pro</em></span> <span class='ocrx_word' id='word_1_165' title='bbox 1136 1409 1286 1448; x_wconf 76' lang='grc' dir='ltr'><strong>κακῶν.</strong></span> 
     </span>
    </p>

    <p class='ocr_par' dir='ltr' id='par_1_15' title="bbox 440 1460 1467 1518">
     <span class='ocr_line' id='line_1_24' title="bbox 440 1460 1467 1518; baseline 0 -15"><span class='ocrx_word' id='word_1_166' title='bbox 440 1465 655 1518; x_wconf 63' lang='grc' dir='ltr'><strong>Ρας.495,</strong></span> <span class='ocrx_word' id='word_1_167' title='bbox 680 1479 715 1504; x_wconf 82' lang='grc' dir='ltr'><em>ι.</em></span> <span class='ocrx_word' id='word_1_168' title='bbox 750 1460 864 1502; x_wconf 80' lang='grc' dir='ltr'><em>αἰτία</em></span> <span class='ocrx_word' id='word_1_169' title='bbox 891 1463 1019 1502; x_wconf 80' lang='lat' dir='ltr'><em>scribe</em></span> <span class='ocrx_word' id='word_1_170' title='bbox 1048 1477 1140 1502; x_wconf 88' lang='lat' dir='ltr'><em>cum</em></span> <span class='ocrx_word' id='word_1_171' title='bbox 1170 1466 1226 1506; x_wconf 87' lang='grc' dir='ltr'><em>Μ.</em></span> <span class='ocrx_word' id='word_1_172' title='bbox 1255 1478 1329 1517; x_wconf 79' lang='lat' dir='ltr'><em>pro</em></span> <span class='ocrx_word' id='word_1_173' title='bbox 1359 1461 1467 1513; x_wconf 63' lang='grc' dir='ltr'><strong>α’ξιῖι.</strong></span> 
     </span>
    </p>

    <p class='ocr_par' dir='ltr' id='par_1_16' title="bbox 437 1515 992 1574">
     <span class='ocr_line' id='line_1_25' title="bbox 437 1515 992 1574; baseline -0.005 -14"><span class='ocrx_word' id='word_1_174' title='bbox 437 1520 543 1573; x_wconf 83' lang='lat' dir='ltr'><em>Pag.</em></span> <span class='ocrx_word' id='word_1_175' title='bbox 559 1521 657 1574; x_wconf 72' lang='grc'>495,</span> <span class='ocrx_word' id='word_1_176' title='bbox 674 1534 712 1574; x_wconf 84' lang='lat'><em>7.</em></span> <span class='ocrx_word' id='word_1_177' title='bbox 742 1515 905 1557; x_wconf 87' lang='grc' dir='ltr'><em>διδόναι</em></span> <span class='ocrx_word' id='word_1_178' title='bbox 935 1520 992 1557; x_wconf 93' lang='grc' dir='ltr'><em>Μ.</em></span> 
     </span>
    </p>

    <p class='ocr_par' dir='ltr' id='par_1_17' title="bbox 437 1569 1352 1629">
     <span class='ocr_line' id='line_1_26' title="bbox 437 1569 1352 1629; baseline -0.002 -15"><span class='ocrx_word' id='word_1_179' title='bbox 437 1576 652 1629; x_wconf 65' lang='grc' dir='ltr'><em>Ρας.493,</em></span> <span class='ocrx_word' id='word_1_180' title='bbox 671 1589 736 1613; x_wconf 84' lang='lat'><em>20.</em></span> <span class='ocrx_word' id='word_1_181' title='bbox 765 1569 920 1612; x_wconf 81' lang='grc' dir='ltr'><em>δυνατὰ</em></span> <span class='ocrx_word' id='word_1_182' title='bbox 951 1574 1008 1612; x_wconf 91' lang='grc' dir='ltr'><em>Μ.</em></span> <span class='ocrx_word' id='word_1_183' title='bbox 1041 1587 1162 1626; x_wconf 86' lang='lat' dir='ltr'><em>supra</em></span> <span class='ocrx_word' id='word_1_184' title='bbox 1191 1573 1352 1612; x_wconf 86' lang='lat' dir='ltr'><em>lineam.</em></span> 
     </span>
    </p>

    <p class='ocr_par' dir='ltr' id='par_1_18' title="bbox 439 1624 1529 1684">
     <span class='ocr_line' id='line_1_27' title="bbox 439 1624 1529 1684; baseline -0.004 -14"><span class='ocrx_word' id='word_1_185' title='bbox 439 1630 653 1684; x_wconf 70' lang='lat' dir='ltr'><em>Pag.493.,</em></span> <span class='ocrx_word' id='word_1_186' title='bbox 673 1631 741 1668; x_wconf 74' lang='lat'><em>23.</em></span> <span class='ocrx_word' id='word_1_187' title='bbox 776 1624 978 1682; x_wconf 78' lang='grc' dir='ltr'><em>Ντοάρδῳ</em></span> <span class='ocrx_word' id='word_1_188' title='bbox 1007 1629 1064 1671; x_wconf 86' lang='grc' dir='ltr'><em>Μ,</em></span> <span class='ocrx_word' id='word_1_189' title='bbox 1093 1631 1268 1682; x_wconf 82' lang='lat' dir='ltr'><em>itemque</em></span> <span class='ocrx_word' id='word_1_190' title='bbox 1297 1643 1335 1681; x_wconf 88' lang='lat' dir='ltr'><em>p.</em></span> <span class='ocrx_word' id='word_1_191' title='bbox 1363 1626 1458 1682; x_wconf 87' lang='grc'>494,</span> <span class='ocrx_word' id='word_1_192' title='bbox 1489 1626 1529 1678; x_wconf 90' lang='grc'><em>4.</em></span> 
     </span>
    </p>

    <p class='ocr_par' dir='ltr' id='par_1_19' title="bbox 314 1681 1780 2678">
     <span class='ocr_line' id='line_1_28' title="bbox 440 1681 1770 1739; baseline -0.005 -13"><span class='ocrx_word' id='word_1_193' title='bbox 440 1684 662 1739; x_wconf 59' lang='grc' dir='ltr'><strong>Ρα3.494,</strong></span> <span class='ocrx_word' id='word_1_194' title='bbox 686 1684 745 1724; x_wconf 83' lang='grc'><em>16.</em></span> <span class='ocrx_word' id='word_1_195' title='bbox 783 1692 1036 1738; x_wconf 82' lang='lat' dir='ltr'><em>quotquot</em></span> <span class='ocrx_word' id='word_1_196' title='bbox 1072 1685 1359 1723; x_wconf 85' lang='lat' dir='ltr'><em>nobilitate</em></span> <span class='ocrx_word' id='word_1_197' title='bbox 1395 1683 1557 1722; x_wconf 85' lang='lat' dir='ltr'><em>clari.</em></span> <span class='ocrx_word' id='word_1_198' title='bbox 1612 1682 1675 1721; x_wconf 87' lang='lat' dir='ltr'><em>De</em></span> <span class='ocrx_word' id='word_1_199' title='bbox 1698 1681 1770 1721; x_wconf 83' lang='lat' dir='ltr'><em>de·-</em></span> 
     </span>
     <span class='ocr_line' id='line_1_29' title="bbox 329 1738 1773 1791; baseline -0.004 -10"><span class='ocrx_word' id='word_1_200' title='bbox 329 1741 481 1780; x_wconf 82' lang='lat' dir='ltr'><em>ditione</em></span> <span class='ocrx_word' id='word_1_201' title='bbox 510 1741 716 1780; x_wconf 85' lang='lat' dir='ltr'><em>Phocaeae</em></span> <span class='ocrx_word' id='word_1_202' title='bbox 756 1740 811 1778; x_wconf 89' lang='lat' dir='ltr'><em>sic</em></span> <span class='ocrx_word' id='word_1_203' title='bbox 841 1741 1049 1791; x_wconf 83' lang='lat' dir='ltr'><em>Gregoras.</em></span> <span class='ocrx_word' id='word_1_204' title='bbox 1121 1738 1201 1777; x_wconf 88' lang='lat' dir='ltr'><em>Sub</em></span> <span class='ocrx_word' id='word_1_205' title='bbox 1250 1739 1429 1778; x_wconf 88' lang='lat' dir='ltr'><em>brumam</em></span> <span class='ocrx_word' id='word_1_206' title='bbox 1463 1746 1609 1788; x_wconf 82' lang='lat' dir='ltr'><em>autem,</em></span> <span class='ocrx_word' id='word_1_207' title='bbox 1678 1739 1773 1776; x_wconf 67' lang='lat' dir='ltr'><em>&#39;cum</em></span> 
     </span>
     <span class='ocr_line' id='line_1_30' title="bbox 329 1793 1776 1850; baseline -0.005 -14"><span class='ocrx_word' id='word_1_208' title='bbox 329 1798 590 1837; x_wconf 74' lang='lat' dir='ltr'><em>Phocaeenses</em></span> <span class='ocrx_word' id='word_1_209' title='bbox 637 1795 781 1834; x_wconf 87' lang='lat' dir='ltr'><em>Latini</em></span> <span class='ocrx_word' id='word_1_210' title='bbox 811 1795 1119 1850; x_wconf 83' lang='lat' dir='ltr'><em>perseverantia</em></span> <span class='ocrx_word' id='word_1_211' title='bbox 1173 1795 1419 1849; x_wconf 86' lang='lat' dir='ltr'><em>imperatoris</em></span> <span class='ocrx_word' id='word_1_212' title='bbox 1462 1807 1583 1847; x_wconf 86' lang='lat' dir='ltr'><em>neque</em></span> <span class='ocrx_word' id='word_1_213' title='bbox 1629 1793 1776 1830; x_wconf 72' lang='lat' dir='ltr'><em>hiemis</em></span> 
     </span>
     <span class='ocr_line' id='line_1_31' title="bbox 330 1850 1774 1905; baseline -0.005 -13"><span class='ocrx_word' id='word_1_214' title='bbox 330 1854 460 1905; x_wconf 76' lang='lat' dir='ltr'><em>rigore</em></span> <span class='ocrx_word' id='word_1_215' title='bbox 477 1853 632 1904; x_wconf 74' lang='lat' dir='ltr'><em>frangi</em></span> <span class='ocrx_word' id='word_1_216' title='bbox 648 1881 659 1902; x_wconf 89' lang='lat'>,</span> <span class='ocrx_word' id='word_1_217' title='bbox 701 1852 933 1905; x_wconf 86' lang='lat' dir='ltr'><em>praesertim</em></span> <span class='ocrx_word' id='word_1_218' title='bbox 968 1865 1053 1888; x_wconf 89' lang='lat' dir='ltr'><em>cum</em></span> <span class='ocrx_word' id='word_1_219' title='bbox 1087 1864 1218 1889; x_wconf 88' lang='lat' dir='ltr'><em>omnes</em></span> <span class='ocrx_word' id='word_1_220' title='bbox 1256 1850 1423 1888; x_wconf 83' lang='lat' dir='ltr'><em>navales</em></span> <span class='ocrx_word' id='word_1_221' title='bbox 1465 1850 1607 1902; x_wconf 85' lang='lat' dir='ltr'><em>copiae</em></span> <span class='ocrx_word' id='word_1_222' title='bbox 1645 1860 1774 1900; x_wconf 83' lang='lat' dir='ltr'><em>oppu-</em></span> 
     </span>
     <span class='ocr_line' id='line_1_32' title="bbox 329 1905 1778 1961; baseline -0.006 -14"><span class='ocrx_word' id='word_1_223' title='bbox 329 1909 551 1961; x_wconf 82' lang='lat' dir='ltr'><em>gnationem</em></span> <span class='ocrx_word' id='word_1_224' title='bbox 578 1915 692 1946; x_wconf 86' lang='lat' dir='ltr'><em>noctu</em></span> <span class='ocrx_word' id='word_1_225' title='bbox 732 1915 848 1961; x_wconf 88' lang='lat' dir='ltr'><em>atque</em></span> <span class='ocrx_word' id='word_1_226' title='bbox 878 1906 1048 1945; x_wconf 82' lang='lat' dir='ltr'><em>interdiu</em></span> <span class='ocrx_word' id='word_1_227' title='bbox 1087 1906 1157 1943; x_wconf 86' lang='lat' dir='ltr'><em>sub</em></span> <span class='ocrx_word' id='word_1_228' title='bbox 1201 1905 1269 1944; x_wconf 86' lang='lat' dir='ltr'><em>dio</em></span> <span class='ocrx_word' id='word_1_229' title='bbox 1305 1905 1548 1944; x_wconf 81' lang='lat' dir='ltr'><em>continenter</em></span> <span class='ocrx_word' id='word_1_230' title='bbox 1575 1912 1778 1953; x_wconf 80' lang='lat' dir='ltr'><em>urgerent,</em></span> 
     </span>
     <span class='ocr_line' id='line_1_33' title="bbox 332 1959 1775 2015; baseline -0.005 -12"><span class='ocrx_word' id='word_1_231' title='bbox 332 1978 402 2003; x_wconf 89' lang='lat' dir='ltr'><em>nec</em></span> <span class='ocrx_word' id='word_1_232' title='bbox 430 1965 552 2015; x_wconf 85' lang='lat' dir='ltr'><em>longa</em></span> <span class='ocrx_word' id='word_1_233' title='bbox 584 1962 762 2002; x_wconf 85' lang='lat' dir='ltr'><em>absentia</em></span> <span class='ocrx_word' id='word_1_234' title='bbox 792 1975 819 1999; x_wconf 93' lang='lat' dir='ltr'><em>a</em></span> <span class='ocrx_word' id='word_1_235' title='bbox 850 1963 952 2007; x_wconf 86' lang='lat' dir='ltr'><em>suis,</em></span> <span class='ocrx_word' id='word_1_236' title='bbox 985 1975 1054 2000; x_wconf 87' lang='lat' dir='ltr'><em>nec</em></span> <span class='ocrx_word' id='word_1_237' title='bbox 1087 1961 1169 1998; x_wconf 87' lang='lat' dir='ltr'><em>ulla</em></span> <span class='ocrx_word' id='word_1_238' title='bbox 1199 1961 1368 2015; x_wconf 83' lang='lat' dir='ltr'><em>penuria</em></span> <span class='ocrx_word' id='word_1_239' title='bbox 1396 1959 1527 2011; x_wconf 85' lang='lat' dir='ltr'><em>urgeri</em></span> <span class='ocrx_word' id='word_1_240' title='bbox 1557 1967 1775 2004; x_wconf 83' lang='lat' dir='ltr'><em>cernerent,</em></span> 
     </span>
     <span class='ocr_line' id='line_1_34' title="bbox 327 2012 1772 2075; baseline -0.006 -16"><span class='ocrx_word' id='word_1_241' title='bbox 327 2020 565 2075; x_wconf 85' lang='lat' dir='ltr'><em>praesertim</em></span> <span class='ocrx_word' id='word_1_242' title='bbox 603 2033 692 2056; x_wconf 82' lang='lat' dir='ltr'><em>cum</em></span> <span class='ocrx_word' id='word_1_243' title='bbox 722 2018 827 2071; x_wconf 82' lang='lat' dir='ltr'><em>ipsos</em></span> <span class='ocrx_word' id='word_1_244' title='bbox 855 2018 937 2055; x_wconf 89' lang='lat' dir='ltr'><em>iam</em></span> <span class='ocrx_word' id='word_1_245' title='bbox 975 2024 1212 2055; x_wconf 83' lang='lat' dir='ltr'><em>commeatus</em></span> <span class='ocrx_word' id='word_1_246' title='bbox 1249 2016 1414 2068; x_wconf 77' lang='lat' dir='ltr'><em>dejicere</em></span> <span class='ocrx_word' id='word_1_247' title='bbox 1442 2015 1631 2068; x_wconf 82' lang='lat' dir='ltr'><em>inciperet</em></span> <span class='ocrx_word' id='word_1_248' title='bbox 1644 2026 1655 2046; x_wconf 84' lang='lat'><em>··</em></span> <span class='ocrx_word' id='word_1_249' title='bbox 1700 2012 1772 2050; x_wconf 87' lang='lat' dir='ltr'><em>de-</em></span> 
     </span>
     <span class='ocr_line' id='line_1_35' title="bbox 332 2069 1778 2129; baseline -0.005 -16"><span class='ocrx_word' id='word_1_250' title='bbox 332 2076 500 2129; x_wconf 84' lang='lat' dir='ltr'><em>speratis</em></span> <span class='ocrx_word' id='word_1_251' title='bbox 528 2074 654 2122; x_wconf 78' lang='lat' dir='ltr'><em>rebus,</em></span> <span class='ocrx_word' id='word_1_252' title='bbox 685 2073 834 2124; x_wconf 84' lang='lat' dir='ltr'><em>legatos</em></span> <span class='ocrx_word' id='word_1_253' title='bbox 864 2072 1044 2110; x_wconf 77' lang='lat' dir='ltr'><em>Rhodum</em></span> <span class='ocrx_word' id='word_1_254' title='bbox 1069 2072 1248 2120; x_wconf 79' lang='lat' dir='ltr'><em>mittunt,</em></span> <span class='ocrx_word' id='word_1_255' title='bbox 1282 2079 1453 2124; x_wconf 84' lang='lat' dir='ltr'><em>petentes</em></span> <span class='ocrx_word' id='word_1_256' title='bbox 1466 2099 1476 2117; x_wconf 80' lang='grc'>,</span> <span class='ocrx_word' id='word_1_257' title='bbox 1519 2077 1561 2108; x_wconf 90' lang='lat' dir='ltr'><em>ut</em></span> <span class='ocrx_word' id='word_1_258' title='bbox 1587 2069 1631 2106; x_wconf 86' lang='lat' dir='ltr'><em>in</em></span> <span class='ocrx_word' id='word_1_259' title='bbox 1665 2076 1778 2106; x_wconf 82' lang='lat' dir='ltr'><em>tanto</em></span> 
     </span>
     <span class='ocr_line' id='line_1_36' title="bbox 331 2125 1777 2180; baseline -0.005 -12"><span class='ocrx_word' id='word_1_260' title='bbox 331 2129 562 2169; x_wconf 83' lang='lat' dir='ltr'><em>discrimine</em></span> <span class='ocrx_word' id='word_1_261' title='bbox 595 2129 858 2167; x_wconf 77' lang='lat' dir='ltr'><em>subvenirent.</em></span> <span class='ocrx_word' id='word_1_262' title='bbox 926 2127 1073 2166; x_wconf 78' lang='lat' dir='ltr'><em>Rhodii</em></span> <span class='ocrx_word' id='word_1_263' title='bbox 1105 2140 1196 2177; x_wconf 80' lang='lat' dir='ltr'><em>ergo</em></span> <span class='ocrx_word' id='word_1_264' title='bbox 1235 2125 1349 2179; x_wconf 79' lang='lat' dir='ltr'><em>apud</em></span> <span class='ocrx_word' id='word_1_265' title='bbox 1380 2126 1654 2180; x_wconf 81' lang='lat' dir='ltr'><em>imperatorem</em></span> <span class='ocrx_word' id='word_1_266' title='bbox 1692 2136 1777 2177; x_wconf 79' lang='lat' dir='ltr'><em>pro</em></span> 
     </span>
     <span class='ocr_line' id='line_1_37' title="bbox 332 2177 1777 2233; baseline -0.005 -10"><span class='ocrx_word' id='word_1_267' title='bbox 332 2186 388 2224; x_wconf 84' lang='lat' dir='ltr'><em>eis</em></span> <span class='ocrx_word' id='word_1_268' title='bbox 418 2184 716 2233; x_wconf 82' lang='lat' dir='ltr'><em>intercedentes,</em></span> <span class='ocrx_word' id='word_1_269' title='bbox 747 2183 985 2222; x_wconf 87' lang='lat' dir='ltr'><em>obsidionem</em></span> <span class='ocrx_word' id='word_1_270' title='bbox 1020 2182 1189 2220; x_wconf 85' lang='lat' dir='ltr'><em>solvunt.</em></span> <span class='ocrx_word' id='word_1_271' title='bbox 1237 2181 1497 2220; x_wconf 78' lang='lat' dir='ltr'><em>Phocaeenses</em></span> <span class='ocrx_word' id='word_1_272' title='bbox 1514 2179 1620 2217; x_wconf 88' lang='lat' dir='ltr'><em>enim</em></span> <span class='ocrx_word' id='word_1_273' title='bbox 1644 2177 1777 2216; x_wconf 86' lang='lat' dir='ltr'><em>Turco</em></span> 
     </span>
     <span class='ocr_line' id='line_1_38' title="bbox 331 2233 1776 2291; baseline -0.006 -13"><span class='ocrx_word' id='word_1_274' title='bbox 331 2240 533 2279; x_wconf 85' lang='lat' dir='ltr'><em>Romanos</em></span> <span class='ocrx_word' id='word_1_275' title='bbox 557 2239 772 2278; x_wconf 82' lang='lat' dir='ltr'><em>adiuvanti</em></span> <span class='ocrx_word' id='word_1_276' title='bbox 786 2238 908 2291; x_wconf 86' lang='lat' dir='ltr'><em>filios</em></span> <span class='ocrx_word' id='word_1_277' title='bbox 939 2238 1070 2277; x_wconf 86' lang='lat' dir='ltr'><em>statim</em></span> <span class='ocrx_word' id='word_1_278' title='bbox 1106 2237 1351 2274; x_wconf 87' lang='lat' dir='ltr'><em>restituerunt</em></span> <span class='ocrx_word' id='word_1_279' title='bbox 1367 2265 1378 2282; x_wconf 85' lang='lat'><strong>‚</strong></span> <span class='ocrx_word' id='word_1_280' title='bbox 1410 2249 1506 2290; x_wconf 84' lang='lat' dir='ltr'><em>quos</em></span> <span class='ocrx_word' id='word_1_281' title='bbox 1536 2233 1655 2272; x_wconf 88' lang='lat' dir='ltr'><em>multo</em></span> <span class='ocrx_word' id='word_1_282' title='bbox 1683 2241 1776 2270; x_wconf 86' lang='lat' dir='ltr'><em>ante</em></span> 
     </span>
     <span class='ocr_line' id='line_1_39' title="bbox 314 2287 1777 2350; baseline -0.007 -16"><span class='ocrx_word' id='word_1_283' title='bbox 314 2296 455 2350; x_wconf 76' lang='lat' dir='ltr'><em>furati</em></span> <span class='ocrx_word' id='word_1_284' title='bbox 488 2296 531 2332; x_wconf 87' lang='lat' dir='ltr'><em>in</em></span> <span class='ocrx_word' id='word_1_285' title='bbox 561 2295 728 2332; x_wconf 84' lang='lat' dir='ltr'><em>vinculis</em></span> <span class='ocrx_word' id='word_1_286' title='bbox 770 2294 978 2336; x_wconf 80' lang='lat' dir='ltr'><em>habebant.</em></span> <span class='ocrx_word' id='word_1_287' title='bbox 1035 2291 1174 2331; x_wconf 84' lang='lat' dir='ltr'><em>Fidem</em></span> <span class='ocrx_word' id='word_1_288' title='bbox 1197 2300 1407 2344; x_wconf 87' lang='lat' dir='ltr'><em>praeterea</em></span> <span class='ocrx_word' id='word_1_289' title='bbox 1435 2288 1664 2343; x_wconf 84' lang='lat' dir='ltr'><em>imperatori</em></span> <span class='ocrx_word' id='word_1_290' title='bbox 1684 2287 1777 2342; x_wconf 49' lang='lat' dir='ltr'><em>fire</em></span> 
     </span>
     <span class='ocr_line' id='line_1_40' title="bbox 332 2344 1767 2398; baseline -0.008 -8"><span class='ocrx_word' id='word_1_291' title='bbox 332 2358 509 2398; x_wconf 72' lang='lat' dir='ltr'><em>marum,</em></span> <span class='ocrx_word' id='word_1_292' title='bbox 538 2349 702 2387; x_wconf 71' lang='lat' dir='ltr'><em>Rhodiis</em></span> <span class='ocrx_word' id='word_1_293' title='bbox 729 2351 909 2396; x_wconf 84' lang='lat' dir='ltr'><em>testibus,</em></span> <span class='ocrx_word' id='word_1_294' title='bbox 945 2363 987 2387; x_wconf 86' lang='lat' dir='ltr'><em>se</em></span> <span class='ocrx_word' id='word_1_295' title='bbox 1015 2357 1055 2386; x_wconf 89' lang='lat' dir='ltr'><em>et</em></span> <span class='ocrx_word' id='word_1_296' title='bbox 1081 2347 1304 2396; x_wconf 83' lang='lat' dir='ltr'><em>Mitylenen</em></span> <span class='ocrx_word' id='word_1_297' title='bbox 1330 2347 1471 2385; x_wconf 87' lang='lat' dir='ltr'><em>statim</em></span> <span class='ocrx_word' id='word_1_298' title='bbox 1502 2344 1767 2391; x_wconf 83' lang='lat' dir='ltr'><em>restituturos,</em></span> 
     </span>
     <span class='ocr_line' id='line_1_41' title="bbox 333 2398 1774 2460; baseline -0.008 -16"><span class='ocrx_word' id='word_1_299' title='bbox 333 2414 373 2444; x_wconf 85' lang='lat' dir='ltr'><em>et</em></span> <span class='ocrx_word' id='word_1_300' title='bbox 395 2404 634 2460; x_wconf 79' lang='lat' dir='ltr'><em>imperatori</em></span> <span class='ocrx_word' id='word_1_301' title='bbox 675 2404 783 2443; x_wconf 88' lang='lat' dir='ltr'><em>dicto</em></span> <span class='ocrx_word' id='word_1_302' title='bbox 830 2404 1043 2443; x_wconf 83' lang='lat' dir='ltr'><em>audientes</em></span> <span class='ocrx_word' id='word_1_303' title='bbox 1061 2402 1162 2453; x_wconf 82' lang='lat' dir='ltr'><em>sore</em></span> <span class='ocrx_word' id='word_1_304' title='bbox 1179 2430 1191 2451; x_wconf 86' lang='lat'>‚</span> <span class='ocrx_word' id='word_1_305' title='bbox 1230 2410 1271 2440; x_wconf 89' lang='lat' dir='ltr'><em>ut</em></span> <span class='ocrx_word' id='word_1_306' title='bbox 1307 2401 1426 2455; x_wconf 83' lang='lat' dir='ltr'><em>prius</em></span> <span class='ocrx_word' id='word_1_307' title='bbox 1466 2400 1589 2438; x_wconf 87' lang='lat' dir='ltr'><em>moris</em></span> <span class='ocrx_word' id='word_1_308' title='bbox 1615 2398 1774 2449; x_wconf 83' lang='lat' dir='ltr'><em>fuisset</em></span> 
     </span>
     <span class='ocr_line' id='line_1_42' title="bbox 331 2452 1780 2514; baseline -0.008 -15"><span class='ocrx_word' id='word_1_309' title='bbox 331 2469 447 2514; x_wconf 84' lang='lat' dir='ltr'><em>atque</em></span> <span class='ocrx_word' id='word_1_310' title='bbox 483 2474 509 2498; x_wconf 87' lang='lat' dir='ltr'><em>a</em></span> <span class='ocrx_word' id='word_1_311' title='bbox 535 2458 717 2514; x_wconf 79' lang='lat' dir='ltr'><em>patribus</em></span> <span class='ocrx_word' id='word_1_312' title='bbox 760 2468 970 2513; x_wconf 82' lang='lat' dir='ltr'><em>acceptum</em></span> <span class='ocrx_word' id='word_1_313' title='bbox 1010 2465 1126 2496; x_wconf 87' lang='lat' dir='ltr'><em>esset.</em></span> <span class='ocrx_word' id='word_1_314' title='bbox 1203 2456 1272 2495; x_wconf 87' lang='lat' dir='ltr'><em>Sic</em></span> <span class='ocrx_word' id='word_1_315' title='bbox 1306 2457 1527 2509; x_wconf 87' lang='lat' dir='ltr'><em>imperator</em></span> <span class='ocrx_word' id='word_1_316' title='bbox 1558 2452 1780 2492; x_wconf 76' lang='lat' dir='ltr'><em>navalibus·</em></span> 
     </span>
     <span class='ocr_line' id='line_1_43' title="bbox 329 2507 1769 2569; baseline -0.007 -16"><span class='ocrx_word' id='word_1_317' title='bbox 329 2516 457 2569; x_wconf 80' lang='lat' dir='ltr'><em>copiis</em></span> <span class='ocrx_word' id='word_1_318' title='bbox 486 2515 579 2554; x_wconf 87' lang='lat' dir='ltr'><em>inde</em></span> <span class='ocrx_word' id='word_1_319' title='bbox 607 2514 782 2553; x_wconf 88' lang='lat' dir='ltr'><em>reductis</em></span> <span class='ocrx_word' id='word_1_320' title='bbox 801 2543 812 2563; x_wconf 87' lang='lat'>‚</span> <span class='ocrx_word' id='word_1_321' title='bbox 841 2515 901 2552; x_wconf 83' lang='lat' dir='ltr'><em>ire</em></span> <span class='ocrx_word' id='word_1_322' title='bbox 936 2513 1096 2568; x_wconf 83' lang='lat' dir='ltr'><em>quidem</em></span> <span class='ocrx_word' id='word_1_323' title='bbox 1125 2510 1349 2562; x_wconf 84' lang='lat' dir='ltr'><em>Mitylenen</em></span> <span class='ocrx_word' id='word_1_324' title='bbox 1382 2510 1540 2549; x_wconf 82' lang='lat' dir='ltr'><em>voluit.-</em></span> <span class='ocrx_word' id='word_1_325' title='bbox 1576 2507 1648 2546; x_wconf 87' lang='lat' dir='ltr'><em>sed</em></span> <span class='ocrx_word' id='word_1_326' title='bbox 1667 2520 1769 2560; x_wconf 87' lang='lat' dir='ltr'><em>pro—</em></span> 
     </span>
     <span class='ocr_line' id='line_1_44' title="bbox 325 2561 1775 2625; baseline -0.006 -18"><span class='ocrx_word' id='word_1_327' title='bbox 325 2578 419 2625; x_wconf 86' lang='lat' dir='ltr'><em>pter</em></span> <span class='ocrx_word' id='word_1_328' title='bbox 444 2570 650 2608; x_wconf 82' lang='lat' dir='ltr'><em>tumultum</em></span> <span class='ocrx_word' id='word_1_329' title='bbox 685 2569 926 2620; x_wconf 84' lang='lat' dir='ltr'><em>Byzantium</em></span> <span class='ocrx_word' id='word_1_330' title='bbox 955 2578 994 2607; x_wconf 87' lang='lat' dir='ltr'><em>et</em></span> <span class='ocrx_word' id='word_1_331' title='bbox 1024 2566 1349 2619; x_wconf 73' lang='lat' dir='ltr'><em>defatigationem</em></span> <span class='ocrx_word' id='word_1_332' title='bbox 1380 2566 1574 2603; x_wconf 76' lang='lat' dir='ltr'><em>exercitus</em></span> <span class='ocrx_word' id='word_1_333' title='bbox 1605 2575 1660 2600; x_wconf 72' lang='lat' dir='ltr'><em>ex</em></span> <span class='ocrx_word' id='word_1_334' title='bbox 1675 2561 1775 2612; x_wconf 68' lang='lat' dir='ltr'><em>fri--</em></span> 
     </span>
     <span class='ocr_line' id='line_1_45' title="bbox 331 2620 1774 2678; baseline -0.008 -14"><span class='ocrx_word' id='word_1_335' title='bbox 331 2639 424 2677; x_wconf 82' lang='lat' dir='ltr'><em>gore</em></span> <span class='ocrx_word' id='word_1_336' title='bbox 452 2626 561 2663; x_wconf 84' lang='lat' dir='ltr'><em>male</em></span> <span class='ocrx_word' id='word_1_337' title='bbox 589 2622 729 2678; x_wconf 78' lang='lat' dir='ltr'><em>affecti</em></span> <span class='ocrx_word' id='word_1_338' title='bbox 743 2653 755 2670; x_wconf 88' lang='lat'>‚</span> <span class='ocrx_word' id='word_1_339' title='bbox 786 2624 1028 2675; x_wconf 78' lang='lat' dir='ltr'><em>Byzantium</em></span> <span class='ocrx_word' id='word_1_340' title='bbox 1053 2635 1138 2661; x_wconf 84' lang='lat' dir='ltr'><em>cum</em></span> <span class='ocrx_word' id='word_1_341' title='bbox 1161 2631 1244 2661; x_wconf 89' lang='lat' dir='ltr'><em>tota</em></span> <span class='ocrx_word' id='word_1_342' title='bbox 1273 2620 1398 2659; x_wconf 83' lang='lat' dir='ltr'><em>classe</em></span> <span class='ocrx_word' id='word_1_343' title='bbox 1430 2620 1560 2659; x_wconf 76' lang='lat' dir='ltr'><em>rediit.</em></span> <span class='ocrx_word' id='word_1_344' title='bbox 1589 2629 1774 2657; x_wconf 57' lang='grc' dir='ltr'>ΡΟΝΤΛΝ,</span> 
     </span>
    </p>

    <p class='ocr_par' dir='ltr' id='par_1_20' title="bbox 443 2674 1092 2732">
     <span class='ocr_line' id='line_1_46' title="bbox 443 2674 1092 2732; baseline -0.005 -14"><span class='ocrx_word' id='word_1_345' title='bbox 443 2681 543 2731; x_wconf 76' lang='lat' dir='ltr'><em>Pag.</em></span> <span class='ocrx_word' id='word_1_346' title='bbox 562 2678 713 2732; x_wconf 81' lang='grc'><strong>495,7.</strong></span> <span class='ocrx_word' id='word_1_347' title='bbox 742 2674 794 2725; x_wconf 72' lang='grc' dir='ltr'><em>ἃς</em></span> <span class='ocrx_word' id='word_1_348' title='bbox 823 2680 882 2716; x_wconf 94' lang='grc' dir='ltr'><em>Μ.</em></span> <span class='ocrx_word' id='word_1_349' title='bbox 916 2693 1092 2731; x_wconf 81' lang='lat' dir='ltr'><em>quoque.</em></span> 
     </span>
    </p>

    <p class='ocr_par' dir='ltr' id='par_1_21' title="bbox 443 2728 1324 2788">
     <span class='ocr_line' id='line_1_47' title="bbox 443 2728 1324 2788; baseline -0.003 -12"><span class='ocrx_word' id='word_1_350' title='bbox 443 2734 541 2788; x_wconf 73' lang='lat' dir='ltr'><em>Pag.</em></span> <span class='ocrx_word' id='word_1_351' title='bbox 560 2733 710 2788; x_wconf 83' lang='grc'><strong>495,8.</strong></span> <span class='ocrx_word' id='word_1_352' title='bbox 738 2728 950 2785; x_wconf 71' lang='grc' dir='ltr'><em>συνθήκας</em></span> <span class='ocrx_word' id='word_1_353' title='bbox 979 2731 1052 2773; x_wconf 80' lang='grc' dir='ltr'><em>καί</em></span> <span class='ocrx_word' id='word_1_354' title='bbox 1077 2732 1232 2786; x_wconf 81' lang='grc' dir='ltr'><em>παραβ.</em></span> <span class='ocrx_word' id='word_1_355' title='bbox 1266 2731 1324 2773; x_wconf 89' lang='grc' dir='ltr'><em>Μ.</em></span> 
     </span>
    </p>
   </div>
  </div>
 </body>
</html>
