1794 3158
0 0 1794 42 ,ῤ-

368 184 442 225 An
480 183 851 227 CANTAcUzml
898 186 996 228 Lm.
1037 188 1090 226 u.
1352 171 1467 245 479

31 286 243 343 qpostolica
264 285 480 327 traditione
503 292 731 326 manentem
752 285 884 326 denuo
905 293 1143 326 sanxerunt:
1174 300 1331 340 semper
1359 291 1466 330 enim

0 367 1 386 1
33 342 195 397 synodis
221 342 298 382 hoc
325 355 446 381 curae
467 341 544 381 fuit
559 371 572 390 ‚
601 355 676 393 ne,
714 347 761 380 ut
797 343 928 396 inquit
951 342 1186 382 Vincentius
1222 344 1465 396 Lirinensis,

0 392 1 403 ¹
29 397 186 454 aliquid
196 397 363 452 posteris
383 396 588 436 traderent
601 425 614 446 ,
641 396 751 450 quod
774 396 890 451 ipsae
915 409 946 436 a
972 397 1156 450 patribus
1183 411 1261 437 non
1289 401 1467 454 accepis-

26 462 135 502 sent,
164 461 277 508 utque
302 466 381 492 non
399 453 522 491 solum
549 451 593 491 in
618 453 818 505 praesenti
842 465 927 491 rem
961 452 1056 491 bene
1088 453 1336 508 disponerent
1349 483 1362 504 ,
1392 469 1477 493 ve-.

26 522 118 548 rum
139 509 261 547 etiam
284 516 376 562 post
393 507 550 558 futur-tls·
583 507 775 561 exempla
794 506 1049 561 praeberent,
1078 517 1120 547 uc
1152 517 1190 547 et
1219 509 1300 563 ipsi
1322 509 1469 549 scilicet

24 571 205 603 sacratae
226 563 429 602 vetustatis
455 562 650 616 dogmata
676 562 872 614 colerent,
904 562 1108 617 profanae
1144 577 1239 604 vero
1274 565 1466 605 novitatis

24 618 245 658 adinventa
265 618 520 658 damnarent.

133 673 321 712 Ceterum
352 672 546 712 hodierna
573 672 820 712 Graecorum
857 672 1106 713 consuetudo
1148 672 1262 714 fluxit
1288 688 1311 714 a
1344 687 1462 729 pseu-

23 727 248 782 dosynodo,
277 742 399 782 quam
427 728 570 767 Graeci
597 734 744 767 vocant
769 727 1024 781 πενθέκτην,
1049 729 1321 784 quz'niseoetam
1339 760 1351 782 ,
1385 746 1465 772 no-

22 784 132 823 mine
159 797 265 823 novo
295 790 335 823 et
360 790 601 835 monstroso,
621 789 668 822 ut
698 783 785 836 ipsa
813 783 1027 836 appellatio
1049 791 1274 824 monstrum
1301 787 1462 839 synodi,

23 852 107 879 non
135 838 334 893 synodum
379 837 556 878 indicet:
601 838 716 878 cuius
745 838 951 879 architecti
991 846 1031 878 et
1060 846 1243 879 auctores
1273 842 1385 881 carni
1419 843 1466 881 fi-

23 893 161 933 bulam
189 893 373 933 laxarunt
398 907 491 932 cum
514 895 759 947 sempiterno
777 895 970 934 Graeciae
993 894 1202 944 dedecore,
1231 894 1337 935 facta
1364 910 1465 936 con-

23 950 167 1002 iugatis
197 948 358 988 ordines
386 948 608 1001 accipiendi
633 956 674 989 et
704 950 892 1003 coniugio
932 950 1033 989 inito
1064 950 1184 989 etiam
1210 958 1299 1002 post
1326 953 1465 992 initia-

23 1005 175 1044 tionem
204 1003 344 1044 utendi
375 1010 588 1057 potestate,
617 1011 758 1045 contra
793 1011 855 1044 tot
881 1004 1133 1044 saeculorum
1165 1009 1466 1049 consensionem

26 1066 68 1099 et
90 1059 142 1098 ab
174 1058 364 1112 apostolis
390 1059 613 1099 derivatam
642 1059 986 1104 consuetudinem.
1056 1060 1261 1100 Nimirum
1291 1062 1362 1102 ubi
1392 1063 1465 1103 de·-

24 1116 166 1154 crescit
209 1116 361 1165 virtus,
403 1121 450 1154 ut
477 1121 576 1154 tunc
602 1114 722 1154 fiebat
751 1116 795 1154 in
822 1115 991 1154 Graecia
1013 1143 1027 1165 ,
1076 1129 1124 1154 eo
1158 1117 1299 1169 irrepit
1323 1131 1467 1158 venus.

22 1168 97 1210 Est
122 1174 256 1209 autem
283 1183 415 1209 canon
446 1169 787 1222 (decimustertius
812 1171 918 1209 inter
945 1168 1210 1221 Trullanos),
1237 1186 1358 1225 quem
1386 1173 1465 1215 hac

24 1225 76 1268 de
104 1239 148 1264 re
175 1224 442 1264 condiderunt
463 1253 479 1277 ‚
513 1225 657 1279 plenus
682 1225 840 1264 inscitia
865 1232 906 1264 et
932 1224 1165 1274 mendaciis,
1195 1234 1242 1266 ut
1269 1229 1466 1269 Baronius

41 1293 108 1320 use
137 1279 383 1320 demonstrat
410 1286 508 1320 tom.
528 1279 572 1320 8.
627 1280 671 1319 Si
694 1282 802 1320 enim
832 1279 924 1319 ideo
965 1281 1138 1320 ministri
1171 1282 1359 1323 ecclesiae
1390 1284 1465 1324 de-

23 1334 122 1376 bent
146 1349 232 1375 esse
268 1336 434 1385 mariti,
472 1336 569 1390 quia
609 1335 842 1375 honorabile
877 1335 1109 1375 connubium
1143 1337 1187 1376 in
1225 1339 1402 1379 omnibus
1427 1347 1468 1380 et

87 1405 155 1430 rus
183 1391 486 1430 immaculatus.-
532 1392 640 1439 item,
662 1392 771 1445 quia,
797 1390 905 1445 quod
926 1389 1036 1430 Deus
1064 1392 1287 1443 coniunx-it,
1315 1394 1366 1432 ab
1398 1395 1468 1434 ho-

65 1447 128 1486 ine
153 1459 232 1485 non
270 1455 328 1485 est
348 1446 634 1500 separandam.
691 1445 879 1499 Denique
899 1475 911 1496 ,
941 1446 1036 1499 quia
1063 1446 1283 1501 Apostolus
1310 1458 1463 1499 monet,

26 1509 72 1542 ut
97 1501 168 1557 qui
187 1515 355 1540 uxorem
385 1500 512 1548 habet,
545 1500 780 1540 solutionem
811 1515 892 1540 non
921 1511 1112 1556 quaerat:
1142 1516 1216 1542 cur
1247 1518 1329 1543 non
1359 1507 1468 1558 pati-

37 1563 150 1596 ⁴ntur
185 1555 308 1595 iidem
337 1555 524 1595 Trullani
568 1554 811 1608 legislatores
829 1586 843 1607 ,
879 1563 926 1595 ut
966 1558 1141 1611 episcopi
1183 1566 1253 1598 aut
1279 1560 1467 1600 monachi

52 1625 164 1651 xores
191 1613 419 1650 retineant?
473 1611 519 1652 Si
564 1610 666 1649 nihil
708 1613 751 1650 in
805 1625 936 1651 sacras
983 1612 1136 1652 litteras
1186 1617 1466 1664 committitur,

54 1666 186 1707 uando
223 1666 398 1719 episcopi
439 1673 479 1706 et
511 1665 700 1704 monachi
739 1679 762 1704 a
792 1667 1029 1719 coniugibus
1062 1670 1359 1722 seiunguntur‚
1393 1685 1468 1710 cur

67 1722 275 1775 crilegium
301 1721 378 1771 sit,
409 1722 443 1760 si
474 1721 607 1760 mariti
634 1735 659 1759 a
687 1722 809 1760 sacris
836 1722 1046 1762 ordinibus
1075 1723 1322 1776 repellantur
1343 1754 1356 1776 ‚
1397 1734 1470 1767 aut

45 1778 53 1786 '
83 1777 244 1817 admissi
273 1783 381 1824 sunt,
402 1790 427 1815 a
447 1776 691 1815 matrimonii
712 1790 790 1815 usu
823 1776 1024 1816 abstinere
1050 1778 1266 1818 iubeantur
1302 1787 1341 1819 et
1369 1795 1469 1833 poe-

53 1833 86 1872 is
113 1845 274 1886 quoque
301 1829 600 1882 ecclesiasticis,
646 1831 680 1870 si
706 1831 761 1870 ita
793 1833 1005 1871 necessitas
1032 1833 1162 1886 exigat
1178 1863 1191 1884 ,
1223 1835 1468 1888 compellan-

70 1902 91 1927 r
110 1891 129 1926 ’ἶ
158 1886 518 1927 verumenimvero
545 1884 832 1939 perpulchram
857 1887 1035 1940 profecto
1069 1887 1188 1927 huius
1224 1890 1369 1944 impuri
1399 1906 1470 1930 ca·-

53 1943 142 1983 onis
175 1949 215 1982 et
243 1942 366 1981 moris
401 1942 602 1982 rationem
640 1941 774 1980 reddit
806 1942 1028 1982 Hieremias
1064 1944 1319 1996 patriarcha:
1382 1946 1474 1987 Non

36 2001 42 2009 '
92 2012 248 2039 oramus
254 2026 267 2046 ,
308 1998 438 2050 inquit
456 2027 469 2048 ,
508 1996 765 2053 turpitudinis
806 1998 994 2050 germina
1030 1999 1159 2037 multa
1189 2001 1335 2055 suscipi
1371 2002 1477 2042 inter

70 2069 102 2104 s,
136 2055 209 2109 qui
227 2052 443 2092 sacerdotes
473 2066 617 2092 uxores
654 2052 838 2106 accipere
859 2053 1080 2106 prohibent.
1139 2054 1254 2102 Quae
1287 2057 1408 2107 ratio,
1438 2058 1473 2097 si

84 2109 122 2149 id
151 2108 259 2149 valet
283 2114 424 2148 contra
457 2107 698 2147 caelibatum
731 2108 1010 2158 sacerdotum,
1045 2108 1196 2148 valebit
1225 2112 1343 2150 etiam
1374 2125 1474 2151 con-

42 2177 87 2204 ra
105 2163 345 2204 caelibatum
371 2164 663 2215 episcoporum,
690 2162 979 2202 monachorum
997 2170 1037 2203 et
1065 2178 1222 2212 eorum,
1248 2167 1332 2219 qui,
1362 2181 1473 2207 mor-

0 2244 4 2251 «
45 2233 98 2260 ua
125 2233 264 2269 uxore,
293 2218 486 2259 caelibem
512 2219 635 2257 vitam
663 2231 780 2270 agere
810 2225 1011 2271 coguntur
1036 2218 1144 2272 apud
1176 2221 1363 2271 Graecos,
1387 2224 1474 2262 sive

47 2274 105 2315 'nt
134 2274 373 2324 sacerdotes,
389 2275 473 2313 sive
491 2273 666 2323 diaconi,
689 2274 774 2311 sive
795 2272 1042 2314 subdiaconi.
1100 2274 1169 2313 An
1197 2275 1261 2315 isti
1289 2290 1334 2316 ex
1353 2292 1474 2316 carne

50 2336 67 2368 t
106 2330 300 2383 sanguine
328 2343 409 2368 non
438 2335 532 2368 sunt
569 2329 868 2381 coagmentati?
922 2329 965 2367 Si
1011 2330 1076 2369 isti
1119 2331 1207 2370 sine
1242 2330 1474 2372 huiusmodi

0 2432 2 2436 y
69 2383 192 2425 aculis
219 2391 365 2423 castam
396 2383 670 2437 integramque
699 2383 821 2422 vitam
854 2384 987 2423 vivere
1011 2392 1188 2438 queunt,
1217 2400 1291 2426 cur
1320 2402 1402 2426 non
1431 2395 1472 2428 et

1 2469 3 2472 -
56 2439 101 2491 li,
130 2441 198 2493 qui
230 2453 366 2479 recens
392 2438 443 2477 ad
471 2438 699 2485 sacerdotis,
732 2437 891 2477 diaconi
926 2447 996 2478 aut
1030 2440 1264 2479 subdiaconi
1292 2442 1470 2481 officium

0 2523 3 2545 ἕ
48 2495 248 2535 ccedunt?
304 2493 369 2533 An
397 2507 479 2532 non
510 2500 550 2532 et
578 2493 656 2542 his,
691 2494 724 2532 si
755 2494 796 2531 in
838 2492 984 2548 flagitia
1021 2494 1239 2544 labantur,
1278 2496 1472 2537 adhibere

2 2579 6 2601 1
49 2552 121 2590 'cet
147 2563 193 2589 ea
222 2550 499 2596 medicamina,
538 2563 642 2602 quae
675 2550 897 2588 castitatem
941 2551 1127 2604 professis
1167 2549 1360 2591 adhibere
1399 2554 1473 2592 iste

51 2639 54 2658 Α,
71 2619 114 2644 se
140 2604 360 2644 Hieremias
386 2604 520 2652 refert,
555 2617 705 2656 nosque
736 2617 857 2657 supra
887 2605 1305 2645 commemoravimus.
1366 2606 1474 2662 Epi-

51 2691 65 2698 „
86 2674 187 2715 pum
213 2660 370 2698 nullam
397 2660 555 2698 omnino
589 2660 794 2697 mullerem
834 2660 981 2698 habere
1027 2669 1103 2699 aut
1136 2673 1226 2698 cum
1263 2674 1316 2699 ea
1354 2662 1474 2700 habi-

97 2729 117 2755 ε
145 2714 420 2761 concedimus,
451 2714 581 2767 inquit
608 2715 825 2766 imperator
867 2715 1110 2754 Iustinianus
1154 2714 1312 2754 Novell.
1353 2717 1473 2766 123.,

70 2770 102 2810 d
125 2771 162 2810 si
187 2768 233 2808 id
258 2769 391 2809 minus
413 2769 687 2817 comprobasse
715 2770 823 2808 visus
841 2770 982 2821 fuerit
995 2798 1007 2821 ,
1035 2770 1266 2823 episcopatu
1300 2770 1475 2811 deiicia-
