1794 3158
334 150 453 227 478
845 166 1257 210 ANNoTAnoNEs

334 272 548 325 coniugato
581 270 811 310 clericatum
833 271 1036 324 impertire
1053 272 1231 309 consueti
1252 300 1264 320 ,
1285 284 1376 310 mox
1395 268 1622 324 subiungit:
1657 270 1779 325 Quid,

327 327 495 382 facient
533 327 718 365 Orientis
747 326 978 373 ecclesiae,
1015 324 1122 379 quid
1145 325 1328 380 Aegypti
1358 333 1398 365 et
1426 325 1538 364 sedis
1567 327 1780 378 apostoli-A

334 396 411 423 cae
426 412 443 430 ,
471 395 579 437 quae
619 388 691 419 aut
719 380 902 432 virgines
928 381 1103 420 clericos
1128 382 1363 435 accipiunt,
1392 388 1468 420 aut
1492 381 1778 431 continentes,

335 446 413 478 aut
432 438 469 475 si
490 449 644 475 uxores
670 435 915 482 habuerint,
941 436 1090 474 mariti
1111 448 1197 475 esse
1222 434 1446 474 desierunt·
1502 434 1557 474 Et
1576 435 1627 474 ad
1647 435 1772 474 Pam-

332 491 563 531 machium:
596 489 824 544 Episcopi,
849 490 1108 544 presbyteri,
1149 487 1346 540 diaconi,
1377 497 1454 529 aut
1481 490 1666 541 virgines
1694 491 1774 529 eli-

328 556 513 598 guntur,
535 553 611 584 aut
635 543 785 592 vidui,
808 554 883 584 aut
911 553 1020 584 certe
1042 552 1135 599 post
1168 545 1445 585 sacerdotium
1468 545 1514 582 in
1554 553 1781 584 aeternum*

327 601 490 655 pudici.
547 601 716 639 Sanctus
759 600 1010 653 Epiphanius
1042 601 1196 639 haeresi
1237 602 1329 654 59.:
1373 597 1520 639 Adhuc
1561 600 1778 639 viventem-

331 665 372 695 et
403 657 554 695 liberos
575 657 806 707 gignentem
830 657 950 694 unius
974 657 1119 694 uxoris
1151 656 1289 694 virum
1315 654 1491 695 ecclesia
1522 668 1607 694 non
1635 656 1778 694 susci-

326 711 419 766 pit,
451 711 530 751 sed
554 725 669 757 eum,
713 711 787 764 qui
817 724 859 748 se
889 710 942 750 ab
991 724 1078 749 una
1108 709 1314 750 continuit
1333 738 1345 759 ‚
1374 716 1451 748 aut
1475 709 1521 747 in
1557 708 1777 749 viduitate

330 768 468 816 vixit,
497 765 722 804 diaconum
751 774 789 803 et
817 765 1099 816 presbyterum
1148 774 1187 804 et
1221 765 1456 820 episcopum
1493 773 1530 803 et
1559 762 1773 818 hrpodia-

329 835 500 860 conum:
536 822 722 860 maxime
757 819 824 857 uhi
849 820 1001 858 sinceri
1035 827 1131 859 sunt
1162 832 1342 859 canones
1373 819 1662 859 ecclesiastici.
1714 819 1772 859 At

329 876 444 915 dices
475 876 605 924 mihi,
637 876 682 913 in
707 873 959 928 quibusdam
986 875 1091 915 locis
1124 873 1266 913 adhuc
1287 873 1443 913 liberos
1477 875 1644 925 gignere
1674 887 1775 926 pre-

325 932 514 983 sbyteros
533 939 572 970 et
595 929 795 968 diaconos
823 937 863 968 et
889 929 1236 984 hypodiaconos:
1261 937 1310 968 at
1332 929 1408 968 hoc
1430 942 1516 968 non
1547 935 1608 967 est
1642 929 1777 968 iuxta-

325 1000 554 1036 canonem,
591 984 670 1024 sed
693 985 822 1026 iuxta
853 985 1066 1025 hominum
1101 992 1307 1033 mentem,
1347 996 1456 1038 quae
1493 996 1573 1038 per
1608 991 1779 1039 tempus,

323 1041 527 1094 elanguit.
1771 1055 1773 1059 ⁴

339 1105 341 1107 '
435 1098 612 1135 Nieaena
630 1093 843 1148 Synodus:
874 1088 1160 1148 Ἀπηγόρευσε
1193 1091 1380 1133 καθόλου
1417 1090 1445 1146 ἦ
1482 1088 1639 1145 μεγάλη
1669 1089 1773 1132 οὖν-ι

324 1150 423 1197 οδος
446 1147 549 1203 μήτε
579 1149 787 1204 ἑπισκόπῳ
805 1178 817 1198 ‚
853 1144 957 1200 μήτε
988 1149 1254 1203 πρεσβυτέρῳ
1274 1179 1285 1200 ,
1314 1144 1422 1201 μήτε
1449 1146 1650 1202 διακόνῳ,
1688 1147 1794 1200 issi-³}

321 1219 369 1246 τε
405 1201 511 1252 ὅλως
557 1204 641 1244 τῶν
679 1203 724 1244 ἐν
762 1203 819 1259 τῷ
863 1199 998 1258 κλήρῳ
1039 1203 1123 1243 τινί
1149 1203 1302 1250 ἐξεῖναι
1328 1202 1595 1243 συνείσακτον
1626 1198 1739 1254 ἔχειν
1754 1222 1776 1253 ,t

321 1258 431 1313 πλὴν
460 1254 488 1311 ἢ
517 1254 601 1314 ἄρα
622 1257 805 1311 μητέρα,
834 1252 862 1311 ἢ
887 1259 1034 1307 θείαν,
1075 1251 1101 1311 ἢ
1131 1253 1158 1297 ἃ
1184 1255 1294 1309 μόνα
1333 1255 1540 1311 πρόσωπα
1579 1254 1775 1309 ὑποψίαν

319 1313 558 1369 διαφεύγει.
613 1315 733 1354 Hunc
761 1328 958 1353 canonem
986 1315 1082 1352 citat
1110 1314 1351 1353 lastinianus
1382 1312 1542 1353 Novell.
1570 1313 1658 1352 123.
1684 1313 1773 1363 Qui‘v

320 1370 464 1410 Latine
477 1373 532 1410 sic
548 1370 732 1410 redditur
754 1384 779 1408 a
799 1369 1002 1408 Turriano
1019 1384 1030 1408 :
1062 1370 1277 1408 Proliibuit
1296 1371 1339 1408 in
1363 1370 1594 1407 universum
1614 1380 1772 1420 magnm

317 1427 493 1477 synodus
507 1455 519 1475 ,
541 1435 586 1464 ut
610 1436 738 1480 neque
766 1426 946 1479 episcopo
962 1453 973 1473 ‚
995 1438 1116 1478 neque
1140 1424 1367 1478 presbytero
1386 1453 1397 1473 ,
1419 1437 1546 1478 neque
1569 1423 1738 1463 diacono
1749 1442 1773 1471 ,ι

317 1492 444 1537 neque
473 1482 550 1520 ulli
567 1493 739 1535 prorsus
769 1480 909 1519 clerico
927 1479 1066 1518 liceret
1087 1479 1231 1518 habere
1259 1477 1526 1517 συνείσακτον
1538 1479 1773 1527 νηιιὶἰενειη,ῑ

316 1538 400 1575 nisi
417 1537 537 1588 fone
578 1544 746 1574 matrem
781 1544 851 1574 aut
879 1548 1052 1574 sororem
1094 1543 1164 1572 aut
1201 1542 1454 1572 materteram
1495 1541 1566 1572 aue
1595 1535 1775 1573 amitam.

316 1600 389 1630 aut
410 1605 492 1630 eas
518 1591 646 1630 solum
667 1603 888 1645 personas,
916 1602 1025 1645 quae
1043 1588 1098 1628 ab
1128 1589 1240 1627 omni
1271 1588 1494 1643 suspicione
1517 1589 1686 1629 alienae
1702 1602 1774 1628 esa

316 1655 418 1685 sent.
476 1646 653 1696 Quidam
678 1652 842 1685 vertunt
883 1643 984 1683 illud
1028 1644 1295 1683 συνείσακτον
1341 1652 1615 1694 extraneam‚·
1657 1658 1772 1683 non«

316 1700 419 1740 nulli
447 1700 781 1740 subintroductam
795 1715 809 1749 ,-
833 1699 902 1738 alii
931 1699 1226 1747 introductam5
1242 1698 1309 1737 alii
1326 1697 1589 1737 adscititiam.
1618 1698 1765 1737 Turri-

286 1775 288 1778 ’
315 1769 419 1795 anus
446 1755 662 1810 aliquando
690 1755 742 1794 ad
769 1755 941 1794 verbum
969 1754 1277 1793 cointroductam
1291 1768 1308 1802 ,·
1340 1754 1435 1792 item
1465 1751 1647 1792 absolute
1674 1766 1781 1792 mu-ss·

313 1811 474 1862 tier-em,
496 1819 536 1850 et
564 1809 729 1864 quidem
756 1823 1053 1863 quamcumque
1067 1839 1080 1859 ,
1101 1809 1271 1861 exceptis
1292 1809 1339 1847 iis
1355 1837 1367 1860 ,
1386 1821 1486 1861 quas
1503 1822 1631 1847 canon
1660 1809 1772 1847 excid

310 1867 388 1920 pit.
442 1865 686 1906 Antiocheni
717 1866 823 1905 enim
850 1866 1055 1920 (quorum
1080 1878 1221 1904 vocem
1249 1877 1378 1902 canon
1418 1863 1618 1902 Nicaenus
1644 1870 1774 1902 usur-t

311 1923 408 1976 pat)
439 1920 638 1975 quaslibet
668 1919 859 1960 mulieres
876 1949 888 1971 ,
925 1920 1009 1959 sive
1039 1933 1211 1967 uxores,
1241 1921 1325 1958 sive
1350 1932 1434 1957 non
1461 1932 1604 1958 uxores
1636 1918 1777 1958 liber&

315 1984 357 2018 et
387 1976 636 2017 familiariter
664 1989 746 2014 non
776 1977 861 2015 si'ne
890 1975 1112 2029 suspicione
1141 1973 1435 2013 consuetudinis
1472 1973 1634 2013 illicitae
1668 1976 1779 2014 cum'v'*

313 2032 415 2071 viris
440 2039 644 2074 versantes
671 2037 821 2071 vocant
863 2024 1161 2076 συνεισάκτους
1184 2057 1196 2079 ,
1233 2036 1277 2067 ut
1318 2043 1364 2067 ex
1405 2028 1581 2068 Eusebio
1622 2028 1694 2068 lib.
1748 2034 1777 2071 .ιῖ

312 2086 455 2130 histor.
488 2086 705 2127 ecclesiast.
734 2100 821 2139 cap.
850 2084 918 2137 24.
947 2084 1097 2138 liquet,
1142 2097 1245 2137 quae
1271 2084 1365 2122 inde
1394 2083 1472 2123 hoc
1506 2098 1653 2123 nomen
1686 2044 1744 2123 ati
1771 2087 1774 2088 ⁷

313 2149 429 2195 eptae
457 2143 666 2191 videntur,
699 2141 809 2195 quod
839 2140 880 2180 in
908 2140 1051 2180 eodem
1086 2139 1267 2179 conclavi
1302 2145 1374 2178 aut
1407 2138 1507 2178 cella
1538 2153 1630 2177 cum
1660 2139 1738 2178 viri
1768 2176 1771 2178 .

312 2204 553 2248 versentur,
592 2211 691 2251 quas
727 2195 904 2251 synodus
944 2195 1162 2248 Ancyrana
1198 2195 1379 2232 nominat
1423 2191 1770 2245 συνερχομὲνιιις,’Δ

312 2251 392 2292 hoc
428 2259 489 2291 est
527 2252 816 2304 congredientes
834 2281 846 2298 ,
888 2250 1115 2290 cuiusmodi
1161 2256 1280 2299 sunt,
1319 2249 1465 2302 quibus
1503 2249 1772 2289 ministranda

313 2308 442 2360 gratia
479 2307 635 2360 ingredi
672 2306 787 2357 licet,
827 2319 1082 2359 quocumque
1120 2304 1304 2343 dominus
1335 2304 1477 2342 domus
1506 2304 1775 2356 ingreditur,

311 2370 354 2402 et
382 2376 475 2402 cum
502 2375 549 2400 eo
580 2361 699 2401 simul
729 2363 788 2401 ire
815 2376 889 2414 per
916 2375 1035 2400 omne
1065 2358 1252 2399 conclave
1282 2359 1436 2400 domus
1466 2359 1631 2398 Frustra
1659 2373 1726 2413 erg
1763 2370 1767 2411 ᾗ

310 2424 372 2457 est
403 2431 496 2456 cum
525 2430 597 2456 sua
630 2415 892 2470 explicatione
918 2415 1129 2455 Balsamon
1148 2444 1160 2465 ‚
1205 2414 1273 2468 qui
1312 2414 1352 2452 in
1391 2413 1552 2452 scholiis
1591 2415 1643 2453 ad
1670 2422 1733 2453 ter
1756 2411 1773 2444 ’τ’

309 2473 416 2511 tium
447 2485 643 2512 canonem
678 2471 897 2511 Nicaenum
946 2466 1240 2517 συνεισάκτους
1277 2476 1436 2508 tantum
1470 2470 1676 2522 restringit
1702 2483 1724 2508 a
1752 2481 1756 2503 ἑ

309 2527 497 2566 mulieres
524 2541 606 2567 non
633 2540 774 2566 uxores
797 2556 809 2576 ,
837 2539 929 2565 cum
951 2539 1082 2565 canon
1113 2525 1298 2577 loquatur
1323 2524 1373 2563 de
1402 2524 1600 2565 omnibus.
1628 2524 1754 2564 Plur
1792 2523 1794 2529 ’

309 2581 553 2622 Turrianus.
608 2582 719 2620 Idem
761 2581 812 2620 de
846 2581 1045 2620 caelibatu
1076 2582 1350 2619 ministrorum
1387 2579 1575 2619 ecclesiae
1611 2579 1749 2618 decre*
1787 2596 1790 2621 J

308 2643 397 2675 tum
410 2651 578 2690 quoque
600 2644 660 2676 est
680 2638 720 2675 in
752 2636 838 2675 aliis
859 2636 1021 2690 synodis
1035 2666 1047 2686 ‚
1075 2643 1121 2675 ut
1144 2637 1184 2674 in
1206 2634 1478 2681 Eliberitana,
1508 2633 1755 2673 Arelatensi

309 2691 557 2744 Agathensi,
585 2692 815 2732 Turonensi
859 2692 990 2744 prima
1030 2698 1071 2729 et
1110 2690 1282 2730 secunda
1335 2697 1437 2739 etc.,
1480 2702 1586 2742 quae
1613 2702 1743 2728 omne
1774 2693 1776 2739 ξ

309 2746 453 2800 synodi
498 2761 580 2787 non
630 2760 791 2804 novum„
823 2758 979 2787 morem
1017 2745 1348 2795 introduxerunt,
1392 2743 1462 2784 scd
1495 2751 1672 2786 veterem
