1794 3158
355 150 429 192 An
469 149 837 193 cmActhmi
875 152 973 197 ma
1013 155 1068 195 11.
1314 137 1430 211 499

0 248 226 292 'bliothecae
253 251 528 292 Gesnerianae.
583 251 739 292 Prodiit
774 267 854 292 non
893 252 948 292 ita
981 252 1135 306 pridem
1173 254 1338 295 Parisiis
1367 255 1429 296 lo-

0 307 144 359 gistica
185 308 269 345 eius
308 320 374 345 sex
413 306 525 360 libris
567 308 851 360 comprehensa
889 309 1100 361 interprete
1139 310 1312 363 quodam
1344 314 1427 350 An-

4 359 86 413 glo.
143 362 188 400 In
217 362 451 400 Latinorum
478 361 640 400 ecclesia
671 363 890 402 orthodoxe
931 364 1118 403 educatus
1140 394 1152 415 ,
1194 367 1351 404 transiit
1378 367 1428 406 ad

4 414 175 455 schisma
208 417 468 466 Graecorum,
495 431 565 456 seu
594 431 690 456 vero
717 431 785 456 seu
815 418 1001 458 simulato
1029 421 1182 466 animo,
1227 427 1326 460 teste
1354 436 1430 460 no-

2 476 86 513 stro
117 471 390 510 Cantacuzeno
434 478 473 510 et
516 471 730 511 Philotheo
757 473 983 525 patriarcha
1020 475 1429 528 Constantinopolita-

3 537 80 574 no,
113 527 256 578 passim
287 527 328 565 in
359 526 471 565 libris
489 556 500 577 ,
539 541 639 580 quos
666 534 804 566 contra
831 528 1102 580 Nicephorum
1134 531 1350 582 Gregoram
1380 532 1430 571 de

2 577 156 630 iumine
186 581 391 620 Thaborio
431 582 559 634 deque
605 581 856 621 distinctione
903 585 1091 623 essentiae
1123 591 1162 624 et
1191 587 1431 638 operationis

0 634 162 681 ‘divinae
189 637 360 689 scripsit,
389 637 556 675 maxime
592 635 663 675 lib.
697 650 756 679 12.
814 638 949 688 Quare
978 639 1029 677 ab
1056 639 1140 688 his,
1182 642 1250 692 qui
1279 641 1429 680 catalo-

0 703 72 753 'sgos
100 693 337 743 scriptorum
374 692 614 741 ediderunt,
650 691 877 731 referuntur
912 693 1109 731 Barlaami
1144 708 1343 735 sermones
1382 697 1432 736 de

0 748 251 798 'processione
277 748 400 785 sancti
439 747 635 798 Spiritus,
679 749 934 801 primatuque
959 748 1154 800 pontificis
1186 758 1325 789 contra
1353 752 1432 790 La-

0 767 120 848 imos,
149 815 265 854 quos,
295 809 340 840 ut
367 802 533 855 gratiam
561 815 583 840 a
606 802 766 841 Graecis
792 805 926 851 iniret,
956 803 1181 857 evulgavit,
1220 805 1433 845 Thessalo-

33 857 131 895 ‘cam
163 858 292 908 primo
320 871 365 896 ex
399 855 512 895 ltalia
538 856 717 896 delatus:
752 857 823 897 ubi
862 872 955 897 cum
991 865 1245 910 versaretur,
1274 860 1316 898 in
1342 875 1432 900 mo-

32 911 223 950 achon-um
252 913 585 951 Graecanicorum
611 914 734 951 vitam
764 920 802 951 et
829 913 1052 952 doctrinam
1084 915 1276 953 curiosius
1299 916 1434 968 inqui-

26 966 126 1005 'vitt
158 966 199 1004 in
227 981 305 1019 qua
338 981 430 1005 cum
463 966 587 1005 multa
626 969 839 1020 reperiret,
879 983 981 1021 quae
1018 969 1223 1021 probanda
1258 976 1298 1008 et
1332 970 1434 1009 tole-

25 1021 128 1060 anda
156 1035 238 1060 non
276 1022 534 1071 viderentur,
563 1021 757 1075 *linguam
795 1022 953 1076 publice
992 1025 1033 1062 in
1074 1023 1233 1062 circulis
1271 1030 1311 1063 et
1338 1039 1434 1064 con-

25 1076 198 1126 entibus,
225 1076 500 1129 calamumque
531 1078 573 1114 in
599 1079 762 1117 Musaeo
798 1078 987 1117 adversus
1014 1077 1230 1118 monachos
1258 1093 1434 1120 exserere

28 1134 207 1185 oepit,et
234 1146 314 1171 non
346 1132 464 1185 longo
478 1139 656 1184 tempore
683 1135 817 1172 omnia
846 1134 939 1172 rixis
959 1141 998 1172 et
1027 1132 1264 1172 tumultibus
1292 1135 1434 1188 imple-

31 1188 62 1225 it
106 1189 359 1240 Graecosque
401 1187 578 1240 exemplo
608 1202 680 1226 suo
709 1188 846 1227 docuit
865 1218 875 1235 ,
916 1189 1139 1242 transfugas
1166 1196 1205 1227 et
1236 1197 1435 1242 apostatas

30 1239 239 1295 lerumque
267 1243 404 1282 turbas
428 1245 531 1282 ciere
558 1244 678 1281 etiam
716 1243 824 1295 apud
852 1243 965 1293 illos,
1006 1243 1057 1282 ad
1089 1257 1188 1296 quos
1215 1245 1433 1298 transfugi-

20 1343 23 1346 ,
58 1304 90 1349 t,
120 1311 193 1336 nec
219 1297 445 1336 consultum
475 1311 573 1346 esse,
603 1305 648 1335 ut
674 1298 800 1336 cuivis
829 1297 932 1336 fores
962 1312 1115 1351 semper
1142 1305 1322 1350 pateant.

111 1351 261 1391 Utrum
287 1360 437 1401 autem,
467 1351 574 1405 quod
595 1352 646 1390 ad
676 1366 803 1390 mores
831 1360 870 1391 et
896 1355 1021 1391 vitam
1051 1354 1217 1403 attinet,
1250 1351 1435 1393 Barlaam

44 1407 208 1447 onachis
242 1407 316 1447 illis
347 1409 534 1446 iniuriam
560 1406 712 1457 fecerit,
744 1407 784 1446 id
804 1407 1077 1447 Cantaeuzeno
1105 1408 1215 1446 dictu
1242 1422 1436 1461 perquam

19 1463 117 1502 acile
143 1470 214 1512 est,
241 1470 287 1501 ut
313 1470 353 1505 et
381 1461 617 1510 Philothe0‚
649 1463 718 1515 qui
746 1462 965 1502 monachos
994 1462 1083 1502 illos
1113 1462 1264 1516 prolixa
1297 1463 1436 1516 apolo-

30 1519 66 1557 ‘a
93 1525 256 1569 tuetur,
298 1526 339 1558 at
369 1531 450 1556 non
479 1530 603 1570 aeque
631 1517 743 1556 aliis:
784 1532 864 1571 qua
892 1519 998 1556 enim
1038 1519 1144 1557 vitae
1173 1519 1434 1558 sanctimonia

26 1575 235 1613 nituissent
269 1573 345 1622 illi,
389 1573 458 1625 qui
502 1572 721 1625 pernicioso
759 1573 970 1612 schismate
1012 1573 1064 1612 ab
1098 1572 1288 1621 ecclesia,
1334 1587 1430 1622 una,

23 1636 162 1679 ancta,
202 1628 396 1667 catholica
441 1635 479 1666 et
507 1626 719 1680 apostolica
761 1627 939 1667 abiuncti
979 1635 1019 1667 et
1054 1629 1246 1681 segregati
1282 1636 1395 1667 erant
1415 1632 1434 1667 ¹?

43 1683 125 1723 ulla
157 1685 341 1722 sanctitas
369 1690 477 1721 extra
505 1682 708 1721 ecclesiam
735 1690 927 1733 sanctam,
956 1690 1026 1721 aut
1057 1684 1089 1722 si
1117 1697 1218 1736 quae
1235 1689 1310 1733 est,
1338 1697 1434 1722 vera

30 1753 83 1778 on
115 1746 188 1788 est,
221 1739 350 1777 fucata
379 1745 450 1776 est.
506 1738 551 1776 In
581 1751 683 1790 quae
710 1737 807 1777 vitia
850 1751 931 1776 non
959 1738 1238 1790 praecipitetur
1271 1738 1321 1786 is,
1364 1739 1434 1790 qui

25 1795 175 1833 aritatis
205 1801 243 1832 et
271 1793 506 1832 concordiae
534 1806 696 1845 expers,
734 1806 805 1844 per
842 1793 932 1831 avia
962 1798 1001 1831 et
1037 1792 1145 1831 invia
1173 1791 1433 1831 schismatum

31 1857 186 1903 agatur,
212 1848 349 1889 relicta
380 1847 449 1886 illa
475 1847 593 1901 plana
614 1878 626 1899 ,
668 1849 760 1886 trita
801 1854 840 1886 et
868 1846 975 1900 regia
1006 1846 1221 1886 catholicae
1248 1847 1435 1886 ecclesiae

31 1905 100 1944 ia?
156 1904 313 1955 Quibus
350 1903 590 1942 daemonum
630 1902 813 1941 ludibriis
842 1909 881 1940 et
922 1901 1075 1941 insidiis
1116 1903 1313 1956 expositus
1353 1916 1435 1942 non

24 1961 54 1999 it
80 1957 162 2010 ille,
191 1973 309 2012 quem
337 1960 470 1998 unitas
501 1972 591 1998 cum
620 1971 788 2010 corpore
813 1957 983 2005 Christi,
1024 1957 1134 2010 quod
1174 1964 1232 1996 est
1259 1956 1433 2006 ecclesia,

60 2028 84 2054 n
114 2017 244 2053 munit
265 2022 304 2054 et
335 2015 518 2067 protegit,
560 2014 624 2052 cui
653 2013 832 2052 Christus
860 2026 941 2051 non
979 2018 1038 2051 est
1071 2019 1217 2065 caput,
1257 2018 1298 2050 et
1323 2012 1434 2064 quod

36 2071 99 2109 'nc
124 2071 403 2123 consequitur,
441 2083 514 2108 nec
541 2075 719 2108 tutamen
741 2097 752 2117 ‚
797 2068 1028 2121 praesertim
1063 2068 1096 2106 si
1135 2067 1187 2106 ad
1215 2066 1436 2106 schismatis

28 2125 154 2164 rimen
181 2125 342 2164 accedat
367 2124 666 2177 disciplinarum
694 2123 922 2162 divinarum
961 2130 1000 2162 et
1026 2122 1293 2161 humanarum
1322 2122 1435 2174 igno—

52 2182 159 2228 ntia,
199 2194 302 2233 quae
332 2181 575 2220 monasticen
607 2179 650 2217 in
690 2179 856 2218 Graecia
892 2177 1011 2230 longe
1048 2177 1204 2231 lateque
1229 2177 1304 2215 hoc
1332 2183 1437 2215 tem-

58 2249 100 2274 re
127 2242 339 2288 occuparat
356 2250 368 2274 e
396 2235 458 2274 his
486 2236 591 2274 enim
608 2263 620 2285 ,
665 2234 696 2273 si
723 2233 841 2272 simul
867 2239 1134 2282 concurrant,
1172 2245 1283 2271 mens
1311 2232 1437 2272 cuivis

47 2290 262 2330 dificationi
289 2289 431 2329 habilis
458 2290 653 2329 redditur.
711 2289 804 2339 Quo
832 2288 1005 2337 factum,
1035 2295 1079 2327 ut
1113 2294 1153 2326 et
1180 2288 1245 2327 isti
1274 2283 1436 2338 ἥσυχα-

32 2342 104 2385 ταί
145 2359 213 2384 seu
255 2346 498 2398 quiescentes
551 2342 756 2397 (ἡσυχίαν
798 2351 932 2383 autem
983 2342 1193 2397 perfectius
1232 2341 1437 2394 quoddam

48 2402 247 2440 onasticae
274 2401 379 2439 vitae
409 2414 531 2452 genus
564 2399 799 2451 censebant)
839 2413 932 2439 cum
969 2405 1039 2438 aut
1074 2399 1250 2437 suaviter
1284 2396 1437 2434 dormi-

49 2463 94 2495 nt
121 2463 190 2495 aut
217 2455 479 2494 dormitarent
515 2461 584 2494 aut
613 2454 885 2506 somniarent,
916 2453 1076 2493 coelesti
1107 2451 1281 2505 quodam
1310 2457 1349 2488 ct
1373 2450 1436 2488 di-

35 2510 101 2549 ino
132 2511 303 2563 ipsisque
330 2511 528 2564 corporeis
560 2509 684 2549 oculis
722 2511 935 2563 conspicuo
975 2507 1126 2547 lumine
1155 2520 1236 2545 sese
1267 2506 1438 2544 circum-

25 2565 120 2604 'ndi
158 2567 394 2605 crederent:
434 2565 574 2618 angelo
602 2572 760 2605 satanae
799 2567 839 2604 in
884 2563 1070 2618 angelum
1110 2561 1209 2600 lucis
1237 2574 1278 2600 se
1306 2567 1437 2598 traus-

26 2621 227 2668 ‘rmante,
272 2621 390 2674 plane
417 2621 749 2660 Massalianorum
785 2620 865 2659 ritu
899 2628 938 2658 et
967 2619 1176 2665 institut03
1214 2629 1294 2655 non
1331 2616 1438 2653 enim

61 2675 144 2715 ucis
173 2674 428 2728 quibusdam,
462 2676 530 2715 sed
558 2675 745 2715 omnibus
772 2676 812 2714 in
842 2675 917 2714 hoc
945 2675 1048 2712 vitae
1077 2685 1219 2723 genere
1249 2672 1437 2710 exercita·

30 2731 38 2738 ⁰
61 2752 63 2754 ·
88 2731 128 2770 id
157 2731 316 2770 evenire
352 2731 576 2772 tradebant.
631 2731 752 2783 Quod
791 2729 999 2769 Barlaamo
1040 2725 1251 2780 plusquam
1291 2726 1437 2765 mirum
