1794 3158
418 153 493 195 An
535 152 906 196 CANTAcUzssm
943 153 1118 196 11111.
1363 138 1479 206 433

120 255 373 309 ·Pag.213·,
405 255 467 297 16.
509 257 598 311 qui
638 257 836 296 verbis
885 256 1175 296 dumtaxat
1215 262 1476 311 peccavit.

37 311 184 352 Nonne
211 310 332 365 paulo
353 318 445 351 ante
477 311 650 364 dicebat,
678 327 750 352 suo
778 325 942 365 quoque
959 312 1107 352 iudicio
1135 313 1385 365 puniendum
1414 317 1478 355 vi-

38 366 166 405 deri?
220 368 374 406 Verum
406 367 463 406 ibi
491 381 538 406 ex
565 368 715 407 iustitia
742 366 904 407 locutus
932 374 991 406 est
1011 396 1023 418 ‚
1063 381 1166 420 quae
1207 369 1327 407 etiam
1355 370 1481 411 verba

39 420 146 460 mala
165 423 306 475 punit:
345 421 410 461 hic
444 430 609 471 autem,
655 422 751 460 dum
779 429 899 474 negat
929 422 1190 462 defectionem
1225 423 1476 474 meditatum,

36 479 221 530 quamvis
249 477 384 529 lingua
414 478 653 530 peccaverit,
682 477 771 516 vult
799 476 911 515 illum
936 477 1056 516 rebus
1083 479 1180 530 ipsis
1205 492 1376 532 poenam
1395 494 1479 520 non

37 533 259 595 suscipere,
298 533 392 584 quia
419 546 463 571 1e
490 547 571 571 non
601 532 858 586 peccaverit,
890 539 930 571 et
958 532 999 572 id
1027 534 1173 585 ipsum,
1206 533 1313 587 quod
1344 536 1479 576 verbis

34 587 264 639 commisit,
302 588 586 641 ignoscendum
624 594 756 627 censet
776 616 788 639 ‚
826 561 956 627 o'fficio
1002 587 1235 628 clementiae
1281 589 1477 645 fungitur.

41 654 213 681 PONTAN.

149 695 418 750 Pag.214,2.
445 697 647 737 domino
676 696 839 736 licere
861 697 1057 748 facere
1093 697 1231 753 quod
1254 699 1345 739 lib.
1395 700 1479 741 Us-

36 765 116 804 que
144 752 196 791 ad
223 767 310 792 aras
337 759 482 793 tamen.
538 752 643 791 Nam
669 750 771 791 illud
797 753 1023 805 impudicae
1050 766 1245 793 novercae
1272 755 1324 794 ad
1347 754 1476 796 Cara-

38 806 180 846 cauam
208 821 288 847 non
309 814 368 846 est
394 821 562 848 verum.
592 807 642 846 Si
663 808 769 858 libet,
788 809 892 847 licet.
948 807 1018 847 An
1043 810 1177 855 neseis,
1199 817 1237 848 te
1262 810 1478 864 imperato-

36 874 121 900 rem
151 876 231 901 esse
262 872 302 902 et
328 863 430 914 leges
470 876 550 902 non
583 863 760 916 accipere
774 893 786 910 ‚
837 862 910 901 sed
948 863 1082 902 dare?
1135 863 1191 902 Et
1218 865 1250 902 si
1279 867 1369 918 quis
1400 874 1477 914 est,

35 918 102 955 cui
129 916 189 956 fas
215 918 266 957 sit
305 917 466 963 dicere,
514 918 652 957 omnia
691 919 789 956 mila·
818 918 966 969 li,cent
1005 919 1038 956 is
1068 919 1296 958 meminerit
1323 933 1480 973 semper

33 973 136 1019 eius,
165 973 273 1025 quod
299 972 558 1026 adiungitur.
584 972 660 1011 sed
687 986 767 1012 ηοη
798 974 935 1013 omnia
961 972 1190 1027 expediunt.
1248 974 1445 1015 Nicetas
1435 991 1481 1016 m.

34 1025 187 1068 loanne
213 1029 375 1067 Batatze
412 1029 662 1080 imperatore,
698 1028 768 1066 ubi
797 1029 979 1067 narravit
1003 1027 1208 1081 sacrilegia
1237 1036 1278 1068 et
1303 1029 1479 1071 nefanda

33 1082 120 1122 eius
146 1081 310 1135 seelera,
339 1082 436 1122 haec
473 1082 658 1121 subiicit:
689 1082 750 1121 Et
769 1084 949 1135 gravzcer
967 1084 1210 1122 succensebat
1229 1085 1292 1132 iis,
1324 1099 1352 1123 a
1381 1086 1479 1141 qui—

35 1135 104 1175 bus
131 1139 372 1186 monebatur,
397 1152 445 1177 ea
458 1139 585 1189 sacta
614 1151 693 1176 non
717 1136 907 1192 eoep'edzh
928 1138 1110 1188 religioso
1136 1139 1382 1193 imperatori,
1407 1142 1479 1193 qui

26 1201 216 1246 pzetaoem
246 1207 274 1232 a
309 1193 521 1232 maiorzhus
549 1193 776 1246 accepisset,
809 1207 880 1232 nec
906 1193 1025 1231 allud
1050 1207 1129 1232 esse
1157 1207 1281 1248 quam
1313 1196 1479 1233 sacrile-

28 1260 168 1298 gzum‚·
199 1262 339 1303 eosque
367 1256 410 1287 ut
440 1261 531 1287 man
534 1249 642 1299 feste
668 1248 818 1287 deliros
844 1255 884 1287 et
911 1249 1117 1287 honestatis
1139 1249 1298 1299 ignaros
1334 1264 1479 1303 angue·-

30 1302 108 1341 bat.
165 1303 303 1342 Licere
337 1305 441 1342 enim
470 1303 767 1358 imperatoribus
797 1303 968 1352 omnia,
996 1310 1036 1340 et
1065 1303 1170 1341 inter.
1190 1303 1322 1343 Deum
1344 1314 1385 1343 ec
1409 1318 1478 1344 re·-

28 1370 134 1408 gem,
163 1358 273 1413 quod
301 1358 360 1396 ad
387 1367 634 1398 terrenarum
665 1371 795 1396 rerum
819 1357 1138 1421 gubernationem
1167 1359 1362 1409 attineret,
1394 1371 1477 1399 non

26 1425 124 1451 eam
151 1427 230 1452 esse
266 1414 589 1467 repugnantiam,
627 1427 728 1468 quae
771 1413 875 1452 inter
898 1413 1138 1465 negaclonem
1167 1421 1207 1452 et
1234 1409 1476 1467 affirmata)-

33 1480 150 1518 nem,
180 1468 449 1509 contendebat.
482 1481 659 1507 Pomm.

134 1524 238 1587 Bag:
256 1522 407 1574 ²144·
443 1524 491 1561 si
518 1522 736 1562 videret
767 1521 947 1562 deesse
976 1521 1182 1574 facult.
1238 1522 1474 1565 Librarium

27 1575 129 1629 fflgit
160 1579 287 1626 ratio,
315 1585 361 1617 ut
388 1585 515 1641 puto
548 1591 641 1616 cum
668 1579 723 1617 ita
751 1579 939 1630 smipsit:
980 1575 1063 1629 είγε
1105 1576 1230 1616 ἐνδεᾶ
1270 1578 1343 1630 τῆς
1368 1579 1473 1629 βου-

27 1630 187 1684 λήσεως
228 1628 344 1683 ἐώρα
381 1630 457 1683 τὴν
499 1628 678 1682 δύναμιν
718 1631 974 1696 κεκτημένον,
1048 1632 1115 1672 Sic
1157 1634 1265 1671 enim
1305 1633 1472 1695 debuit,

28 1695 185 1728 mutato
221 1687 438 1727 verborum
484 1687 647 1727 ordine:
700 1683 784 1737 εἴγε
821 1685 947 1726 ἐνδεᾶ
984 1685 1056 1739 τῆς
1098 1682 1317 1736 δυναμεως
1354 1682 1471 1741 ἑώοα

26 1738 100 1794 τὴν
133 1740 334 1795 βούλησιν
365 1741 622 1793 κεκτημένον.
683 1741 897 1792 Quomodo
925 1742 1033 1780 enim
1063 1742 1218 1780 iuvaret
1247 1756 1366 1781 avum
1398 1757 1471 1781 nea

27 1810 101 1850 pos
119 1826 133 1846 ,
183 1799 216 1837 si
255 1797 323 1837 ille
365 1796 572 1837 voluntate
610 1796 803 1850 puniendi
848 1797 1139 1849 protovestiarii
1167 1801 1355 1836 careret?
1413 1798 1470 1837 Et

25 1865 149 1906 supra
179 1852 386 1906 requisivit
413 1866 531 1905 opem
558 1853 736 1905 nepotis,
773 1865 865 1890 cum
893 1851 1073 1901 diceret,
1107 1860 1149 1890 ut
1168 1853 1326 1905 pariter
1353 1853 1470 1892 sciret

46 1915 63 1946 c
84 1922 126 1946 se
153 1909 212 1948 ad
232 1922 318 1947 eum
348 1907 721 1961 (protovestiaiium
749 1909 873 1969 puta)
903 1907 1218 1970 compescendum
1238 1906 1466 1959 adiuvaret,

54 1961 156 2001 bic*
126 1964 278 2003 Graece
306 1970 398 2012 est,
430 1976 499 2002 και
526 1956 929 2011 συνεπιλαμβάνοιτο
956 1957 1063 2013 πρὸς
1089 1957 1134 2000 ’τὸ
1165 1956 1297 2011 ἔργον.
1357 1962 1467 2001 Con—

25 2019 136 2057 venit
155 2020 274 2059 etiam
304 2026 439 2058 nostra
467 2018 691 2058 emendatio
729 2030 821 2055 cum
857 2016 1138 2069 sequentibus.
1186 2015 1327 2066 Nunc,
1368 2017 1467 2072 quia

123 2087 271 2130 cunque
295 2075 438 2124 vellet,
468 2082 673 2137 praestare
692 2080 823 2127 posset
839 2078 913 2111 etc.
943 2085 1116 2111 tonus.

133 2127 237 2183 Pag.
256 2128 404 2180 214‚5.
438 2126 616 2168 δυνατόν
645 2129 702 2191 Μ.

132 2182 236 2238 Pag.
254 2183 346 2231 215,
371 2198 431 2226 10.
460 2176 558 2222 οὔτε
565 2178 829 2247 πράγματι
834 2181 935 2222 adde
962 2187 1055 2220 ante
1083 2172 1179 2220 ου’τε
1208 2179 1314 2236 λόγῳ
1341 2181 1461 2222 exM.

132 2238 438 2292 Pag.215,12.
466 2252 523 2284 ως
554 2232 607 2277 ἀν
642 2238 829 2301 φανεροῦ
851 2239 906 2280 Μ.
929 2243 1046 2276 recte.

130 2293 240 2347 Pag.
255 2296 350 2341 215,
378 2295 441 2334 13
469 2287 815 2360 καταπτηξάντων
843 2291 928 2345 lege
958 2306 1051 2331 cum
1079 2291 1138 2335 M.

131 2349 630 2411 Pag.215‚14.ssamaec
650 2346 728 2397 μὲν
760 2340 835 2387 ουν
863 2349 924 2387 Μ.
955 2354 1074 2390 recte.

132 2403 351 2457 Pag.215‚
371 2404 432 2443 16.
467 2398 686 2466 ἑνδεκάτης
712 2403 770 2443 Μ
801 2415 880 2456 mg.

131 2457 344 2512 Pag.215,
365 2459 423 2500 18.
451 2453 557 2509 πρὸς
586 2452 660 2496 τὸν
687 2454 867 2506 πόλεμον
896 2458 957 2497 M.

125 2514 229 2566 Pag.
247 2514 343 2561 215,
360 2516 429 2554 23.
474 2508 658 2557 σπονδὰς
696 2513 770 2550 καί
802 2509 902 2558 τοὺς
946 2505 1110 2565 ὅρκους.
1165 2511 1269 2550 Cum
1301 2510 1460 2551 foedere

64 2582 136 2622 epe
166 2570 295 2623 iungit
323 2564 453 2622 ὅρκος.
511 2566 589 2606 Sed
619 2568 714 2620 quia
757 2567 896 2606 foedus
924 2568 1009 2607 sine
1046 2569 1270 2606 imamento
1301 2567 1459 2605 nullum

61 2631 106 2671 t,
138 2630 208 2662 aut
239 2638 304 2663 cen
307 2631 344 2665 te
374 2624 592 2677 penfectum
620 2636 698 2660 non
729 2630 816 2671 cst,
846 2637 927 2661 non
954 2623 1083 2661 habeo
1111 2635 1268 2661 necesse
1305 2635 1459 2674 semper

23 2693 157 2719 vocem
187 2688 450 2719 zur-amentum
484 2678 663 2723 addere,
710 2678 864 2730 quoties
892 2692 1035 2716 nomen
1068 2676 1236 2715 foedenis
1266 2678 1456 2725 occurrit,

34 2741 65 2773 ut
92 2734 222 2773 dicam
247 2734 399 2784 Jbedus
422 2743 458 2772 et
481 2735 739 2773 tut-amentum
783 2747 852 2772 seu
878 2731 1164 2772 mutuandum
1221 2731 1371 2770 Graeca
1389 2744 1457 2768 co-

69 2810 346 2846 Canzacuzcnus
372 2809 440 2848 ΙΙΙ,
1141 2810 1184 2842 28
