1800 3164
327 157 405 236 46
852 184 1221 231 οΑΝΤΑοοΖΕΝι

119 294 158 326 A.
174 291 211 324 C.
229 294 311 340 ¹³47
325 305 443 333 πισεν
469 289 727 346 ὑπερβολήν,
746 291 824 332 τίν’
849 288 937 344 ἔχει
966 290 1088 346 λόγον
1105 288 1352 334 ὑποπτεύειν
1377 293 1454 334 νῦν
1481 291 1555 334 καὶ
1569 293 1768 346 νομίζειν,

193 355 227 391 Ρ·
248 357 314 402 728
326 355 603 412 ὀφθήσεσθαί
623 371 723 397 ποτε
751 356 878 397 κακὸν
904 356 1003 411 περὶ
1026 360 1206 412 βασιλέα
1234 356 1309 401 τὸν
1337 356 1548 413 γαμβρὸν,
1586 354 1676 400 ἄλλ’
1692 354 1768 399 οὖ-

324 425 473 476 δεμίαν
495 423 733 464 α’πολείπειν
762 421 908 472 ἀνοίας
936 421 1168 479 ὑπερβολήν
1184 441 1199 478 ‚-
1228 427 1388 478 „rafim
1419 425 1496 477 μὲν
1525 419 1629 466 οὖν’
1660 422 1766 479 ἔφα-

321 504 416 531 σκεν
454 490 654 541 ,,ε’κείνοις
687 502 733 529 τε
772 485 940 542 ἔλεγχος
974 488 1079 545 πρὸς
1117 490 1192 546 τὴν
1230 489 1528 546 ἀγνωμοσύνην
1566 493 1639 532 καί
1663 490 1766 543 ὑμῖν

318 553 424 610 πρὸς
453 554 527 609 τὴν
555 554 727 604 ἀξίωσιν
755 548 972 609 οἷπολογία.
1001 557 1057 597 ου’
1080 556 1160 615 γαρ
1203 559 1347 599 δίκαια
1399 557 1497 598 ου’δὲ
1534 551 1668 605 ἄλλως
1698 554 1800 598 «ἔν-5

318 623 482 662 vost-03⁸
510 617 685 661 δυνατά.
741 621 919 674 βασιλέα
946 620 1029 677 γιὶρ
1057 621 1125 666 τὸν
1155 621 1257 676 ε’μὸν
1284 621 1475 676 γαμβρὸν
1518 617 1614 664 οὔτε
1660 622 1780 663 dnm.

317 684 491 727 κτείνειν
528 683 727 738 δυνατόν,
770 680 859 728 oz’lv’
885 682 1132 743 ἀποστερεῖν
1167 690 1242 742 τῆς
1282 689 1499 742 βασιλείας
1538 688 1644 741 μετὰ
1688 689 1762 742 τῆς

316 746 528 806 θυγατρὸς
554 749 626 792 τὸν
654 750 799 806 γάμον.
831 747 928 794 οὕτε
946 752 1034 808 μήν
1061 755 1249 807 βασιλίδι
1276 755 1328 811 τῇ
1352 755 1486 808 μητρὶ
1510 754 1669 795 δίκαιον
1696 753 1764 807 ἔγ-

316 821 459 859 καλεϊν
487 818 557 873 ἐφ’
575 812 637 866 οἷς
668 813 791 860 οὐδὲν
819 817 1016 874 συνῄδει,
1058 817 1163 860 ἄλλα
1193 820 1333 861 πᾶσαν
1370 821 1512 867 αὐτοῖς
1540 817 1769 872 προσάγειν»

313 879 521 935 βούλομαι
541 882 716 935 πάντας,
735 881 808 924 καί
832 881 907 937 τήν
933 879 1102 926 εἷῖνοιαν
1130 887 1204 925 καί
1228 883 1305 939 τὴν
1335 886 1456 937 αἰδῶ,
1474 883 1615 936 καθώς
1633 897 1800 940 προσ-ξι·

311 947 403 1003 ήκει
442 950 678 1001 βασιλεῦσι.
731 947 831 998 τούς
874 950 913 990 δ’
944 951 1318 1004 ἀγνωμονήσαντας
1356 953 1537 1000 ἐκείνους
1574 953 1648 992 καί
1683 948 1763 1006 ῥά-

274 1022 475 1067 Βψαντας
503 1014 580 1069 τήν
607 1013 836 1070 ἐπιβουλὴν
861 1013 943 1070 ἐγώ
971 1013 1047 1065 τοὶς
1074 1017 1193 1066 (ἰξίας
1221 1017 1296 1071 τῆς
1338 1018 1554 1072 ἐπιορκίας
1581 1014 1764 1072 α’παιτή-

310 1095 373 1121 σω
403 1080 564 1129 δίκας.”
617 1077 640 1120 ὅ
680 1083 761 1133 μὲν
791 1075 865 1124 οὖν
891 1080 1094 1135 βασιλευς
1130 1084 1302 1124 τοιαῦτα
1331 1088 1419 1132 τοῖς
1446 1084 1491 1124 ἓν
1521 1085 1632 1125 τέλει
1659 1084 1761 1124 διει-

309 1146 466 1200 λέχθη,
497 1142 640 1202 ἒφόἷς
678 1141 859 1201 ἤλπιζον
892 1145 1024 1189 αιῗτόν
1053 1148 1297 1204 ἐξορμήσειν
1325 1149 1397 1191 ἐπὶ
1425 1147 1471 1190 τὸ
1503 1149 1639 1198 κακῶς
1663 1151 1763 1204 περὶ

172 1211 211 1246 V.
231 1213 295 1259 584
307 1212 509 1265 βασιλίδα
566 1213 836 1255 διατίθεσθαι
884 1211 959 1256 καὶ
1006 1215 1185 1266 βασιλέα
1224 1212 1295 1256 τὸν
1332 1211 1530 1270 γαμβρόν.
1585 1214 1677 1256 ἐπεὶ
1713 1216 1760 1257 δὲ
1777 1229 1800 1256 ῐ,

308 1277 457 1318 ἐκεῖνοι
496 1276 680 1332 ἔγνωσαν
719 1278 940 1334 α’νηνύτοις
968 1280 1277 1335 ἐπιχειροῦντες
1304 1281 1377 1321 καί
1394 1311 1406 1334 ,
1439 1278 1484 1322 τὸ
1513 1278 1760 1335 λεγόμενον,

306 1342 539 1392 τοξεύοντες
578 1344 638 1393 εἷς
670 1339 878 1400 οὗρανὸν,
921 1342 1168 1399 ἀπογνόντες
1205 1343 1250 1386 τὸ
1284 1345 1441 1388 ἐκεῖνον
1465 1348 1759 1400 μεταπείθειν,
1796 1362 1800 1383 z

305 1407 379 1449 ἒπί
407 1410 607 1462 βασιλίδα
632 1407 822 1465 ἐχώρουν
848 1409 928 1465 τὴν
957 1409 1164 1466 Εἰρήνην,
1195 1407 1378 1464 οἰόμενοι
1407 1410 1758 1468 περιγενήσεσθαι

305 1475 460 1530 ἐκείνης
499 1474 572 1517 καὶ
597 1475 757 1518 πείσειν
786 1475 932 1525 αὐτοῖς
962 1478 1213 1532 προσέχειν,
1243 1477 1301 1526 ὥς
1330 1480 1531 1533 λυσιτελῆ
1554 1481 1756 1532 βουλευο-

305 1542 457 1592 μένοις.
515 1540 574 1591 ὥς
610 1542 656 1582 δὲ
688 1540 762 1583 καὶ
799 1540 907 1596 αὐτὴ
935 1546 1027 1592 ταῖς
1055 1539 1167 1590 ἴσαις
1195 1538 1223 1597 ἢ
1251 1544 1326 1584 καί
1351 1544 1676 1600 αὕστηροτέραις
1704 1543 1754 1600 ἤ-
1767 1550 1800 1590 2⁰<

301 1607 469 1658 μείβετο
509 1606 778 1661 α’πολογώιις,
822 1609 896 1649 καί
933 1604 1149 1650 παύεσθαι
1190 1609 1354 1650 ἐκέλευε
1398 1608 1601 1663 μεγάλαις
1629 1605 1757 1661 αὖθις

261 1673 543 1726 Οσυμφοραῖς
568 1670 668 1721 τούς
691 1672 928 1726 Ῥωμαίους
955 1674 1270 1729 ἐπιχειροῦντας
1292 1673 1583 1728 περιβάλλειν,
1611 1672 1753 1733 ὥσπερ

300 1734 402 1786 τούς
430 1738 629 1792 ἐλέγχους
658 1739 981 1794 αἰσχυνθέντες,
1009 1738 1048 1781 οἱ
1074 1741 1154 1793 μὲν
1181 1739 1255 1782 καί
1272 1742 1482 1790 παντελῶς
1512 1738 1751 1798 ἡσύχασαν,
1787 1775 1793 1780 .

394 1821 444 1856 ¹9·
463 1811 761 1857 βοσκευομένοις
785 1812 821 1846 Ρ.

297 1888 365 1911 nec
390 1888 411 1910 a
437 1888 576 1912 summa
610 1878 787 1913 bonitatis
827 1879 1047 1915 excellentia
1085 1881 1267 1927 quispiam
1302 1879 1538 1927 speravisset,
1573 1893 1637 1918 cur
1671 1883 1750 1919 sine

299 1926 442 1959 ratione
464 1937 563 1959 nunc
587 1927 828 1971 suspicentur,
856 1933 892 1960 et
918 1927 1116 1972 aliquando
1142 1928 1181 1960 in
1206 1938 1378 1973 generum
1402 1930 1655 1974 imperatorem
1682 1931 1750 1964 im-

297 1972 452 2016 probum
487 1978 673 2016 repertum
713 1973 759 2006 iri
797 1978 834 2005 et
879 1973 918 2006 in
955 1985 1036 2006 eum
1070 1974 1166 2007 nihil
1197 1976 1377 2008 amentiae
1410 1977 1749 2020 praetermissurum

297 2019 508 2052 existiment
521 2018 537 2051 ?
563 2019 685 2060 „Haec
699 2019 848 2064 igitur,''
862 2019 995 2066 inquit,
1008 2025 1072 2061 „et
1088 2021 1162 2054 illis
1176 2021 1221 2053 ad
1238 2022 1467 2068 iniquitatem
1483 2033 1606 2056 eorum
1625 2023 1750 2057 redar-

297 2064 472 2109 guendam
503 2069 540 2098 et
563 2066 608 2098 ad
633 2066 806 2109 petitioni
833 2072 972 2100 vestrae
1006 2067 1298 2112 respondendum
1325 2069 1489 2102 dixerim.
1550 2069 1626 2103 Nec
1650 2071 1748 2104 enim

297 2121 428 2155 aequa,
451 2110 559 2151 addo,
582 2122 651 2145 nec
675 2122 768 2156 quae
796 2112 874 2146 fieri
902 2118 1058 2158 queant,
1083 2115 1259 2159 cogitatis.
1288 2115 1544 2160 Imperatorem
1571 2117 1667 2150 enim
1683 2129 1748 2162 ge-

296 2163 424 2190 nerum
461 2168 581 2190 meum
622 2157 787 2191 occidere
822 2170 896 2191 non
931 2171 1102 2204 possum,
1139 2171 1258 2206 neque
1286 2167 1370 2205 post
1396 2163 1608 2196 collocatam
1634 2165 1747 2197 filiam

296 2214 411 2237 meam
438 2204 591 2248 imperio
619 2203 824 2238 deturbare.
875 2204 1002 2251 Neque
1026 2218 1111 2241 vero
1137 2212 1287 2240 matrem
1314 2209 1391 2241 eius
1415 2210 1609 2255 Augustam
1625 2211 1672 2244 ob
1692 2221 1746 2253 ea,

297 2261 450 2295 quorum
485 2251 627 2284 conscia
658 2261 732 2285 non
765 2256 843 2292 est,
877 2262 1043 2285 accusare
1072 2252 1189 2290 decet,
1237 2254 1337 2298 Quin
1362 2265 1427 2299 ego
1458 2255 1583 2290 ambos
1616 2267 1658 2290 ea
1681 2257 1748 2291 be-

299 2297 511 2331 nevolentia
539 2303 576 2330 et
600 2298 834 2332 veneratione
861 2298 930 2330 coli
957 2300 1061 2338 volo,
1095 2311 1201 2344 quam
1226 2301 1395 2335 maiestas
1421 2303 1654 2347 imperatoria
1679 2316 1747 2350 po—
1781 2315 1783 2318 ·

296 2343 419 2376 stulat.
467 2344 495 2376 A
523 2343 709 2377 sceleratis
732 2349 852 2377 autem
879 2345 953 2377 illis
989 2351 1025 2378 et
1050 2347 1264 2380 insidiarum
1291 2350 1597 2393 compositoribus
1637 2351 1746 2385 meri-
1783 2374 1800 2390 ,

297 2395 349 2428 tas
369 2388 522 2435 periurii
543 2400 676 2434 poenas
696 2391 896 2435 expetam.’'
948 2392 1041 2424 llaec
1065 2393 1137 2426 fuit
1158 2394 1385 2437 imperatoris
1411 2396 1457 2428 ad
1479 2408 1646 2441 proceres
1665 2407 1745 2431 ora-

295 2438 347 2469 tio
379 2447 442 2481 pro
468 2447 531 2477 eo,
558 2435 658 2482 quod
685 2437 803 2480 ipsum
831 2438 869 2470 in
897 2438 1020 2471 odium
1047 2440 1287 2482 imperatricis
1323 2447 1359 2474 et
1386 2445 1509 2486 generi
1543 2446 1744 2489 imperato-

293 2483 340 2516 ris
369 2486 580 2527 erupturum
603 2489 840 2527 speraverant.
891 2484 964 2529 Qui
991 2489 1031 2518 ut
1055 2496 1092 2517 se
1117 2497 1263 2530 operam
1282 2488 1446 2531 perdere,
1475 2496 1522 2532 et,
1543 2491 1641 2537 quod
1655 2502 1743 2535 pro-
1792 2488 1796 2493 ”

292 2529 418 2562 verbio
436 2530 563 2569 fertur,
588 2530 626 2562 in
642 2530 783 2562 coelum
812 2531 976 2570 iaculari,
1003 2539 1239 2576 agnoverunt,
1268 2535 1367 2568 illius
1383 2538 1587 2571 mutatione
1608 2537 1743 2582 despe-

294 2580 386 2616 rata,
413 2575 459 2609 ad
489 2576 629 2609 Irenem
659 2577 925 2622 imperatricem
952 2587 989 2610 se
1014 2579 1261 2620 contulerunt,
1288 2583 1367 2621 rati,
1394 2594 1470 2615 eam
1495 2595 1534 2617 se
1554 2594 1740 2628 expugna-

293 2628 392 2656 turos
417 2633 738 2667 persuasurmque,
764 2627 805 2655 ut
827 2624 910 2665 sibi,
935 2629 1118 2669 tamquam
1143 2625 1237 2659 bene
1265 2629 1472 2670 monituris,
1494 2640 1599 2663 aures
1625 2630 1739 2665 daret.

294 2668 464 2702 Ceterum
493 2668 556 2701 ubi
585 2669 647 2701 illa
675 2668 797 2702 eadem
827 2670 882 2704 vel
909 2672 1018 2703 etiam
1048 2672 1226 2705 severiora
1253 2675 1441 2718 respondit
1476 2681 1586 2722 atque
1622 2687 1641 2708 a
1668 2678 1739 2709 Ro-

291 2715 406 2748 manis
447 2717 579 2748 iterum
617 2716 755 2760 ma‘gnis
780 2716 1046 2751 calamitatibus
1072 2717 1268 2752 obruendis
1296 2721 1472 2754 facessere
1498 2723 1618 2762 iussit,
1643 2734 1737 2756 non-

291 2761 386 2805 nulli
422 2761 570 2808 quidem
607 2762 949 2809 reprehensionibus
984 2764 1064 2798 istis
1089 2764 1296 2810 pudefacti,
1322 2768 1470 2803 omnino
1494 2771 1734 2815 quieverunt:
