1800 3164
325 171 343 206 ι
356 151 431 218 64
856 162 1228 206 CANTACUZENI

111 283 301 319 A.c.135·
320 269 499 325 ἄγεσθαι
526 265 572 312 οἷ
592 263 642 310 ἂν
670 268 863 318 ἐθέλωσι,
896 267 969 306 καί
991 263 1051 319 μὴ
1081 262 1258 313 πολλοὺς
1285 257 1435 316 ὄντας,
1470 260 1637 321 ’ἄφοβίρέ
1656 265 1749 318 τρέ-

277 340 473 386 Βπεσθαι
501 337 572 378 ἐπί
597 335 707 388 σφᾶς
738 333 810 373 καί
838 332 1117 386 διαφθείρειν.
1172 331 1346 372 τοιαῦτα
1387 331 1466 381 μὲν
1499 327 1521 370 ὅ
1551 327 1750 381 βασιλευς

318 400 424 457 πρὸς
467 400 538 443 τὸν
567 396 842 452 Ἀλέξανδρον
886 395 1171 451 έπρεσβεύετο.
1226 396 1299 436 καὶ
1339 394 1475 437 ἐδόκει
1512 393 1684 451 κάκείνῳ
1723 393 1750 448 ἦ

316 469 519 522 βασιλέως
565 465 810 519 παραίνεσις
852 465 1104 514 λυσιτελεῖν,
1153 459 1226 502 καί
1262 463 1500 503 συνετίθετο
1537 458 1641 514 πρὸς
1677 457 1752 513 τήν
1784 519 1786 521 ¹

316 535 478 587 πρᾶξιν*
534 528 702 582 συμβὰν
735 530 782 570 δέ
822 545 862 570 τι
889 530 961 569 καί
986 531 1178 570 τοιοῦτον
1216 523 1432 583 ε’πέρῥωσε
1459 526 1618 579 μᾶλλον
1646 523 1789 579 πρός5

314 599 362 640 τὸ
393 597 524 652 ἔργον.
579 594 725 649 ἑορτῆς
755 593 833 650 γάρ
862 609 970 643 τινος
1009 595 1212 648 δημοσίας
1249 594 1451 647 ἀγομένης
1489 592 1534 633 ἐν
1568 589 1751 648 Τρινόβῳ

313 671 398 712 τοῖς
436 662 568 703 αὐτοῦ
606 661 860 714 βασιλείοις,
903 658 975 700 καὶ
1015 654 1143 712 ὄχλου
1182 661 1373 700 πλείστου
1412 655 1752 713 συνεῤῥυηκότος,

314 730 407 771 ἐπεί
434 725 586 783 παρῄει
614 728 669 767 δι’
706 727 885 778 ἐκείνων,
927 724 1001 766 καί
1041 727 1127 766 τῶν
1155 725 1358 778 βασιλέως
1402 722 1613 777 ἑπομένων
1653 723 1752 778 πρέ-

316 798 472 847 σβεων,
499 793 549 848 τῇ
581 792 762 848 σφετέρα
795 792 992 847 διαλέκτῳ
1022 788 1175 840 πάντες
1203 788 1408 843 ἐπεβόων,
1455 786 1512 838 ὥς
1541 790 1612 831 δεῖ
1635 791 1753 832 Καν-
1777 851 1779 854 ι

316 860 554 915 τακουζηνῷ
570 861 627 915 τῷ
654 860 826 910 βασιλεῖ
847 856 982 898 πάντα
1011 861 1143 898 ποιεῖν
1167 855 1216 898 τὰ
1249 854 1351 897 κατὰ
1379 854 1544 910 γνώμην
1578 854 1651 898 καί
1678 853 1753 911 τὴν
1770 843 1800 902 tf

279 924 481 981 ρείρήνην
509 925 553 964 ἐκ
581 921 734 971 παντὸς
760 921 919 975 τρόπου
946 920 1019 976 τὴν
1047 920 1152 976 πρὸς
1184 921 1313 963 αὐτὸν
1343 920 1569 976 αἱρεῖσθαι,
1601 922 1670 964 ἵνα
1691 919 1751 976 μὴ
1799 918 1800 923 ’

317 990 685 1041 έκπολεμωθέντος,
708 985 955 1030 ἀπόλωνται
976 989 1099 1029 αὐτοὶ
1116 988 1426 1043 διαφθαρέντες
1443 985 1524 1029 ὗπὸ
1544 988 1627 1029 τῶν
1648 991 1755 1042 βαρ-

317 1055 462 1110 βάρων
480 1088 492 1107 ,
533 1055 606 1095 καί
633 1052 793 1095 ἐδέοντο
822 1054 1049 1095 πείθεσθαι
1078 1053 1234 1102 αὐτοῖς,
1285 1053 1562 1110 Ἀλεξάνδρου
1602 1055 1650 1095 δὲ
1674 1054 1756 1096 τῶν

316 1122 531 1175 πρέσβεων
561 1120 900 1172 πυνθανομένου,
942 1122 982 1161 εἰ
1022 1120 1105 1160 τῶν
1141 1119 1369 1173 εἰρημένων
1405 1121 1632 1173 ἐπαΐουσιν,
1666 1118 1773 1161 ἐπεὶ·

319 1187 482 1240 οἷγνοεῖν
511 1186 659 1227 ἐκεῖνοι
690 1183 867 1239 ἔφασαν,
898 1185 1131 1239 ἧρμήνευεν
1161 1184 1288 1234 αὐτὸς
1318 1182 1555 1240 ἑλληνιστὶ,
1586 1186 1658 1227 καί
1687 1200 1754 1226 τε·
1773 1190 1793 1227 ἰἸ

319 1252 497 1306 κμὴριον
524 1253 698 1293 ἐποιεῖτο
726 1252 918 1305 μέγιστον
963 1253 1038 1291 τοῦ
1068 1246 1193 1303 ὄχλου
1221 1249 1296 1304 τήν
1330 1250 1500 1300 ἀξίωσιν
1531 1251 1606 1293 τοῦ
1634 1251 1758 1306 σφίσι

319 1320 502 1371 μάλιστα
529 1320 759 1367 λυσιτελεῖν
783 1315 868 1371 ιτήν
896 1318 1073 1370 πρᾶξιν,
1103 1313 1167 1357 ὅτι
1200 1315 1272 1357 καί
1300 1317 1397 1370 μηδ’
1425 1317 1500 1373 ὕφ’
1529 1312 1622 1364 ἓνός
1652 1316 1758 1370 ἐρω-

320 1382 497 1436 τώμενοι
519 1414 531 1435 ,
575 1381 640 1423 τός’
664 1381 787 1436 σφίσι
829 1382 1168 1435 συμβουλεύουσι
1209 1383 1468 1425 συνοίσοντα.
1525 1383 1677 1425 αὕτίκα
1714 1396 1759 1423 τε

322 1445 718 1503 έπιψηφισοὶμενος,
760 1446 831 1488 καὶ
859 1447 981 1496 αὐτὸς
1019 1449 1217 1501 ἐξέπεμπε
1245 1447 1343 1496 τούς
1370 1449 1579 1502 πρέσβεις.
1635 1451 1759 1502 βασι-

322 1512 421 1562 λεύς
451 1515 498 1554 δὲ
538 1511 790 1565 πυθόμενος,
824 1512 881 1561 αἷς
919 1514 1151 1569 προθύμως
1188 1515 1347 1564 δέξαιτο
1387 1514 1656 1569 Ἀλέξανδρος
1686 1512 1797 1569 τῆνα*

324 1581 572 1633 παραίνεσιν
606 1577 680 1619 καί
705 1576 900 1631 βούλοιτο
929 1582 1193 1634 παρέχεσθαι
1218 1581 1415 1635 χρήματα
1443 1578 1549 1635 πρὸς
1574 1577 1652 1634 την
1680 1596 1762 1621 πα-

279 1643 557 1700 Βρασκευὴν,
587 1644 806 1699 ὑπερήσθη
836 1659 897 1698 τε,
932 1644 1187 1699 δυνήσεσθαι
1218 1645 1390 1698 νομίσας
1419 1645 1631 1701 ἀπείργειν
1661 1644 1764 1695 τούς

295 1763 305 1768 μ
324 1712 568 1766 βαρβάρους
614 1711 689 1751 τοῦ
719 1709 779 1763 μὴ
803 1711 1035 1762 Ῥωμαίους
1056 1711 1128 1752 καί
1142 1709 1326 1759 Μυσοὺς
1354 1711 1542 1760 ἐπιόντας
1560 1712 1763 1767 διαφθειέ

326 1791 427 1831 ρειν,
456 1776 529 1816 καί
555 1771 722 1830 ὥρμητο
742 1774 1142 1830 παρασκευάζεσθαι
1170 1772 1248 1832 ἤδη
1277 1775 1382 1832 πρὸς
1399 1776 1445 1820 τό
1474 1775 1670 1819 ναυτικὸν
1687 1792 1764 1820 συ-

324 1914 399 1942 tam
425 1908 555 1942 ducere
584 1919 802 1954 quocunque
825 1909 1030 1943 voluerint:
1059 1914 1096 1943 et
1119 1912 1188 1949 ita.
1209 1912 1247 1944 in
1273 1912 1395 1946 hostes
1418 1921 1551 1956 paucos
1578 1910 1763 1958 intrepide
1788 1928 1791 1932 v

324 1956 420 1988 facto
446 1957 604 2000 impetu,
633 1957 684 1988 eis
710 1957 820 1989 vitam
845 1956 1085 2000 adempturos.
1135 1958 1233 1990 Haec
1260 1959 1330 1991 suit
1353 1958 1544 2002 legationis
1571 1958 1764 1996 sententia,

322 2002 413 2046 Regi
437 2001 639 2035 cohortatio
668 2003 894 2047 imperatoris
923 2004 1001 2036 visa
1034 2008 1087 2036 est
1109 2004 1377 2046 conducibilis,
1419 2006 1544 2051 reique
1584 2005 1764 2050 gerendae

325 2049 538 2081 societatem
563 2053 685 2092 pactus
713 2054 778 2082 est.
827 2050 957 2083 Evenit
980 2055 1098 2083 autem
1126 2051 1312 2096 quiddam,
1359 2051 1431 2085 uod
1455 2053 1487 2084 ei
1514 2051 1560 2084 ad
1585 2052 1655 2084 hoc
1674 2062 1764 2096 ope-

324 2095 374 2126 ris
400 2095 537 2127 animos
563 2094 716 2130 addidit.
767 2094 855 2128 Cum
882 2096 979 2130 enim
1005 2096 1155 2130 Trinobi
1172 2123 1181 2138 ,
1208 2098 1271 2131 ubi
1297 2109 1333 2131 se
1362 2109 1398 2131 es
1425 2097 1491 2138 illi,
1519 2097 1666 2143 publica
1688 2098 1766 2131 lae-

323 2141 408 2173 titia
434 2140 511 2173 dies
537 2141 648 2174 festus
674 2148 839 2186 ageretur
880 2143 1101 2189 plurimique
1131 2145 1294 2178 mortales
1319 2143 1466 2178 aliunde
1490 2145 1765 2186 concurrissent,

324 2185 411 2219 ‹lum
436 2198 499 2231 per
522 2198 581 2219 eos
607 2189 755 2228 transit,
781 2190 907 2234 legatis
931 2191 1157 2234 imperatoris
1180 2190 1483 2236 prosequentibus
1499 2215 1508 2230 ,
1532 2202 1674 2232 omnes,
1700 2202 1766 2224 sua

324 2234 461 2277 quique
495 2233 639 2276 lingua,
673 2235 934 2276 acclamarunt,
962 2237 1211 2271 Cantacuzeno
1235 2237 1505 2283 gratificandum
1531 2248 1596 2282 per
1621 2238 1765 2279 omnia,

323 2284 361 2312 et
385 2279 602 2312 omnimodis
627 2291 751 2323 pacem
781 2293 859 2314 cum
886 2294 927 2315 eo
955 2283 1224 2325 conficiendam,
1251 2297 1309 2325 ne,
1335 2286 1363 2317 si
1388 2285 1417 2317 is
1444 2284 1489 2317 ad
1516 2284 1652 2318 bellum
1677 2285 1765 2318 irri-

322 2330 439 2367 tetur,
477 2327 548 2368 ipsi
573 2326 806 2360 barbarorum
838 2329 965 2373 gladiis
991 2330 1197 2372 intereant,
1236 2337 1271 2365 et
1295 2331 1445 2365 orabant
1466 2331 1542 2364 voti
1580 2335 1764 2376 compotes

323 2372 415 2405 fieri.
465 2372 668 2405 Alexandro
692 2379 811 2407 autem
840 2376 973 2420 legatos
999 2378 1264 2422 interrogante,
1301 2377 1433 2422 ecquid
1467 2377 1591 2411 audita
1623 2377 1766 2412 intelli-

325 2423 473 2463 gerent,
494 2430 572 2451 cum
597 2426 805 2463 negassent,
835 2422 970 2455 Graece
998 2423 1072 2456 illis
1097 2425 1351 2470 interpretatus
1377 2430 1452 2463 est,
1477 2424 1679 2470 populique
1700 2432 1786 2468 pe-'

324 2466 494 2498 titionem
520 2476 584 2509 pro
612 2468 761 2510 augurio
785 2469 943 2501 maximo
967 2468 1118 2508 habuit,
1155 2471 1246 2504 bene
1276 2471 1364 2515 ipsis
1391 2481 1464 2503 rem
1495 2470 1764 2516 processuram,

328 2511 427 2556 quod
453 2512 562 2544 etiam
586 2524 605 2544 a
629 2514 775 2546 nemine
800 2515 1063 2558 interrogatus,
1091 2528 1183 2561 quae
1209 2516 1279 2550 sibi
1311 2517 1544 2560 expedirent,
1570 2518 1789 2551 suasissetz'

328 2558 525 2603 statimque
565 2563 601 2591 et
635 2560 714 2602 ipse
750 2561 874 2605 petitis
913 2565 1144 2606 suffragatus,
1182 2563 1317 2608 legatos
1356 2563 1502 2597 dimisit.
1564 2565 1787 2608 Imperator*

331 2615 559 2648 cognoscem,
584 2605 826 2640 Alexandrum
850 2607 1047 2641 hortationi
1073 2621 1158 2642 suae
1183 2609 1356 2654 benignas
1382 2620 1483 2643 aures
1519 2610 1790 2647 commodasse?-

331 2657 369 2685 et
387 2652 480 2684 velle
505 2652 696 2695 pecuniam
724 2653 769 2686 ad
801 2659 1014 2698 apparatum
1051 2656 1235 2696 conferre,
1267 2656 1482 2690 mirabiliter
1513 2658 1652 2699 gavisus
1688 2660 1789 2695 est,>

329 2702 440 2738 ratus,
469 2708 507 2730 se
532 2709 636 2743 posse
667 2699 838 2734 barbaros
861 2701 1074 2745 reprimere,
1106 2713 1151 2733 ne
1185 2702 1359 2735 Romanos
1403 2708 1439 2736 et
1467 2702 1608 2736 Moesos
1639 2704 1785 2736 incur-¹

331 2745 444 2778 sando
471 2750 651 2779 vastarent
666 2771 675 2787 ,
701 2751 738 2779 et
762 2747 898 2792 accingi
923 2747 969 2780 ad
998 2747 1266 2792 expeditionem
1290 2749 1452 2783 navalem
1475 2749 1638 2784 barbaris
1675 2759 1763 2794 pro-
