<?xml version="1.0" encoding="UTF-8"?>
<!DOCTYPE html PUBLIC "-//W3C//DTD XHTML 1.0 Transitional//EN"
    "http://www.w3.org/TR/xhtml1/DTD/xhtml1-transitional.dtd">
<html xmlns="http://www.w3.org/1999/xhtml" xml:lang="en" lang="en">
 <head>
  <title>
</title>
<meta http-equiv="Content-Type" content="text/html;charset=utf-8" />
  <meta name='ocr-system' content='tesseract 3.04.00' />
  <meta name='ocr-capabilities' content='ocr_page ocr_carea ocr_par ocr_line ocrx_word'/>
</head>
<body>
  <div class='ocr_page' id='page_1' title='image "./corpusscriptorum25niebuoft_0469.png"; bbox 0 0 1794 3158; ppageno 0'>
   <div class='ocr_carea' id='block_1_1' title="bbox 0 0 30 3158">
    <p class='ocr_par' dir='ltr' id='par_1_1' title="bbox 0 0 30 3158">
     <span class='ocr_line' id='line_1_1' title="bbox 0 0 30 3158; baseline 0 0"><span class='ocrx_word' id='word_1_1' title='bbox 0 0 30 3158; x_wconf 95' lang='lat' dir='ltr'><strong> </strong></span> 
     </span>
    </p>
   </div>
   <div class='ocr_carea' id='block_1_2' title="bbox 402 146 1483 224">
    <p class='ocr_par' dir='ltr' id='par_1_2' title="bbox 402 146 1483 224">
     <span class='ocr_line' id='line_1_2' title="bbox 402 146 1483 224; baseline -0.002 -16"><span class='ocrx_word' id='word_1_2' title='bbox 402 168 475 209; x_wconf 81' lang='lat' dir='ltr'><strong>AD</strong></span> <span class='ocrx_word' id='word_1_3' title='bbox 508 146 887 210; x_wconf 67' lang='lat' dir='ltr'><strong>&#39;CANTAcnzml</strong></span> <span class='ocrx_word' id='word_1_4' title='bbox 924 169 1028 209; x_wconf 73' lang='lat' dir='ltr'><strong>Lm.</strong></span> <span class='ocrx_word' id='word_1_5' title='bbox 1070 171 1124 209; x_wconf 88' lang='lat'><strong>11.</strong></span> <span class='ocrx_word' id='word_1_6' title='bbox 1360 148 1483 224; x_wconf 76' lang='lat'><strong>459</strong></span> 
     </span>
    </p>
   </div>
   <div class='ocr_carea' id='block_1_3' title="bbox 8 268 1487 2787">
    <p class='ocr_par' dir='ltr' id='par_1_3' title="bbox 8 268 1485 431">
     <span class='ocr_line' id='line_1_3' title="bbox 16 268 1485 322; baseline 0.001 -14"><span class='ocrx_word' id='word_1_7' title='bbox 16 286 18 288; x_wconf 64' lang='grc'>’</span> <span class='ocrx_word' id='word_1_8' title='bbox 46 268 236 322; x_wconf 74' lang='lat' dir='ltr'><strong>fugienti:</strong></span> <span class='ocrx_word' id='word_1_9' title='bbox 268 282 349 307; x_wconf 88' lang='lat' dir='ltr'><strong>non</strong></span> <span class='ocrx_word' id='word_1_10' title='bbox 378 268 508 308; x_wconf 86' lang='lat' dir='ltr'><strong>solum</strong></span> <span class='ocrx_word' id='word_1_11' title='bbox 533 284 585 310; x_wconf 85' lang='lat' dir='ltr'><strong>ne</strong></span> <span class='ocrx_word' id='word_1_12' title='bbox 613 270 753 310; x_wconf 78' lang='lat' dir='ltr'><strong>fortius</strong></span> <span class='ocrx_word' id='word_1_13' title='bbox 785 284 830 310; x_wconf 86' lang='lat' dir='ltr'><strong>ex</strong></span> <span class='ocrx_word' id='word_1_14' title='bbox 858 269 1088 310; x_wconf 83' lang='lat' dir='ltr'><strong>necessitate</strong></span> <span class='ocrx_word' id='word_1_15' title='bbox 1112 270 1292 317; x_wconf 81' lang='lat' dir='ltr'><strong>resistat,</strong></span> <span class='ocrx_word' id='word_1_16' title='bbox 1337 270 1404 309; x_wconf 83' lang='lat' dir='ltr'><strong>sed</strong></span> <span class='ocrx_word' id='word_1_17' title='bbox 1438 278 1485 309; x_wconf 85' lang='lat' dir='ltr'><strong>ut</strong></span> 
     </span>
     <span class='ocr_line' id='line_1_4' title="bbox 8 324 1483 378; baseline 0.002 -17"><span class='ocrx_word' id='word_1_18' title='bbox 8 351 10 353; x_wconf 91' lang='lat'>-</span> <span class='ocrx_word' id='word_1_19' title='bbox 45 331 183 377; x_wconf 85' lang='lat' dir='ltr'><strong>postea</strong></span> <span class='ocrx_word' id='word_1_20' title='bbox 209 338 370 377; x_wconf 86' lang='lat' dir='ltr'><strong>quoque</strong></span> <span class='ocrx_word' id='word_1_21' title='bbox 398 324 550 364; x_wconf 88' lang='lat' dir='ltr'><strong>facilius</strong></span> <span class='ocrx_word' id='word_1_22' title='bbox 569 326 652 364; x_wconf 82' lang='lat' dir='ltr'><strong>acie</strong></span> <span class='ocrx_word' id='word_1_23' title='bbox 681 325 824 364; x_wconf 88' lang='lat' dir='ltr'><strong>cedat:</strong></span> <span class='ocrx_word' id='word_1_24' title='bbox 858 333 984 375; x_wconf 83' lang='lat' dir='ltr'><strong>ratus,</strong></span> <span class='ocrx_word' id='word_1_25' title='bbox 1011 339 1092 364; x_wconf 89' lang='lat' dir='ltr'><strong>non</strong></span> <span class='ocrx_word' id='word_1_26' title='bbox 1120 338 1247 378; x_wconf 88' lang='lat' dir='ltr'><strong>usque</strong></span> <span class='ocrx_word' id='word_1_27' title='bbox 1272 324 1324 364; x_wconf 87' lang='lat' dir='ltr'><strong>ad</strong></span> <span class='ocrx_word' id='word_1_28' title='bbox 1351 327 1483 378; x_wconf 85' lang='lat' dir='ltr'><strong>perni-</strong></span> 
     </span>
     <span class='ocr_line' id='line_1_5' title="bbox 36 376 1076 431; baseline 0.001 -14"><span class='ocrx_word' id='word_1_29' title='bbox 36 376 146 418; x_wconf 73' lang='lat' dir='ltr'><strong>Icien&#39;n</strong></span> <span class='ocrx_word' id='word_1_30' title='bbox 175 378 418 431; x_wconf 78' lang='lat' dir='ltr'><strong>fugientibus</strong></span> <span class='ocrx_word' id='word_1_31' title='bbox 448 381 661 419; x_wconf 87' lang='lat' dir='ltr'><strong>instaturos</strong></span> <span class='ocrx_word' id='word_1_32' title='bbox 688 382 872 422; x_wconf 81' lang='lat' dir='ltr'><strong>victores.</strong></span> <span class='ocrx_word' id='word_1_33' title='bbox 905 393 1076 419; x_wconf 68' lang='lat' dir='ltr'><strong>Pom-AN.</strong></span> 
     </span>
    </p>

    <p class='ocr_par' dir='ltr' id='par_1_4' title="bbox 18 430 1485 817">
     <span class='ocr_line' id='line_1_6' title="bbox 155 430 1484 487; baseline -0.001 -15"><span class='ocrx_word' id='word_1_34' title='bbox 155 430 264 485; x_wconf 81' lang='lat' dir='ltr'><strong>Pag.</strong></span> <span class='ocrx_word' id='word_1_35' title='bbox 287 433 383 487; x_wconf 80' lang='lat'><strong>347,</strong></span> <span class='ocrx_word' id='word_1_36' title='bbox 407 435 444 473; x_wconf 81' lang='lat'><strong>3.</strong></span> <span class='ocrx_word' id='word_1_37' title='bbox 475 443 564 473; x_wconf 78' lang='lat' dir='ltr'><strong>aut</strong></span> <span class='ocrx_word' id='word_1_38' title='bbox 589 437 806 474; x_wconf 78' lang='lat' dir='ltr'><strong>honeste</strong></span> <span class='ocrx_word' id='word_1_39' title='bbox 834 436 1104 474; x_wconf 82' lang='lat' dir='ltr'><strong>victuros.</strong></span> <span class='ocrx_word' id='word_1_40' title='bbox 1137 433 1259 484; x_wconf 88' lang='lat' dir='ltr'><strong>Quod</strong></span> <span class='ocrx_word' id='word_1_41' title='bbox 1285 433 1484 487; x_wconf 87' lang='lat' dir='ltr'><strong>profiten-</strong></span> 
     </span>
     <span class='ocr_line' id='line_1_7' title="bbox 45 489 1484 543; baseline 0 -16"><span class='ocrx_word' id='word_1_42' title='bbox 45 494 128 534; x_wconf 66' lang='lat' dir='ltr'><strong>tur,</strong></span> <span class='ocrx_word' id='word_1_43' title='bbox 158 501 200 526; x_wconf 90' lang='lat' dir='ltr'><strong>se</strong></span> <span class='ocrx_word' id='word_1_44' title='bbox 230 489 396 527; x_wconf 82' lang='lat' dir='ltr'><strong>honeste</strong></span> <span class='ocrx_word' id='word_1_45' title='bbox 423 490 622 540; x_wconf 87' lang='lat' dir='ltr'><strong>victuros,</strong></span> <span class='ocrx_word' id='word_1_46' title='bbox 653 490 856 539; x_wconf 86' lang='lat' dir='ltr'><strong>indicant,</strong></span> <span class='ocrx_word' id='word_1_47' title='bbox 886 503 967 528; x_wconf 87' lang='lat' dir='ltr'><strong>non</strong></span> <span class='ocrx_word' id='word_1_48' title='bbox 997 490 1219 543; x_wconf 83' lang='lat' dir='ltr'><strong>fugituros,</strong></span> <span class='ocrx_word' id='word_1_49' title='bbox 1260 497 1300 528; x_wconf 85' lang='lat' dir='ltr'><strong>et</strong></span> <span class='ocrx_word' id='word_1_50' title='bbox 1327 491 1484 528; x_wconf 87' lang='lat' dir='ltr'><strong>hostem</strong></span> 
     </span>
     <span class='ocr_line' id='line_1_8' title="bbox 45 544 1484 598; baseline 0.001 -16"><span class='ocrx_word' id='word_1_51' title='bbox 45 549 301 596; x_wconf 77' lang='lat' dir='ltr'><strong>superaturos</strong></span> <span class='ocrx_word' id='word_1_52' title='bbox 328 545 486 597; x_wconf 83' lang='lat' dir='ltr'><strong>potius,</strong></span> <span class='ocrx_word' id='word_1_53' title='bbox 515 559 637 598; x_wconf 84' lang='lat' dir='ltr'><strong>quam</strong></span> <span class='ocrx_word' id='word_1_54' title='bbox 668 559 709 584; x_wconf 88' lang='lat' dir='ltr'><strong>se</strong></span> <span class='ocrx_word' id='word_1_55' title='bbox 737 544 795 583; x_wconf 91' lang='lat' dir='ltr'><strong>illi</strong></span> <span class='ocrx_word' id='word_1_56' title='bbox 824 544 1040 586; x_wconf 88' lang='lat' dir='ltr'><strong>dedituros.</strong></span> <span class='ocrx_word' id='word_1_57' title='bbox 1097 545 1201 583; x_wconf 87' lang='lat' dir='ltr'><strong>Nam</strong></span> <span class='ocrx_word' id='word_1_58' title='bbox 1228 545 1298 597; x_wconf 92' lang='lat' dir='ltr'><strong>qui</strong></span> <span class='ocrx_word' id='word_1_59' title='bbox 1325 558 1348 583; x_wconf 90' lang='lat' dir='ltr'><strong>e</strong></span> <span class='ocrx_word' id='word_1_60' title='bbox 1367 558 1484 597; x_wconf 83' lang='lat' dir='ltr'><strong>prae-</strong></span> 
     </span>
     <span class='ocr_line' id='line_1_9' title="bbox 30 595 1485 652; baseline 0.001 -16"><span class='ocrx_word' id='word_1_61' title='bbox 30 595 102 637; x_wconf 89' lang='lat' dir='ltr'><strong>-lio</strong></span> <span class='ocrx_word' id='word_1_62' title='bbox 131 597 248 651; x_wconf 87' lang='lat' dir='ltr'><strong>fugit,</strong></span> <span class='ocrx_word' id='word_1_63' title='bbox 277 612 357 637; x_wconf 89' lang='lat' dir='ltr'><strong>non</strong></span> <span class='ocrx_word' id='word_1_64' title='bbox 391 600 493 638; x_wconf 90' lang='lat' dir='ltr'><strong>vivit</strong></span> <span class='ocrx_word' id='word_1_65' title='bbox 522 599 685 638; x_wconf 85' lang='lat' dir='ltr'><strong>honeste</strong></span> <span class='ocrx_word' id='word_1_66' title='bbox 702 614 714 638; x_wconf 70' lang='grc' dir='ltr'><strong><em>ε</em></strong></span> <span class='ocrx_word' id='word_1_67' title='bbox 759 613 834 638; x_wconf 88' lang='lat' dir='ltr'><strong>nec</strong></span> <span class='ocrx_word' id='word_1_68' title='bbox 863 600 931 652; x_wconf 89' lang='lat' dir='ltr'><strong>qui</strong></span> <span class='ocrx_word' id='word_1_69' title='bbox 961 613 1002 638; x_wconf 92' lang='lat' dir='ltr'><strong>se</strong></span> <span class='ocrx_word' id='word_1_70' title='bbox 1026 600 1169 638; x_wconf 86' lang='lat' dir='ltr'><strong>timore</strong></span> <span class='ocrx_word' id='word_1_71' title='bbox 1200 600 1348 638; x_wconf 83' lang='lat' dir='ltr'><strong>fractus</strong></span> <span class='ocrx_word' id='word_1_72' title='bbox 1375 599 1485 638; x_wconf 81' lang='lat' dir='ltr'><strong>hosti</strong></span> 
     </span>
     <span class='ocr_line' id='line_1_10' title="bbox 46 651 1484 707; baseline 0.001 -17"><span class='ocrx_word' id='word_1_73' title='bbox 46 651 169 693; x_wconf 85' lang='lat' dir='ltr'><strong>dedit.</strong></span> <span class='ocrx_word' id='word_1_74' title='bbox 227 653 414 692; x_wconf 87' lang='lat' dir='ltr'><strong>Instituto</strong></span> <span class='ocrx_word' id='word_1_75' title='bbox 451 655 614 707; x_wconf 89' lang='lat' dir='ltr'><strong>quidem</strong></span> <span class='ocrx_word' id='word_1_76' title='bbox 651 654 1085 704; x_wconf 83' lang='lat' dir='ltr'><strong>Lacedaemoniorum,</strong></span> <span class='ocrx_word' id='word_1_77' title='bbox 1123 655 1230 707; x_wconf 90' lang='lat' dir='ltr'><strong>apud</strong></span> <span class='ocrx_word' id='word_1_78' title='bbox 1270 668 1372 707; x_wconf 90' lang='lat' dir='ltr'><strong>quos</strong></span> <span class='ocrx_word' id='word_1_79' title='bbox 1412 661 1484 692; x_wconf 86' lang='lat' dir='ltr'><strong>aut</strong></span> 
     </span>
     <span class='ocr_line' id='line_1_11' title="bbox 45 707 1484 760; baseline 0.001 -14"><span class='ocrx_word' id='word_1_80' title='bbox 45 707 207 746; x_wconf 84' lang='lat' dir='ltr'><strong>vincere</strong></span> <span class='ocrx_word' id='word_1_81' title='bbox 222 708 430 760; x_wconf 83' lang='lat' dir='ltr'><strong>oportebat</strong></span> <span class='ocrx_word' id='word_1_82' title='bbox 447 717 516 748; x_wconf 89' lang='lat' dir='ltr'><strong>aut</strong></span> <span class='ocrx_word' id='word_1_83' title='bbox 542 709 661 758; x_wconf 90' lang='lat' dir='ltr'><strong>mori,</strong></span> <span class='ocrx_word' id='word_1_84' title='bbox 682 708 783 747; x_wconf 86' lang='lat' dir='ltr'><strong>nihil</strong></span> <span class='ocrx_word' id='word_1_85' title='bbox 802 709 973 748; x_wconf 84' lang='lat' dir='ltr'><strong>dabatur</strong></span> <span class='ocrx_word' id='word_1_86' title='bbox 993 711 1167 748; x_wconf 86' lang='lat' dir='ltr'><strong>tertium.</strong></span> <span class='ocrx_word' id='word_1_87' title='bbox 1214 709 1484 748; x_wconf 88' lang='lat' dir='ltr'><strong>Lacedaemo-</strong></span> 
     </span>
     <span class='ocr_line' id='line_1_12' title="bbox 18 763 1479 817; baseline 0.001 -17"><span class='ocrx_word' id='word_1_88' title='bbox 18 792 19 811; x_wconf 62' lang='lat'>3</span> <span class='ocrx_word' id='word_1_89' title='bbox 44 763 205 801; x_wconf 85' lang='lat' dir='ltr'><strong>nicrum</strong></span> <span class='ocrx_word' id='word_1_90' title='bbox 235 763 355 815; x_wconf 85' lang='lat' dir='ltr'><strong>igitur</strong></span> <span class='ocrx_word' id='word_1_91' title='bbox 373 766 535 816; x_wconf 88' lang='lat' dir='ltr'><strong>spiritus</strong></span> <span class='ocrx_word' id='word_1_92' title='bbox 563 771 602 803; x_wconf 86' lang='lat' dir='ltr'><strong>et</strong></span> <span class='ocrx_word' id='word_1_93' title='bbox 630 766 784 803; x_wconf 89' lang='lat' dir='ltr'><strong>animos</strong></span> <span class='ocrx_word' id='word_1_94' title='bbox 810 764 955 803; x_wconf 87' lang='lat' dir='ltr'><strong>milites</strong></span> <span class='ocrx_word' id='word_1_95' title='bbox 982 765 1046 804; x_wconf 88' lang='lat' dir='ltr'><strong>isti</strong></span> <span class='ocrx_word' id='word_1_96' title='bbox 1076 764 1277 817; x_wconf 82' lang='lat' dir='ltr'><strong>gerebant.</strong></span> <span class='ocrx_word' id='word_1_97' title='bbox 1305 777 1479 803; x_wconf 71' lang='grc' dir='ltr'><strong>ΡοΜ-ΑΝ.</strong></span> 
     </span>
    </p>

    <p class='ocr_par' dir='ltr' id='par_1_5' title="bbox 21 817 1487 1422">
     <span class='ocr_line' id='line_1_13' title="bbox 163 817 1484 873; baseline 0 -16"><span class='ocrx_word' id='word_1_98' title='bbox 163 817 272 870; x_wconf 80' lang='lat' dir='ltr'><strong>Pag.</strong></span> <span class='ocrx_word' id='word_1_99' title='bbox 293 818 388 871; x_wconf 85' lang='lat'><strong>347,</strong></span> <span class='ocrx_word' id='word_1_100' title='bbox 413 818 450 869; x_wconf 88' lang='lat'><strong>4.</strong></span> <span class='ocrx_word' id='word_1_101' title='bbox 489 819 739 873; x_wconf 76' lang='lat' dir='ltr'><strong>signoque</strong></span> <span class='ocrx_word' id='word_1_102' title='bbox 787 820 970 860; x_wconf 81' lang='lat' dir='ltr'><strong>crucis.</strong></span> <span class='ocrx_word' id='word_1_103' title='bbox 1037 818 1288 858; x_wconf 83' lang='lat' dir='ltr'><strong>Christianae</strong></span> <span class='ocrx_word' id='word_1_104' title='bbox 1325 820 1484 871; x_wconf 89' lang='lat' dir='ltr'><strong>pietatis</strong></span> 
     </span>
     <span class='ocr_line' id='line_1_14' title="bbox 46 872 1483 919; baseline 0.001 -10"><span class='ocrx_word' id='word_1_105' title='bbox 46 878 120 919; x_wconf 86' lang='lat' dir='ltr'><strong>est,</strong></span> <span class='ocrx_word' id='word_1_106' title='bbox 150 873 286 910; x_wconf 88' lang='lat' dir='ltr'><strong>omnia</strong></span> <span class='ocrx_word' id='word_1_107' title='bbox 315 873 357 911; x_wconf 89' lang='lat' dir='ltr'><strong>in</strong></span> <span class='ocrx_word' id='word_1_108' title='bbox 389 874 551 912; x_wconf 90' lang='lat' dir='ltr'><strong>nomine</strong></span> <span class='ocrx_word' id='word_1_109' title='bbox 577 875 740 912; x_wconf 88' lang='lat' dir='ltr'><strong>Domini</strong></span> <span class='ocrx_word' id='word_1_110' title='bbox 772 881 811 912; x_wconf 87' lang='lat' dir='ltr'><strong>et</strong></span> <span class='ocrx_word' id='word_1_111' title='bbox 852 888 944 913; x_wconf 91' lang='lat' dir='ltr'><strong>cum</strong></span> <span class='ocrx_word' id='word_1_112' title='bbox 972 873 1116 913; x_wconf 88' lang='lat' dir='ltr'><strong>fiducia</strong></span> <span class='ocrx_word' id='word_1_113' title='bbox 1143 872 1319 913; x_wconf 85' lang='lat' dir='ltr'><strong>caelestis</strong></span> <span class='ocrx_word' id='word_1_114' title='bbox 1347 873 1483 912; x_wconf 78' lang='lat' dir='ltr'><strong>auxilii</strong></span> 
     </span>
     <span class='ocr_line' id='line_1_15' title="bbox 45 926 1483 982; baseline 0.001 -18"><span class='ocrx_word' id='word_1_115' title='bbox 45 926 199 966; x_wconf 78' lang='lat' dir='ltr'><strong>facere:</strong></span> <span class='ocrx_word' id='word_1_116' title='bbox 248 928 361 966; x_wconf 89' lang='lat' dir='ltr'><strong>cuius</strong></span> <span class='ocrx_word' id='word_1_117' title='bbox 388 928 607 968; x_wconf 87' lang='lat' dir='ltr'><strong>voluntatis</strong></span> <span class='ocrx_word' id='word_1_118' title='bbox 649 943 695 967; x_wconf 87' lang='lat' dir='ltr'><strong>ac</strong></span> <span class='ocrx_word' id='word_1_119' title='bbox 725 930 809 982; x_wconf 89' lang='lat' dir='ltr'><strong>spei</strong></span> <span class='ocrx_word' id='word_1_120' title='bbox 863 930 1020 982; x_wconf 88' lang='lat' dir='ltr'><strong>signum</strong></span> <span class='ocrx_word' id='word_1_121' title='bbox 1063 937 1150 977; x_wconf 87' lang='lat' dir='ltr'><strong>est,</strong></span> <span class='ocrx_word' id='word_1_122' title='bbox 1197 928 1414 967; x_wconf 86' lang='lat' dir='ltr'><strong>formatum</strong></span> <span class='ocrx_word' id='word_1_123' title='bbox 1441 930 1483 966; x_wconf 90' lang='lat' dir='ltr'><strong>in</strong></span> 
     </span>
     <span class='ocr_line' id='line_1_16' title="bbox 44 979 1484 1036; baseline 0.001 -17"><span class='ocrx_word' id='word_1_124' title='bbox 44 979 175 1020; x_wconf 83' lang='lat' dir='ltr'><strong>fronte</strong></span> <span class='ocrx_word' id='word_1_125' title='bbox 214 989 285 1021; x_wconf 90' lang='lat' dir='ltr'><strong>aut</strong></span> <span class='ocrx_word' id='word_1_126' title='bbox 329 984 370 1021; x_wconf 92' lang='lat' dir='ltr'><strong>in</strong></span> <span class='ocrx_word' id='word_1_127' title='bbox 412 986 502 1023; x_wconf 71' lang='lat' dir='ltr'><strong>aere</strong></span> <span class='ocrx_word' id='word_1_128' title='bbox 539 991 631 1023; x_wconf 86' lang='lat' dir='ltr'><strong>ante</strong></span> <span class='ocrx_word' id='word_1_129' title='bbox 672 998 746 1023; x_wconf 90' lang='lat' dir='ltr'><strong>nos</strong></span> <span class='ocrx_word' id='word_1_130' title='bbox 775 997 956 1036; x_wconf 88' lang='lat' dir='ltr'><strong>expressa</strong></span> <span class='ocrx_word' id='word_1_131' title='bbox 997 998 1118 1023; x_wconf 87' lang='lat' dir='ltr'><strong>manu</strong></span> <span class='ocrx_word' id='word_1_132' title='bbox 1159 991 1318 1022; x_wconf 89' lang='lat' dir='ltr'><strong>sanctae</strong></span> <span class='ocrx_word' id='word_1_133' title='bbox 1354 984 1484 1022; x_wconf 88' lang='lat' dir='ltr'><strong>crucis</strong></span> 
     </span>
     <span class='ocr_line' id='line_1_17' title="bbox 48 1036 1485 1091; baseline 0.002 -18"><span class='ocrx_word' id='word_1_134' title='bbox 48 1036 178 1089; x_wconf 78' lang='lat' dir='ltr'><strong>figura</strong></span> <span class='ocrx_word' id='word_1_135' title='bbox 200 1050 212 1074; x_wconf 88' lang='lat'>:</span> <span class='ocrx_word' id='word_1_136' title='bbox 247 1051 318 1090; x_wconf 91' lang='lat' dir='ltr'><strong>per</strong></span> <span class='ocrx_word' id='word_1_137' title='bbox 358 1052 480 1091; x_wconf 88' lang='lat' dir='ltr'><strong>quam</strong></span> <span class='ocrx_word' id='word_1_138' title='bbox 510 1039 617 1077; x_wconf 89' lang='lat' dir='ltr'><strong>bona</strong></span> <span class='ocrx_word' id='word_1_139' title='bbox 643 1039 778 1077; x_wconf 87' lang='lat' dir='ltr'><strong>omnia</strong></span> <span class='ocrx_word' id='word_1_140' title='bbox 823 1046 862 1077; x_wconf 88' lang='lat' dir='ltr'><strong>et</strong></span> <span class='ocrx_word' id='word_1_141' title='bbox 900 1039 1007 1078; x_wconf 88' lang='lat' dir='ltr'><strong>salus</strong></span> <span class='ocrx_word' id='word_1_142' title='bbox 1036 1040 1152 1078; x_wconf 89' lang='lat' dir='ltr'><strong>nobis</strong></span> <span class='ocrx_word' id='word_1_143' title='bbox 1189 1053 1263 1091; x_wconf 91' lang='lat' dir='ltr'><strong>per</strong></span> <span class='ocrx_word' id='word_1_144' title='bbox 1306 1038 1432 1077; x_wconf 87' lang='lat' dir='ltr'><strong>filium</strong></span> <span class='ocrx_word' id='word_1_145' title='bbox 1459 1052 1485 1077; x_wconf 85' lang='lat' dir='ltr'><strong>a</strong></span> 
     </span>
     <span class='ocr_line' id='line_1_18' title="bbox 21 1088 1486 1146; baseline 0.002 -17"><span class='ocrx_word' id='word_1_146' title='bbox 21 1088 133 1130; x_wconf 59' lang='lat' dir='ltr'><strong>«Deo</strong></span> <span class='ocrx_word' id='word_1_147' title='bbox 167 1098 280 1145; x_wconf 87' lang='lat' dir='ltr'><strong>patre</strong></span> <span class='ocrx_word' id='word_1_148' title='bbox 295 1093 506 1146; x_wconf 87' lang='lat' dir='ltr'><strong>impetrata</strong></span> <span class='ocrx_word' id='word_1_149' title='bbox 533 1101 604 1133; x_wconf 87' lang='lat' dir='ltr'><strong>est.</strong></span> <span class='ocrx_word' id='word_1_150' title='bbox 662 1094 794 1132; x_wconf 80' lang='lat' dir='ltr'><strong>Credo</strong></span> <span class='ocrx_word' id='word_1_151' title='bbox 825 1095 945 1132; x_wconf 86' lang='lat' dir='ltr'><strong>etiam</strong></span> <span class='ocrx_word' id='word_1_152' title='bbox 972 1094 1047 1133; x_wconf 90' lang='lat' dir='ltr'><strong>hos</strong></span> <span class='ocrx_word' id='word_1_153' title='bbox 1077 1093 1222 1133; x_wconf 88' lang='lat' dir='ltr'><strong>milites</strong></span> <span class='ocrx_word' id='word_1_154' title='bbox 1250 1093 1372 1132; x_wconf 85' lang='lat' dir='ltr'><strong>fuisse</strong></span> <span class='ocrx_word' id='word_1_155' title='bbox 1401 1106 1486 1132; x_wconf 89' lang='lat' dir='ltr'><strong>me—</strong></span> 
     </span>
     <span class='ocr_line' id='line_1_19' title="bbox 43 1146 1486 1202; baseline 0.002 -18"><span class='ocrx_word' id='word_1_156' title='bbox 43 1158 176 1186; x_wconf 87' lang='lat' dir='ltr'><strong>mores</strong></span> <span class='ocrx_word' id='word_1_157' title='bbox 202 1146 309 1186; x_wconf 83' lang='lat' dir='ltr'><strong>illius</strong></span> <span class='ocrx_word' id='word_1_158' title='bbox 326 1178 338 1197; x_wconf 93' lang='lat'>‚</span> <span class='ocrx_word' id='word_1_159' title='bbox 367 1149 477 1201; x_wconf 91' lang='lat' dir='ltr'><strong>quod</strong></span> <span class='ocrx_word' id='word_1_160' title='bbox 504 1150 546 1187; x_wconf 90' lang='lat' dir='ltr'><strong>in</strong></span> <span class='ocrx_word' id='word_1_161' title='bbox 573 1150 657 1189; x_wconf 84' lang='lat' dir='ltr'><strong>vita</strong></span> <span class='ocrx_word' id='word_1_162' title='bbox 687 1149 939 1189; x_wconf 84' lang='lat' dir='ltr'><strong>Constantini</strong></span> <span class='ocrx_word' id='word_1_163' title='bbox 970 1148 1161 1202; x_wconf 86' lang='lat' dir='ltr'><strong>legimus,</strong></span> <span class='ocrx_word' id='word_1_164' title='bbox 1195 1150 1238 1188; x_wconf 92' lang='lat' dir='ltr'><strong>in</strong></span> <span class='ocrx_word' id='word_1_165' title='bbox 1268 1150 1339 1187; x_wconf 84' lang='lat' dir='ltr'><strong>hoc</strong></span> <span class='ocrx_word' id='word_1_166' title='bbox 1374 1149 1486 1200; x_wconf 84' lang='lat' dir='ltr'><strong>signo</strong></span> 
     </span>
     <span class='ocr_line' id='line_1_20' title="bbox 43 1201 1487 1255; baseline 0.001 -16"><span class='ocrx_word' id='word_1_167' title='bbox 43 1201 189 1240; x_wconf 77' lang='lat' dir='ltr'><strong>vinces.</strong></span> <span class='ocrx_word' id='word_1_168' title='bbox 244 1202 348 1241; x_wconf 86' lang='lat' dir='ltr'><strong>Sunt</strong></span> <span class='ocrx_word' id='word_1_169' title='bbox 385 1210 425 1242; x_wconf 88' lang='lat' dir='ltr'><strong>et</strong></span> <span class='ocrx_word' id='word_1_170' title='bbox 460 1203 537 1242; x_wconf 85' lang='lat' dir='ltr'><strong>alia</strong></span> <span class='ocrx_word' id='word_1_171' title='bbox 565 1203 770 1255; x_wconf 85' lang='lat' dir='ltr'><strong>exempla,</strong></span> <span class='ocrx_word' id='word_1_172' title='bbox 815 1211 853 1242; x_wconf 93' lang='lat' dir='ltr'><strong>et</strong></span> <span class='ocrx_word' id='word_1_173' title='bbox 884 1218 1010 1244; x_wconf 89' lang='lat' dir='ltr'><strong>unum</strong></span> <span class='ocrx_word' id='word_1_174' title='bbox 1037 1204 1191 1243; x_wconf 87' lang='lat' dir='ltr'><strong>illustre</strong></span> <span class='ocrx_word' id='word_1_175' title='bbox 1219 1205 1345 1242; x_wconf 87' lang='lat' dir='ltr'><strong>sancti</strong></span> <span class='ocrx_word' id='word_1_176' title='bbox 1373 1204 1487 1241; x_wconf 86' lang='lat' dir='ltr'><strong>Mar-</strong></span> 
     </span>
     <span class='ocr_line' id='line_1_21' title="bbox 42 1255 1484 1311; baseline 0.003 -18"><span class='ocrx_word' id='word_1_177' title='bbox 42 1256 140 1305; x_wconf 80' lang='lat' dir='ltr'><strong>tini,</strong></span> <span class='ocrx_word' id='word_1_178' title='bbox 177 1258 244 1295; x_wconf 90' lang='lat' dir='ltr'><strong>cui</strong></span> <span class='ocrx_word' id='word_1_179' title='bbox 280 1271 372 1296; x_wconf 88' lang='lat' dir='ltr'><strong>cum</strong></span> <span class='ocrx_word' id='word_1_180' title='bbox 399 1259 589 1298; x_wconf 90' lang='lat' dir='ltr'><strong>timiditas</strong></span> <span class='ocrx_word' id='word_1_181' title='bbox 617 1259 882 1308; x_wconf 87' lang='lat' dir='ltr'><strong>obiiceretur,</strong></span> <span class='ocrx_word' id='word_1_182' title='bbox 915 1255 1078 1311; x_wconf 84' lang='lat' dir='ltr'><strong>propter</strong></span> <span class='ocrx_word' id='word_1_183' title='bbox 1105 1273 1227 1311; x_wconf 85' lang='lat' dir='ltr'><strong>quam</strong></span> <span class='ocrx_word' id='word_1_184' title='bbox 1254 1258 1484 1298; x_wconf 86' lang='lat' dir='ltr'><strong>missionem</strong></span> 
     </span>
     <span class='ocr_line' id='line_1_22' title="bbox 41 1313 1484 1368; baseline 0.001 -19"><span class='ocrx_word' id='word_1_185' title='bbox 41 1317 207 1363; x_wconf 78' lang='lat' dir='ltr'><strong>peteret,</strong></span> <span class='ocrx_word' id='word_1_186' title='bbox 226 1326 314 1364; x_wconf 80' lang='lat' dir='ltr'><strong>ego,</strong></span> <span class='ocrx_word' id='word_1_187' title='bbox 334 1314 480 1366; x_wconf 89' lang='lat' dir='ltr'><strong>inquit,</strong></span> <span class='ocrx_word' id='word_1_188' title='bbox 500 1315 609 1366; x_wconf 66' lang='lat' dir='ltr'><strong>signo</strong></span> <span class='ocrx_word' id='word_1_189' title='bbox 629 1315 768 1363; x_wconf 70' lang='lat' dir='ltr'><strong>onmis,</strong></span> <span class='ocrx_word' id='word_1_190' title='bbox 792 1328 870 1352; x_wconf 86' lang='lat' dir='ltr'><strong>non</strong></span> <span class='ocrx_word' id='word_1_191' title='bbox 885 1315 1021 1367; x_wconf 83' lang='lat' dir='ltr'><strong>clypeo</strong></span> <span class='ocrx_word' id='word_1_192' title='bbox 1037 1323 1232 1368; x_wconf 81' lang='lat' dir='ltr'><strong>protectas</strong></span> <span class='ocrx_word' id='word_1_193' title='bbox 1256 1322 1328 1352; x_wconf 80' lang='lat' dir='ltr'><strong>aut</strong></span> <span class='ocrx_word' id='word_1_194' title='bbox 1349 1313 1484 1366; x_wconf 83' lang='lat' dir='ltr'><strong>galea,</strong></span> 
     </span>
     <span class='ocr_line' id='line_1_23' title="bbox 42 1366 1485 1422; baseline 0.001 -18"><span class='ocrx_word' id='word_1_195' title='bbox 42 1366 207 1405; x_wconf 72' lang='lat' dir='ltr'><strong>hostium</strong></span> <span class='ocrx_word' id='word_1_196' title='bbox 237 1381 375 1406; x_wconf 80' lang='lat' dir='ltr'><strong>cuneos</strong></span> <span class='ocrx_word' id='word_1_197' title='bbox 395 1369 612 1422; x_wconf 78' lang='lat' dir='ltr'><strong>penetrabo</strong></span> <span class='ocrx_word' id='word_1_198' title='bbox 630 1383 792 1410; x_wconf 76' lang='lat' dir='ltr'><strong>securus.</strong></span> <span class='ocrx_word' id='word_1_199' title='bbox 825 1368 1020 1422; x_wconf 87' lang='lat' dir='ltr'><strong>Sulpitius</strong></span> <span class='ocrx_word' id='word_1_200' title='bbox 1042 1370 1084 1407; x_wconf 91' lang='lat' dir='ltr'><strong>in</strong></span> <span class='ocrx_word' id='word_1_201' title='bbox 1113 1370 1169 1407; x_wconf 92' lang='lat' dir='ltr'><strong>eis</strong></span> <span class='ocrx_word' id='word_1_202' title='bbox 1198 1370 1293 1410; x_wconf 88' lang='lat' dir='ltr'><strong>vita.</strong></span> <span class='ocrx_word' id='word_1_203' title='bbox 1312 1381 1485 1407; x_wconf 66' lang='lat' dir='ltr'><strong>romum.</strong></span> 
     </span>
    </p>

    <p class='ocr_par' dir='ltr' id='par_1_6' title="bbox 41 1418 1486 1532">
     <span class='ocr_line' id='line_1_24' title="bbox 150 1418 1486 1476; baseline 0.001 -16"><span class='ocrx_word' id='word_1_204' title='bbox 150 1421 258 1474; x_wconf 81' lang='lat' dir='ltr'><strong>Pag.</strong></span> <span class='ocrx_word' id='word_1_205' title='bbox 282 1421 377 1474; x_wconf 71' lang='lat'><strong>548,</strong></span> <span class='ocrx_word' id='word_1_206' title='bbox 401 1437 438 1465; x_wconf 86' lang='lat'><strong>2,</strong></span> <span class='ocrx_word' id='word_1_207' title='bbox 468 1423 677 1462; x_wconf 70' lang='grc' dir='ltr'><em>αἠέθανεν</em></span> <span class='ocrx_word' id='word_1_208' title='bbox 706 1424 796 1465; x_wconf 83' lang='lat' dir='ltr'><strong>add.</strong></span> <span class='ocrx_word' id='word_1_209' title='bbox 828 1425 887 1465; x_wconf 90' lang='lat' dir='ltr'><strong>M.</strong></span> <span class='ocrx_word' id='word_1_210' title='bbox 920 1438 1000 1476; x_wconf 82' lang='lat' dir='ltr'><strong>mg.</strong></span> <span class='ocrx_word' id='word_1_211' title='bbox 1039 1431 1130 1476; x_wconf 87' lang='lat' dir='ltr'><strong>post</strong></span> <span class='ocrx_word' id='word_1_212' title='bbox 1170 1418 1321 1470; x_wconf 74' lang='grc' dir='ltr'><strong>οὗδείς.</strong></span> <span class='ocrx_word' id='word_1_213' title='bbox 1357 1423 1486 1476; x_wconf 89' lang='lat' dir='ltr'><strong>Spen-</strong></span> 
     </span>
     <span class='ocr_line' id='line_1_25' title="bbox 41 1471 1254 1532; baseline 0.003 -17"><span class='ocrx_word' id='word_1_214' title='bbox 41 1474 117 1529; x_wconf 83' lang='lat' dir='ltr'><strong>gel.</strong></span> <span class='ocrx_word' id='word_1_215' title='bbox 143 1475 170 1517; x_wconf 87' lang='lat' dir='ltr'><strong>l.</strong></span> <span class='ocrx_word' id='word_1_216' title='bbox 198 1476 226 1519; x_wconf 93' lang='lat' dir='ltr'><strong>l.</strong></span> <span class='ocrx_word' id='word_1_217' title='bbox 260 1479 366 1516; x_wconf 88' lang='lat' dir='ltr'><strong>coni.</strong></span> <span class='ocrx_word' id='word_1_218' title='bbox 399 1476 539 1524; x_wconf 76' lang='grc' dir='ltr'><strong><em>ου’ὃείς</em></strong></span> <span class='ocrx_word' id='word_1_219' title='bbox 567 1471 663 1516; x_wconf 72' lang='grc' dir='ltr'><em>οὕτε</em></span> <span class='ocrx_word' id='word_1_220' title='bbox 691 1472 919 1530; x_wconf 73' lang='grc' dir='ltr'><em>ἀπέθανεν,</em></span> <span class='ocrx_word' id='word_1_221' title='bbox 950 1473 1047 1518; x_wconf 68' lang='grc' dir='ltr'><strong>οὔτε</strong></span> <span class='ocrx_word' id='word_1_222' title='bbox 1076 1474 1254 1532; x_wconf 77' lang='grc' dir='ltr'><strong>ἐτρώθη.</strong></span> 
     </span>
    </p>

    <p class='ocr_par' dir='ltr' id='par_1_7' title="bbox 152 1529 971 1585">
     <span class='ocr_line' id='line_1_26' title="bbox 152 1529 971 1585; baseline 0.004 -14"><span class='ocrx_word' id='word_1_223' title='bbox 152 1530 261 1584; x_wconf 80' lang='lat' dir='ltr'><strong>Pag.</strong></span> <span class='ocrx_word' id='word_1_224' title='bbox 286 1532 381 1583; x_wconf 79' lang='lat'><strong>348,</strong></span> <span class='ocrx_word' id='word_1_225' title='bbox 404 1532 466 1573; x_wconf 80' lang='lat'><strong>15.</strong></span> <span class='ocrx_word' id='word_1_226' title='bbox 497 1530 570 1571; x_wconf 82' lang='grc' dir='ltr'><em>καί</em></span> <span class='ocrx_word' id='word_1_227' title='bbox 595 1529 697 1572; x_wconf 71' lang='grc' dir='ltr'><em>κατὰ</em></span> <span class='ocrx_word' id='word_1_228' title='bbox 732 1531 883 1585; x_wconf 80' lang='grc' dir='ltr'><em>κράτος</em></span> <span class='ocrx_word' id='word_1_229' title='bbox 912 1535 971 1574; x_wconf 86' lang='grc' dir='ltr'><strong>Μ.</strong></span> 
     </span>
    </p>

    <p class='ocr_par' dir='ltr' id='par_1_8' title="bbox 150 1585 776 1641">
     <span class='ocr_line' id='line_1_27' title="bbox 150 1585 776 1641; baseline 0.002 -16"><span class='ocrx_word' id='word_1_230' title='bbox 150 1585 256 1639; x_wconf 84' lang='lat' dir='ltr'><strong>Pag.</strong></span> <span class='ocrx_word' id='word_1_231' title='bbox 278 1586 374 1641; x_wconf 80' lang='lat'><strong>349,</strong></span> <span class='ocrx_word' id='word_1_232' title='bbox 402 1589 463 1627; x_wconf 79' lang='lat'><strong>25.</strong></span> <span class='ocrx_word' id='word_1_233' title='bbox 495 1586 684 1626; x_wconf 79' lang='grc' dir='ltr'><strong><em>ἐκέλευσε</em></strong></span> <span class='ocrx_word' id='word_1_234' title='bbox 718 1589 776 1630; x_wconf 89' lang='grc' dir='ltr'><strong>Μ.</strong></span> 
     </span>
    </p>

    <p class='ocr_par' dir='ltr' id='par_1_9' title="bbox 36 1639 1486 2303">
     <span class='ocr_line' id='line_1_28' title="bbox 150 1639 1482 1696; baseline 0.002 -16"><span class='ocrx_word' id='word_1_235' title='bbox 150 1639 260 1694; x_wconf 84' lang='lat' dir='ltr'><strong>Pag.</strong></span> <span class='ocrx_word' id='word_1_236' title='bbox 279 1642 373 1691; x_wconf 86' lang='lat'><strong>350,</strong></span> <span class='ocrx_word' id='word_1_237' title='bbox 395 1657 432 1681; x_wconf 86' lang='lat'><strong>2.</strong></span> <span class='ocrx_word' id='word_1_238' title='bbox 461 1643 566 1681; x_wconf 82' lang='lat' dir='ltr'><strong>mecl</strong></span> <span class='ocrx_word' id='word_1_239' title='bbox 574 1644 591 1680; x_wconf 86' lang='lat' dir='ltr'><strong>i</strong></span> <span class='ocrx_word' id='word_1_240' title='bbox 599 1657 672 1681; x_wconf 79' lang='lat' dir='ltr'><strong>um</strong></span> <span class='ocrx_word' id='word_1_241' title='bbox 698 1652 854 1683; x_wconf 84' lang='lat' dir='ltr'><strong>tenet.</strong></span> <span class='ocrx_word' id='word_1_242' title='bbox 884 1644 1017 1683; x_wconf 86' lang='lat' dir='ltr'><strong>Locus</strong></span> <span class='ocrx_word' id='word_1_243' title='bbox 1041 1643 1287 1696; x_wconf 86' lang='lat' dir='ltr'><strong>imperatoris</strong></span> <span class='ocrx_word' id='word_1_244' title='bbox 1307 1644 1349 1682; x_wconf 90' lang='lat' dir='ltr'><strong>in</strong></span> <span class='ocrx_word' id='word_1_245' title='bbox 1370 1657 1482 1682; x_wconf 88' lang='lat' dir='ltr'><strong>exer-</strong></span> 
     </span>
     <span class='ocr_line' id='line_1_29' title="bbox 39 1695 1481 1751; baseline 0.003 -19"><span class='ocrx_word' id='word_1_246' title='bbox 39 1695 135 1744; x_wconf 84' lang='lat' dir='ltr'><strong>citu,</strong></span> <span class='ocrx_word' id='word_1_247' title='bbox 163 1696 273 1748; x_wconf 90' lang='lat' dir='ltr'><strong>quod</strong></span> <span class='ocrx_word' id='word_1_248' title='bbox 299 1698 399 1736; x_wconf 84' lang='lat' dir='ltr'><strong>vidit</strong></span> <span class='ocrx_word' id='word_1_249' title='bbox 426 1704 545 1750; x_wconf 87' lang='lat' dir='ltr'><strong>poeta</strong></span> <span class='ocrx_word' id='word_1_250' title='bbox 577 1705 728 1749; x_wconf 85' lang='lat' dir='ltr'><strong>noster,</strong></span> <span class='ocrx_word' id='word_1_251' title='bbox 758 1712 851 1737; x_wconf 90' lang='lat' dir='ltr'><strong>cum</strong></span> <span class='ocrx_word' id='word_1_252' title='bbox 882 1700 936 1738; x_wconf 91' lang='lat' dir='ltr'><strong>sic</strong></span> <span class='ocrx_word' id='word_1_253' title='bbox 965 1699 1014 1738; x_wconf 90' lang='lat' dir='ltr'><strong>de</strong></span> <span class='ocrx_word' id='word_1_254' title='bbox 1027 1700 1168 1737; x_wconf 87' lang='lat' dir='ltr'><strong>Turno</strong></span> <span class='ocrx_word' id='word_1_255' title='bbox 1189 1699 1347 1745; x_wconf 78' lang='lat' dir='ltr'><strong>cecinit,</strong></span> <span class='ocrx_word' id='word_1_256' title='bbox 1367 1699 1481 1751; x_wconf 88' lang='lat' dir='ltr'><strong>prin-</strong></span> 
     </span>
     <span class='ocr_line' id='line_1_30' title="bbox 39 1750 1478 1807; baseline 0.002 -19"><span class='ocrx_word' id='word_1_257' title='bbox 39 1751 145 1801; x_wconf 84' lang='lat' dir='ltr'><strong>cipio</strong></span> <span class='ocrx_word' id='word_1_258' title='bbox 173 1750 266 1790; x_wconf 88' lang='lat' dir='ltr'><strong>libri</strong></span> <span class='ocrx_word' id='word_1_259' title='bbox 294 1766 355 1806; x_wconf 88' lang='lat'><strong>9.:</strong></span> <span class='ocrx_word' id='word_1_260' title='bbox 389 1752 560 1805; x_wconf 81' lang='lat' dir='ltr'><strong>Iamque</strong></span> <span class='ocrx_word' id='word_1_261' title='bbox 587 1755 711 1791; x_wconf 86' lang='lat' dir='ltr'><strong>omnis</strong></span> <span class='ocrx_word' id='word_1_262' title='bbox 730 1755 880 1807; x_wconf 84' lang='lat' dir='ltr'><strong>campis</strong></span> <span class='ocrx_word' id='word_1_263' title='bbox 907 1756 1102 1793; x_wconf 77' lang='lat' dir='ltr'><strong>exercitus</strong></span> <span class='ocrx_word' id='word_1_264' title='bbox 1131 1754 1214 1791; x_wconf 80' lang='lat' dir='ltr'><strong>ibat</strong></span> <span class='ocrx_word' id='word_1_265' title='bbox 1231 1754 1383 1807; x_wconf 82' lang='lat' dir='ltr'><strong>apertis</strong></span> <span class='ocrx_word' id='word_1_266' title='bbox 1402 1760 1478 1791; x_wconf 84' lang='lat' dir='ltr'><strong>etc.</strong></span> 
     </span>
     <span class='ocr_line' id='line_1_31' title="bbox 41 1804 1483 1861; baseline 0.001 -18"><span class='ocrx_word' id='word_1_267' title='bbox 41 1804 166 1844; x_wconf 85' lang='lat' dir='ltr'><strong>Libro</strong></span> <span class='ocrx_word' id='word_1_268' title='bbox 193 1807 289 1844; x_wconf 86' lang='lat' dir='ltr'><strong>item</strong></span> <span class='ocrx_word' id='word_1_269' title='bbox 324 1821 383 1846; x_wconf 85' lang='lat'><strong>10.</strong></span> <span class='ocrx_word' id='word_1_270' title='bbox 417 1807 467 1846; x_wconf 88' lang='lat' dir='ltr'><strong>de</strong></span> <span class='ocrx_word' id='word_1_271' title='bbox 500 1808 701 1857; x_wconf 84' lang='lat' dir='ltr'><strong>Ascanio,</strong></span> <span class='ocrx_word' id='word_1_272' title='bbox 745 1810 814 1860; x_wconf 89' lang='lat' dir='ltr'><strong>qui</strong></span> <span class='ocrx_word' id='word_1_273' title='bbox 860 1823 1069 1860; x_wconf 84' lang='lat' dir='ltr'><strong>personam</strong></span> <span class='ocrx_word' id='word_1_274' title='bbox 1099 1810 1221 1861; x_wconf 84' lang='lat' dir='ltr'><strong>patris</strong></span> <span class='ocrx_word' id='word_1_275' title='bbox 1263 1821 1308 1845; x_wconf 91' lang='lat' dir='ltr'><strong>ac</strong></span> <span class='ocrx_word' id='word_1_276' title='bbox 1338 1808 1483 1847; x_wconf 87' lang='lat' dir='ltr'><strong>summi</strong></span> 
     </span>
     <span class='ocr_line' id='line_1_32' title="bbox 38 1860 1483 1915; baseline 0.003 -17"><span class='ocrx_word' id='word_1_277' title='bbox 38 1860 208 1913; x_wconf 85' lang='lat' dir='ltr'><strong>proinde</strong></span> <span class='ocrx_word' id='word_1_278' title='bbox 238 1862 350 1900; x_wconf 88' lang='lat' dir='ltr'><strong>ducis</strong></span> <span class='ocrx_word' id='word_1_279' title='bbox 380 1862 595 1911; x_wconf 83' lang='lat' dir='ltr'><strong>referebat,</strong></span> <span class='ocrx_word' id='word_1_280' title='bbox 628 1863 667 1900; x_wconf 90' lang='lat' dir='ltr'><strong>in</strong></span> <span class='ocrx_word' id='word_1_281' title='bbox 691 1863 898 1902; x_wconf 84' lang='lat' dir='ltr'><strong>obsidione</strong></span> <span class='ocrx_word' id='word_1_282' title='bbox 925 1864 1173 1902; x_wconf 85' lang='lat' dir='ltr'><strong>sustinenda.</strong></span> <span class='ocrx_word' id='word_1_283' title='bbox 1208 1862 1359 1915; x_wconf 80' lang='lat' dir='ltr'><strong>Aquila</strong></span> <span class='ocrx_word' id='word_1_284' title='bbox 1375 1863 1483 1902; x_wconf 83' lang='lat' dir='ltr'><strong>circa</strong></span> 
     </span>
     <span class='ocr_line' id='line_1_33' title="bbox 39 1916 1486 1972; baseline 0.001 -17"><span class='ocrx_word' id='word_1_285' title='bbox 39 1916 215 1955; x_wconf 82' lang='lat' dir='ltr'><strong>medium</strong></span> <span class='ocrx_word' id='word_1_286' title='bbox 241 1918 357 1956; x_wconf 80' lang='lat' dir='ltr'><strong>totius</strong></span> <span class='ocrx_word' id='word_1_287' title='bbox 383 1918 548 1970; x_wconf 81' lang='lat' dir='ltr'><strong>legionis</strong></span> <span class='ocrx_word' id='word_1_288' title='bbox 575 1917 792 1967; x_wconf 79' lang='lat' dir='ltr'><strong>Iocabatur,</strong></span> <span class='ocrx_word' id='word_1_289' title='bbox 825 1919 954 1972; x_wconf 89' lang='lat' dir='ltr'><strong>inquit</strong></span> <span class='ocrx_word' id='word_1_290' title='bbox 971 1920 1127 1971; x_wconf 88' lang='lat' dir='ltr'><strong>Lipsius</strong></span> <span class='ocrx_word' id='word_1_291' title='bbox 1156 1918 1206 1957; x_wconf 86' lang='lat' dir='ltr'><strong>de</strong></span> <span class='ocrx_word' id='word_1_292' title='bbox 1224 1916 1341 1956; x_wconf 88' lang='lat' dir='ltr'><strong>Milit.</strong></span> <span class='ocrx_word' id='word_1_293' title='bbox 1365 1918 1486 1957; x_wconf 87' lang='lat' dir='ltr'><strong>Rom.</strong></span> 
     </span>
     <span class='ocr_line' id='line_1_34' title="bbox 39 1968 1484 2028; baseline 0 -18"><span class='ocrx_word' id='word_1_294' title='bbox 39 1968 145 2010; x_wconf 78' lang='lat' dir='ltr'><strong>libro</strong></span> <span class='ocrx_word' id='word_1_295' title='bbox 173 1970 213 2023; x_wconf 93' lang='lat'><strong>4.</strong></span> <span class='ocrx_word' id='word_1_296' title='bbox 244 1971 340 2011; x_wconf 90' lang='lat' dir='ltr'><strong>dial.</strong></span> <span class='ocrx_word' id='word_1_297' title='bbox 357 1971 410 2024; x_wconf 91' lang='lat'><strong>4.‚</strong></span> <span class='ocrx_word' id='word_1_298' title='bbox 439 1973 497 2011; x_wconf 83' lang='lat' dir='ltr'><strong>ihi</strong></span> <span class='ocrx_word' id='word_1_299' title='bbox 521 1973 627 2011; x_wconf 87' lang='lat' dir='ltr'><strong>enim</strong></span> <span class='ocrx_word' id='word_1_300' title='bbox 666 1974 883 2027; x_wconf 86' lang='lat' dir='ltr'><strong>imperator</strong></span> <span class='ocrx_word' id='word_1_301' title='bbox 906 1983 949 2012; x_wconf 82' lang='lat' dir='ltr'><strong>ut</strong></span> <span class='ocrx_word' id='word_1_302' title='bbox 974 1975 1026 2012; x_wconf 83' lang='lat' dir='ltr'><strong>sit</strong></span> <span class='ocrx_word' id='word_1_303' title='bbox 1053 1982 1226 2028; x_wconf 76' lang='lat' dir='ltr'><strong>oportet,</strong></span> <span class='ocrx_word' id='word_1_304' title='bbox 1261 1973 1363 2011; x_wconf 81' lang='lat' dir='ltr'><strong>unde</strong></span> <span class='ocrx_word' id='word_1_305' title='bbox 1382 1986 1484 2025; x_wconf 81' lang='lat' dir='ltr'><strong>pro-</strong></span> 
     </span>
     <span class='ocr_line' id='line_1_35' title="bbox 39 2025 1485 2084; baseline 0.001 -21"><span class='ocrx_word' id='word_1_306' title='bbox 39 2025 184 2079; x_wconf 81' lang='lat' dir='ltr'><strong>spiciat</strong></span> <span class='ocrx_word' id='word_1_307' title='bbox 210 2035 250 2065; x_wconf 77' lang='lat' dir='ltr'><strong>et</strong></span> <span class='ocrx_word' id='word_1_308' title='bbox 272 2028 434 2067; x_wconf 84' lang='lat' dir='ltr'><strong>mandet</strong></span> <span class='ocrx_word' id='word_1_309' title='bbox 448 2029 662 2079; x_wconf 82' lang='lat' dir='ltr'><strong>facillime</strong></span> <span class='ocrx_word' id='word_1_310' title='bbox 690 2029 733 2067; x_wconf 82' lang='lat' dir='ltr'><strong>in</strong></span> <span class='ocrx_word' id='word_1_311' title='bbox 765 2043 899 2068; x_wconf 85' lang='lat' dir='ltr'><strong>omnes</strong></span> <span class='ocrx_word' id='word_1_312' title='bbox 937 2038 1085 2084; x_wconf 84' lang='lat' dir='ltr'><strong>partes.</strong></span> <span class='ocrx_word' id='word_1_313' title='bbox 1141 2029 1184 2066; x_wconf 73' lang='lat' dir='ltr'><strong>Is</strong></span> <span class='ocrx_word' id='word_1_314' title='bbox 1216 2036 1346 2067; x_wconf 78' lang='lat' dir='ltr'><strong>autem</strong></span> <span class='ocrx_word' id='word_1_315' title='bbox 1376 2028 1485 2066; x_wconf 81' lang='lat' dir='ltr'><strong>locus</strong></span> 
     </span>
     <span class='ocr_line' id='line_1_36' title="bbox 38 2081 1485 2138; baseline 0 -18"><span class='ocrx_word' id='word_1_316' title='bbox 38 2081 188 2120; x_wconf 65' lang='lat' dir='ltr'><strong>medius</strong></span> <span class='ocrx_word' id='word_1_317' title='bbox 209 2091 288 2121; x_wconf 82' lang='lat' dir='ltr'><strong>est:</strong></span> <span class='ocrx_word' id='word_1_318' title='bbox 311 2083 383 2121; x_wconf 82' lang='lat' dir='ltr'><strong>sed</strong></span> <span class='ocrx_word' id='word_1_319' title='bbox 399 2084 569 2137; x_wconf 79' lang='lat' dir='ltr'><strong>paulum</strong></span> <span class='ocrx_word' id='word_1_320' title='bbox 593 2093 724 2122; x_wconf 83' lang='lat' dir='ltr'><strong>tamen</strong></span> <span class='ocrx_word' id='word_1_321' title='bbox 752 2084 809 2122; x_wconf 84' lang='lat' dir='ltr'><strong>ad</strong></span> <span class='ocrx_word' id='word_1_322' title='bbox 818 2084 951 2138; x_wconf 72' lang='lat' dir='ltr'><strong>fi&#39;tzetrz</strong></span> <span class='ocrx_word' id='word_1_323' title='bbox 971 2085 1098 2136; x_wconf 77' lang='lat' dir='ltr'><strong>magis</strong></span> <span class='ocrx_word' id='word_1_324' title='bbox 1120 2084 1315 2126; x_wconf 75' lang='lat' dir='ltr'><strong>admotus.</strong></span> <span class='ocrx_word' id='word_1_325' title='bbox 1372 2082 1485 2121; x_wconf 90' lang='lat' dir='ltr'><strong>Nam</strong></span> 
     </span>
     <span class='ocr_line' id='line_1_37' title="bbox 36 2135 1484 2193; baseline 0.001 -19"><span class='ocrx_word' id='word_1_326' title='bbox 36 2135 140 2175; x_wconf 77' lang='lat' dir='ltr'><strong>inter</strong></span> <span class='ocrx_word' id='word_1_327' title='bbox 161 2138 364 2192; x_wconf 73' lang='lat' dir='ltr'><strong>principes</strong></span> <span class='ocrx_word' id='word_1_328' title='bbox 390 2146 429 2176; x_wconf 88' lang='lat' dir='ltr'><strong>et</strong></span> <span class='ocrx_word' id='word_1_329' title='bbox 464 2139 628 2177; x_wconf 81' lang='lat' dir='ltr'><strong>triarios</strong></span> <span class='ocrx_word' id='word_1_330' title='bbox 664 2147 754 2176; x_wconf 83' lang='lat' dir='ltr'><strong>ante</strong></span> <span class='ocrx_word' id='word_1_331' title='bbox 791 2140 946 2193; x_wconf 81' lang='lat' dir='ltr'><strong>aquilas</strong></span> <span class='ocrx_word' id='word_1_332' title='bbox 977 2140 1121 2177; x_wconf 77' lang='lat' dir='ltr'><strong>stetisse</strong></span> <span class='ocrx_word' id='word_1_333' title='bbox 1152 2151 1283 2177; x_wconf 82' lang='lat' dir='ltr'><strong>censeo</strong></span> <span class='ocrx_word' id='word_1_334' title='bbox 1306 2138 1322 2176; x_wconf 91' lang='lat' dir='ltr'><strong>i</strong></span> <span class='ocrx_word' id='word_1_335' title='bbox 1326 2151 1484 2191; x_wconf 86' lang='lat' dir='ltr'><strong>mpera-</strong></span> 
     </span>
     <span class='ocr_line' id='line_1_38' title="bbox 38 2192 1484 2247; baseline 0.001 -18"><span class='ocrx_word' id='word_1_336' title='bbox 38 2197 176 2234; x_wconf 80' lang='lat' dir='ltr'><strong>torem.</strong></span> <span class='ocrx_word' id='word_1_337' title='bbox 232 2193 490 2245; x_wconf 74' lang='lat' dir='ltr'><strong>Argumenw,</strong></span> <span class='ocrx_word' id='word_1_338' title='bbox 522 2193 629 2247; x_wconf 78' lang='lat' dir='ltr'><strong>quod</strong></span> <span class='ocrx_word' id='word_1_339' title='bbox 657 2193 691 2231; x_wconf 82' lang='lat' dir='ltr'><strong>is</strong></span> <span class='ocrx_word' id='word_1_340' title='bbox 710 2195 791 2232; x_wconf 82' lang='lat' dir='ltr'><strong>eius</strong></span> <span class='ocrx_word' id='word_1_341' title='bbox 812 2195 905 2234; x_wconf 76' lang='lat' dir='ltr'><strong>sitas</strong></span> <span class='ocrx_word' id='word_1_342' title='bbox 925 2198 968 2234; x_wconf 82' lang='lat' dir='ltr'><strong>in</strong></span> <span class='ocrx_word' id='word_1_343' title='bbox 987 2193 1144 2242; x_wconf 77' lang='lat' dir='ltr'><strong>castris,</strong></span> <span class='ocrx_word' id='word_1_344' title='bbox 1168 2202 1261 2233; x_wconf 86' lang='lat' dir='ltr'><strong>ante</strong></span> <span class='ocrx_word' id='word_1_345' title='bbox 1273 2192 1484 2247; x_wconf 83' lang='lat' dir='ltr'><strong>principia</strong></span> 
     </span>
     <span class='ocr_line' id='line_1_39' title="bbox 37 2244 595 2303; baseline 0.004 -18"><span class='ocrx_word' id='word_1_346' title='bbox 37 2244 129 2285; x_wconf 82' lang='lat' dir='ltr'><strong>dico</strong></span> <span class='ocrx_word' id='word_1_347' title='bbox 155 2255 194 2286; x_wconf 85' lang='lat' dir='ltr'><strong>et</strong></span> <span class='ocrx_word' id='word_1_348' title='bbox 220 2248 390 2303; x_wconf 73' lang='lat' dir='ltr'><strong>aquilas.</strong></span> <span class='ocrx_word' id='word_1_349' title='bbox 425 2262 595 2287; x_wconf 64' lang='grc' dir='ltr'><strong>ΡοΝτΑΝ.</strong></span> 
     </span>
    </p>

    <p class='ocr_par' dir='ltr' id='par_1_10' title="bbox 36 2301 1485 2787">
     <span class='ocr_line' id='line_1_40' title="bbox 149 2301 1482 2356; baseline 0.001 -15"><span class='ocrx_word' id='word_1_350' title='bbox 149 2301 257 2355; x_wconf 79' lang='lat' dir='ltr'><strong>Pag.</strong></span> <span class='ocrx_word' id='word_1_351' title='bbox 280 2302 433 2352; x_wconf 80' lang='lat'><strong>355‚3.</strong></span> <span class='ocrx_word' id='word_1_352' title='bbox 463 2302 1035 2356; x_wconf 84' lang='lat' dir='ltr'><strong>Andronieisilio,</strong></span> <span class='ocrx_word' id='word_1_353' title='bbox 1077 2311 1343 2356; x_wconf 81' lang='lat' dir='ltr'><strong>cognato</strong></span> <span class='ocrx_word' id='word_1_354' title='bbox 1378 2314 1482 2342; x_wconf 80' lang='lat' dir='ltr'><strong>suo.</strong></span> 
     </span>
     <span class='ocr_line' id='line_1_41' title="bbox 38 2355 1485 2413; baseline -0.001 -19"><span class='ocrx_word' id='word_1_355' title='bbox 38 2355 235 2405; x_wconf 83' lang='lat' dir='ltr'><strong>Quamvis</strong></span> <span class='ocrx_word' id='word_1_356' title='bbox 266 2359 419 2397; x_wconf 85' lang='lat' dir='ltr'><strong>Graece</strong></span> <span class='ocrx_word' id='word_1_357' title='bbox 449 2359 499 2396; x_wconf 91' lang='lat' dir='ltr'><strong>sit</strong></span> <span class='ocrx_word' id='word_1_358' title='bbox 527 2357 770 2413; x_wconf 75' lang='grc' dir='ltr'><em>ἕξαδέλφῳ,</em></span> <span class='ocrx_word' id='word_1_359' title='bbox 809 2360 918 2412; x_wconf 88' lang='lat' dir='ltr'><strong>quod</strong></span> <span class='ocrx_word' id='word_1_360' title='bbox 959 2358 1181 2412; x_wconf 84' lang='lat' dir='ltr'><strong>patruelem</strong></span> <span class='ocrx_word' id='word_1_361' title='bbox 1219 2359 1485 2410; x_wconf 86' lang='lat' dir='ltr'><strong>interpretan-</strong></span> 
     </span>
     <span class='ocr_line' id='line_1_42' title="bbox 38 2411 1481 2463; baseline 0 -14"><span class='ocrx_word' id='word_1_362' title='bbox 38 2416 139 2462; x_wconf 87' lang='lat' dir='ltr'><strong>tur,</strong></span> <span class='ocrx_word' id='word_1_363' title='bbox 170 2418 304 2451; x_wconf 85' lang='lat' dir='ltr'><strong>tamen</strong></span> <span class='ocrx_word' id='word_1_364' title='bbox 334 2419 488 2452; x_wconf 87' lang='lat' dir='ltr'><strong>certum</strong></span> <span class='ocrx_word' id='word_1_365' title='bbox 527 2420 600 2463; x_wconf 89' lang='lat' dir='ltr'><strong>cst,</strong></span> <span class='ocrx_word' id='word_1_366' title='bbox 633 2413 860 2453; x_wconf 87' lang='lat' dir='ltr'><strong>Manuelem</strong></span> <span class='ocrx_word' id='word_1_367' title='bbox 895 2415 1120 2453; x_wconf 89' lang='lat' dir='ltr'><strong>Andronici</strong></span> <span class='ocrx_word' id='word_1_368' title='bbox 1160 2413 1303 2453; x_wconf 87' lang='lat' dir='ltr'><strong>Asanis</strong></span> <span class='ocrx_word' id='word_1_369' title='bbox 1340 2411 1481 2454; x_wconf 73' lang='lat' dir='ltr'><strong>filium.</strong></span> 
     </span>
     <span class='ocr_line' id='line_1_43' title="bbox 38 2463 1484 2521; baseline 0 -17"><span class='ocrx_word' id='word_1_370' title='bbox 38 2463 298 2519; x_wconf 80' lang='lat' dir='ltr'><strong>imperatoris</strong></span> <span class='ocrx_word' id='word_1_371' title='bbox 328 2467 446 2506; x_wconf 87' lang='lat' dir='ltr'><strong>huius</strong></span> <span class='ocrx_word' id='word_1_372' title='bbox 475 2467 694 2521; x_wconf 86' lang='lat' dir='ltr'><strong>patruelem</strong></span> <span class='ocrx_word' id='word_1_373' title='bbox 722 2470 886 2509; x_wconf 86' lang='lat' dir='ltr'><strong>minime</strong></span> <span class='ocrx_word' id='word_1_374' title='bbox 925 2470 1067 2508; x_wconf 81' lang='lat' dir='ltr'><strong>fuisse:</strong></span> <span class='ocrx_word' id='word_1_375' title='bbox 1111 2469 1187 2507; x_wconf 90' lang='lat' dir='ltr'><strong>nisi</strong></span> <span class='ocrx_word' id='word_1_376' title='bbox 1218 2471 1300 2520; x_wconf 84' lang='lat' dir='ltr'><strong>ipse</strong></span> <span class='ocrx_word' id='word_1_377' title='bbox 1330 2466 1484 2505; x_wconf 87' lang='lat' dir='ltr'><strong>Asanes</strong></span> 
     </span>
     <span class='ocr_line' id='line_1_44' title="bbox 36 2522 1485 2577; baseline -0.001 -17"><span class='ocrx_word' id='word_1_378' title='bbox 36 2523 170 2561; x_wconf 70' lang='lat' dir='ltr'><strong>senior</strong></span> <span class='ocrx_word' id='word_1_379' title='bbox 211 2522 418 2562; x_wconf 84' lang='lat' dir='ltr'><strong>Michaelis</strong></span> <span class='ocrx_word' id='word_1_380' title='bbox 452 2526 577 2576; x_wconf 84' lang='lat' dir='ltr'><strong>patris</strong></span> <span class='ocrx_word' id='word_1_381' title='bbox 618 2524 868 2577; x_wconf 84' lang='lat' dir='ltr'><strong>imperatoris</strong></span> <span class='ocrx_word' id='word_1_382' title='bbox 899 2524 1022 2563; x_wconf 78' lang='lat' dir='ltr'><strong>frater</strong></span> <span class='ocrx_word' id='word_1_383' title='bbox 1061 2524 1192 2565; x_wconf 78' lang='lat' dir='ltr'><strong>suerit.</strong></span> <span class='ocrx_word' id='word_1_384' title='bbox 1250 2522 1374 2574; x_wconf 86' lang='lat' dir='ltr'><strong>Atqui</strong></span> <span class='ocrx_word' id='word_1_385' title='bbox 1404 2534 1485 2559; x_wconf 89' lang='lat' dir='ltr'><strong>non</strong></span> 
     </span>
     <span class='ocr_line' id='line_1_45' title="bbox 37 2575 1485 2620; baseline -0.001 -5"><span class='ocrx_word' id='word_1_386' title='bbox 37 2575 127 2616; x_wconf 71' lang='lat' dir='ltr'><strong>ibit.</strong></span> <span class='ocrx_word' id='word_1_387' title='bbox 179 2577 455 2617; x_wconf 87' lang='lat' dir='ltr'><strong>Veruntamen</strong></span> <span class='ocrx_word' id='word_1_388' title='bbox 487 2593 579 2618; x_wconf 88' lang='lat' dir='ltr'><strong>cum</strong></span> <span class='ocrx_word' id='word_1_389' title='bbox 611 2579 869 2620; x_wconf 90' lang='lat' dir='ltr'><strong>Andronicus</strong></span> <span class='ocrx_word' id='word_1_390' title='bbox 913 2580 1067 2618; x_wconf 88' lang='lat' dir='ltr'><strong>Asanes</strong></span> <span class='ocrx_word' id='word_1_391' title='bbox 1100 2593 1146 2617; x_wconf 86' lang='lat' dir='ltr'><strong>cx</strong></span> <span class='ocrx_word' id='word_1_392' title='bbox 1188 2591 1323 2616; x_wconf 86' lang='lat' dir='ltr'><strong>sorore</strong></span> <span class='ocrx_word' id='word_1_393' title='bbox 1354 2578 1485 2614; x_wconf 86' lang='lat' dir='ltr'><strong>senio-</strong></span> 
     </span>
     <span class='ocr_line' id='line_1_46' title="bbox 37 2630 1482 2688; baseline -0.001 -19"><span class='ocrx_word' id='word_1_394' title='bbox 37 2632 93 2670; x_wconf 87' lang='lat' dir='ltr'><strong>ris</strong></span> <span class='ocrx_word' id='word_1_395' title='bbox 115 2630 338 2672; x_wconf 87' lang='lat' dir='ltr'><strong>Andronici</strong></span> <span class='ocrx_word' id='word_1_396' title='bbox 367 2634 618 2686; x_wconf 86' lang='lat' dir='ltr'><strong>imperatoris</strong></span> <span class='ocrx_word' id='word_1_397' title='bbox 643 2642 761 2675; x_wconf 85' lang='lat' dir='ltr'><strong>natus</strong></span> <span class='ocrx_word' id='word_1_398' title='bbox 790 2636 840 2675; x_wconf 89' lang='lat' dir='ltr'><strong>sit</strong></span> <span class='ocrx_word' id='word_1_399' title='bbox 863 2635 1079 2688; x_wconf 81' lang='lat' dir='ltr'><strong>(siquidem</strong></span> <span class='ocrx_word' id='word_1_400' title='bbox 1109 2634 1141 2671; x_wconf 87' lang='lat' dir='ltr'><strong>is</strong></span> <span class='ocrx_word' id='word_1_401' title='bbox 1168 2633 1280 2677; x_wconf 78' lang='grc' dir='ltr'><em>θεῖος</em></span> <span class='ocrx_word' id='word_1_402' title='bbox 1310 2632 1393 2670; x_wconf 86' lang='lat' dir='ltr'><strong>eius</strong></span> <span class='ocrx_word' id='word_1_403' title='bbox 1421 2630 1482 2667; x_wconf 90' lang='lat' dir='ltr'><strong>di-</strong></span> 
     </span>
     <span class='ocr_line' id='line_1_47' title="bbox 39 2688 1480 2740; baseline 0.001 -16"><span class='ocrx_word' id='word_1_404' title='bbox 39 2688 195 2739; x_wconf 84' lang='lat' dir='ltr'><strong>citur),</strong></span> <span class='ocrx_word' id='word_1_405' title='bbox 227 2689 388 2728; x_wconf 85' lang='lat' dir='ltr'><strong>Manuel</strong></span> <span class='ocrx_word' id='word_1_406' title='bbox 423 2690 489 2728; x_wconf 84' lang='lat' dir='ltr'><strong>hic</strong></span> <span class='ocrx_word' id='word_1_407' title='bbox 518 2704 610 2728; x_wconf 88' lang='lat' dir='ltr'><strong>cum</strong></span> <span class='ocrx_word' id='word_1_408' title='bbox 638 2692 794 2730; x_wconf 88' lang='lat' dir='ltr'><strong>minore</strong></span> <span class='ocrx_word' id='word_1_409' title='bbox 822 2690 1070 2740; x_wconf 86' lang='lat' dir='ltr'><strong>Andronico,</strong></span> <span class='ocrx_word' id='word_1_410' title='bbox 1104 2695 1149 2727; x_wconf 85' lang='lat' dir='ltr'><strong>ut</strong></span> <span class='ocrx_word' id='word_1_411' title='bbox 1179 2693 1302 2740; x_wconf 82' lang='lat' dir='ltr'><strong>patet,</strong></span> <span class='ocrx_word' id='word_1_412' title='bbox 1333 2698 1480 2738; x_wconf 77' lang='lat' dir='ltr'><strong>cogna-</strong></span> 
     </span>
     <span class='ocr_line' id='line_1_48' title="bbox 42 2741 739 2787; baseline 0.009 -7"><span class='ocrx_word' id='word_1_413' title='bbox 42 2741 151 2781; x_wconf 87' lang='lat' dir='ltr'><strong>tione</strong></span> <span class='ocrx_word' id='word_1_414' title='bbox 179 2743 413 2784; x_wconf 70' lang='lat' dir='ltr'><strong>coniunctus</strong></span> <span class='ocrx_word' id='word_1_415' title='bbox 441 2745 532 2785; x_wconf 80' lang='lat' dir='ltr'><strong>fuit.</strong></span> <span class='ocrx_word' id='word_1_416' title='bbox 568 2759 739 2787; x_wconf 61' lang='grc' dir='ltr'><strong>νου-ΜΝ.</strong></span> 
     </span>
    </p>
   </div>
  </div>
 </body>
</html>
