1794 3158
411 171 486 212 AD
525 166 904 213 CANTAcanNi
935 171 1036 211 Lm.
1079 171 1098 211 1
1348 149 1456 226 377

26 276 180 319 uinum
204 271 357 313 scelera·
381 277 422 312 et
447 270 595 324 flagitia
616 301 627 318 ‚
658 285 740 311 non
768 278 898 311 essent
924 269 1146 326 pestilentia
1162 300 1174 321 ,
1196 268 1354 310 ‘bellum
1371 301 1381 319 ,
1403 271 1463 310 sa-

19 345 138 381 -mes,
175 329 380 369 eluviones
407 327 565 380 aliaque
593 326 698 366 mala
741 328 986 366 atrocissima
1013 334 1054 365 et
1084 325 1284 380 plurima,
1317 326 1464 379 quibus

25 386 136 426 Deus
161 398 234 424 nos
261 383 377 437 punit
409 382 474 421 vel
501 382 689 421 admonet
715 383 847 435 potius
862 411 874 430 ‚
909 389 956 422 ut
975 382 1252 434 resipiscamus
1268 411 1280 429 ‚
1311 383 1344 420 si
1369 395 1465 435 poe-

27 452 100 482 aas
139 440 320 478 aeternas
363 436 530 477 velimus
569 436 753 489 effugere.
807 437 918 490 Ergo
953 437 996 475 in
1034 437 1167 476 Deum
1195 436 1301 476 mala
1328 443 1465 476 nostra

14 494 83 536 >ub
110 494 213 534 hanc
241 506 400 532 causam
420 522 433 544 ‚
465 493 582 545 quasi
621 491 809 532 videlicet
833 494 874 530 in
905 491 1265 531 animadversorem
1302 492 1466 544 punito-

25 562 206 604 remque,
227 548 390 598 referri,
421 548 534 600 pium
566 554 623 586 est
640 576 652 598 ,
681 553 720 585 et
747 547 790 585 id
817 553 953 586 sancta
982 547 1178 599 scriptura
1216 547 1363 601 passim
1392 547 1468 587 do·-

25 611 102 646 σοί.
159 604 308 646 Omnia
322 632 335 652 ‚
364 615 464 658 quae
474 602 620 654 fecisti
645 602 756 641 nobis
770 631 780 650 ‚
811 602 1012 651 Domine,
1042 604 1084 640 in
1107 616 1204 643 vero
1232 602 1380 641 iudicio
1388 603 1466 654 fi:-

19 660 115 701 uisci
130 688 142 706 ‚
172 661 271 715 quia
288 658 535 713 peccavimus
577 657 652 699 tibi
689 665 727 696 et
751 657 949 696 mandatis
980 657 1054 695 tuis
1091 670 1176 696 non
1202 657 1462 705 obedivimus,

7 713 186 762 VDaniel.
207 714 249 754 5.
280 713 439 753 Mittam
458 712 566 752 locos
593 710 715 764 alios,
732 712 828 765 quia
854 712 1021 768 sapienti
1044 724 1172 770 pauca
1191 741 1204 762 ,
1227 719 1273 752 ut
1301 712 1463 752 dicitur.

0 782 200 814 ,⁴20R'TAN·
1264 791 1265 794 ¹

0 833 2 849 ῑ
138 823 239 877 Pag.
274 821 335 874 14,
369 822 429 863 15.
459 815 622 873 ἔγγονον
649 829 756 862 recte
786 821 844 861 Μ.

139 877 325 932 Pag.14‚
343 891 406 918 20.
437 877 781 916 Constantino
806 890 871 915 ex
897 873 1132 916 Gathar-a
1152 876 1356 932 pellice
1383 892 1466 918 na-

12 943 146 977 tum.
161 932 385 976 Muzalonis
397 932 691 985 protovestiarii
711 932 831 971 filiam
851 944 1014 970 uxorem
1031 931 1190 981 habuit,
1208 946 1254 971 ex
1275 933 1468 985 qua-nul-

30 988 91 1031 los
115 990 252 1044 genuit
278 987 436 1028 liberos.
467 987 530 1027 Ea
548 994 637 1040 post
652 987 855 1038 defuncta,
877 1000 923 1024 ex
940 985 1083 1025 ancilla
1098 987 1268 1027 formosa
1283 1017 1294 1036 ‚
1317 987 1469 1027 Catha-

25 1058 75 1086 ra
100 1046 287 1092 nomine,
317 1056 487 1096 puerum
517 1043 707 1096 suscepit,
741 1056 861 1095 quem
886 1040 1123 1082 Michaelem
1152 1043 1375 1081 catharum
1404 1044 1468 1082 di-

26 1100 84 1140 xit
102 1114 115 1140 ε
147 1106 187 1138 et
206 1098 462 1153 postmodum
492 1098 607 1136 novis
633 1098 842 1136 cuiusdam
866 1095 1071 1136 Eudociae
1103 1098 1306 1137 amoribus
1328 1100 1464 1151 (quam

26 1162 70 1194 et
98 1155 188 1195 viro
216 1156 302 1193 eius
332 1160 491 1192 mortuo
519 1166 683 1192 uxorem
713 1152 840 1202 duxit)
869 1159 1046 1191 veterem
1075 1160 1115 1192 et
1145 1153 1396 1192 concubinae
1427 1161 1468 1192 et

26 1209 102 1250 filii
126 1223 173 1249 ex
198 1223 244 1248 ea
266 1208 341 1248 sibi
371 1209 570 1261 procreati
597 1221 774 1247 amorem
803 1222 848 1247 ex
877 1207 1011 1246 animo
1039 1209 1177 1259 eiecit,
1206 1215 1252 1247 ut
1282 1207 1467 1262 pluribus

27 1262 101 1309 lib.
116 1264 158 1305 8.
189 1265 278 1317 ipso
308 1264 430 1302 ferme
458 1262 572 1302 initio
599 1276 623 1302 a
651 1264 829 1316 Gregora
857 1262 1054 1315 proditur.
1085 1277 1263 1303 ron-rm.

140 1319 243 1372 Pag.
278 1317 340 1370 14,
361 1318 424 1359 25.
455 1311 540 1356 οὔτ’
565 1315 782 1369 ἐγκυκλίου
828 1321 978 1371 πεῖραν
1018 1314 1117 1368 ἔσχε
1150 1318 1357 1366 παιδειας.
1403 1319 1467 1358 De

28 1374 128 1417 orbe
155 1373 226 1413 illo
253 1374 528 1413 doctrinarum
556 1372 836 1427 loquitur‚qui
866 1379 1016 1425 septem
1046 1374 1200 1413 artibus
1233 1373 1466 1413 liberalibus

12 1430 255 1471 'definitum'
293 1430 408 1481 Quae
447 1427 597 1481 alioqui
642 1429 761 1468 etiam
802 1430 940 1467 iuncto
969 1429 1093 1468 verbo
1122 1425 1465 1481 ἐγκυκλοπαιδειά

23 1487 164 1528 vvocari
191 1484 304 1525 solet.
364 1485 517 1523 Verum
545 1497 567 1522 a
599 1497 663 1522 me
691 1497 838 1522 nomen
873 1484 1006 1540 ipsum
1032 1485 1135 1524 orbis
1163 1485 1329 1538 exprimi
1357 1484 1468 1523 haud

28 1554 186 1586 necesse
214 1540 314 1591 fuit,
343 1539 503 1594 quando
531 1552 594 1578 res
626 1537 735 1578 clara
762 1545 834 1579 est.
887 1552 1058 1582 roman.

140 1595 245 1648 Pag.
269 1595 330 1643 15,
356 1610 394 1650 7.
429 1594 775 1633 Domesticum
803 1608 942 1633 suum
970 1604 1015 1634 et
1037 1594 1468 1636 contubernalem.

29 1653 226 1705 Gregoras
254 1650 350 1690 alias
383 1663 521 1689 causas
551 1648 652 1688 duas
680 1649 821 1700 affert,
861 1663 964 1702 quae
991 1657 1125 1689 tamen
1154 1650 1247 1688 huic
1277 1665 1301 1689 a
1328 1658 1467 1690 nostro

31 1707 179 1748 allatae
218 1705 320 1745 nihil
362 1711 600 1758 repugnant.
655 1704 787 1754 Eum,
826 1705 983 1757 inquit,
1021 1720 1168 1745 amnem
1193 1707 1332 1744 aetatis
1365 1706 1462 1745 XV
1458 1739 1469 1749 .

29 1771 204 1816 agentem
222 1761 460 1806 accersitum,
487 1761 589 1798 inter
602 1760 736 1799 aulica
762 1760 977 1799 ministeria
1002 1763 1165 1799 assumit
1181 1789 1193 1811 ,
1215 1762 1406 1814 primum,
1421 1775 1470 1800 ne

27 1819 80 1857 ab
105 1817 287 1857 omnibus
313 1817 514 1867 neglectus,
520 1816 643 1866 same
661 1816 812 1868 periret
830 1846 841 1864 ,
871 1816 1014 1854 deinde
1019 1817 1209 1867 sortasse,
1223 1825 1264 1853 ut
1278 1817 1471 1868 sanguine

23 1869 284 1928 'imperaton'o
319 1871 505 1910 oriundus
519 1899 531 1919 ,
559 1867 754 1921 affinitate
784 1885 872 1910 cum
899 1871 1034 1925 aliquo
1068 1885 1122 1910 ex
1133 1871 1321 1926 finitimis
1351 1873 1470 1910 hosti-

29 1927 97 1969 bus
138 1929 360 1979 iungeretur
384 1940 599 1981 pacemque
615 1927 842 1965 conciliaret
874 1935 911 1964 et
935 1927 1130 1965 Romanos
1173 1926 1469 1981 Romanamque

28 1998 112 2024 nem
135 1983 355 2023 adiuvaret.
411 1982 549 2034 Pergit
575 1980 719 2020 deinde
747 1983 883 2035 paucis
913 1982 1115 2030 indicare,
1143 1995 1224 2034 quo
1249 1980 1336 2020 loco
1364 1982 1471 2034 apud

31 2051 166 2084 nenem
208 2037 328 2077 fuerit
348 2067 360 2088 ,
400 2038 552 2090 in'quo
577 2044 712 2075 noster
738 2045 798 2076 est
825 2037 1036 2090 copiosior.
1096 2037 1193 2076 Cum
1229 2046 1381 2087 autem,
1411 2039 1471 2077 in·-

28 2095 141 2149 quit‚
168 2092 213 2131 in
233 2094 388 2147 palatio
417 2101 640 2131 versaretur·
653 2122 662 2140 ‚
685 2092 796 2131 brevi
825 2101 927 2143 temp
935 2107 1001 2131 ore
1020 2094 1264 2146 imperatoris
1297 2094 1475 2133 animum.

29 2150 88 2190 ἰῑα
113 2149 188 2188 sibi
221 2150 467 2199 conciliavit,
503 2156 545 2186 ul
564 2156 602 2186 et
628 2149 708 2202 ipsi
738 2149 988 2202 imperatoris
1016 2149 1114 2204 filii
1144 2148 1182 2185 ei
1225 2149 1472 2198 inviderent,

30 2205 283 2246 Andronicus
325 2218 420 2243 vero
483 2204 615 2242 iunior
668 2203 885 2256 imperator
934 2205 1175 2242 irasceretur
1248 2204 1477 2258 molesteque

16 2260 156 2316 jer-ret
169 2290 181 2310 ‚
212 2260 404 2312 insignem
443 2260 555 2298 illum
587 2260 649 2297 sui
691 2271 869 2297 atriorem
906 2259 1016 2312 apud
1048 2273 1166 2298 avum
1196 2258 1444 2314 languescere
1462 2291 1473 2308 ‚

30 2328 130 2367 erga
157 2316 350 2354 novitium
391 2328 488 2353 ‘vero
529 2314 642 2352 illum
681 2323 718 2353 et
747 2314 987 2353 subdititium
1014 2317 1264 2354 vehementer
1294 2329 1477 2357 crescet-e.

30 2370 220 2410 Ostendit
245 2377 470 2423 praeterea,
505 2368 706 2422 quomodo
738 2383 864 2408 annos
891 2377 1031 2409 natum
1060 2370 1124 2410 25.
1155 2371 1314 2410 cuidam
1339 2371 1475 2410 Mace-

33 2425 201 2466 donicae
227 2426 456 2479 provinciae
476 2426 708 2477 praefecerit
726 2455 737 2473 ‚
764 2432 804 2463 et
831 2427 915 2464 eius
948 2426 1174 2466 encomium
1202 2429 1308 2468 texit.
1365 2429 1473 2481 Lege

17 2478 159 2523 '⁴lib.8.
192 2480 313 2534 paulo
341 2487 431 2534 post
460 2481 716 2533 principium.
750 2494 920 2523 ronna.

146 2536 387 2588 Pag.16,3.
422 2537 1012 2590 propter-altitudinem
1033 2538 1244 2594 quidem
1267 2538 1474 2591 gracluS.

28 2589 189 2630 Plinius
217 2592 504 2644 Vespasianum
523 2591 730 2643 alloquens
748 2591 992 2644 praefatione
1015 2594 1214 2633 Historiae
1235 2608 1329 2632 suae
1345 2594 1474 2632 Natu-

37 2645 132 2684 ralis
150 2674 161 2695 ‚
193 2646 470 2700 imperatorem
499 2649 555 2686 ait
584 2648 623 2684 in
654 2647 914 2687 excelsissimo
943 2649 1108 2688 humaui
1140 2651 1294 2701 generis
1318 2649 1473 2698 fastigio

37 2701 222 2752 positum.
277 2701 440 2741 Nobiles
481 2716 526 2740 ae
569 2703 799 2755 praesertim
830 2705 1026 2757 principes
1047 2734 1058 2753 ‚
1094 2718 1227 2756 reges,
1260 2705 1474 2756 imperato-

40 2767 103 2796 res
138 2769 218 2794 non
261 2763 321 2795 est
369 2756 582 2797 verisimile
611 2759 768 2797 mentiri
797 2757 924 2806 velle,
965 2760 1058 2811 qnia
1087 2759 1126 2797 id
1155 2772 1309 2797 summa
1337 2771 1476 2796 eorum
