1794 3158
415 158 489 198 An
530 156 902 199 CANTACUZENJ
942 159 1042 198 ΜΒ.
1071 160 1104 198 1.
1369 139 1480 213 379

23 254 33 288 ⁵¹
50 261 266 316 nopolitani
292 260 477 300 locabant
503 259 604 298 filias
629 274 740 309 suas,
770 268 809 300 et
841 261 1139 300 Cantacuzenus
1182 258 1363 298 Orchani
1383 260 1485 299 Per-

51 332 118 358 sae
150 331 220 356 seu
258 317 415 356 Turcae
469 317 603 369 potius
645 315 902 356 Theodoram
951 315 1075 355 filiam
1129 323 1303 370 nuptum
1355 314 1480 358 dedit.

24 385 231 415 η-ιόΝϊΑΝ,

23 430 26 431 ’
160 426 261 479 Pag.
290 424 570 482 18‚15.qai
602 425 806 466 Ioanni
841 426 1100 467 Batatzae
1138 427 1250 482 imp.
1282 439 1483 480 capess.

49 494 99 520 se
121 481 457 523 dediderant.
515 481 603 520 Hoc
637 479 682 520 ἐν
701 479 962 544 ’παρενθὲσει
991 481 1169 530 dictum,
1192 495 1314 535 quam
1339 482 1482 521 Graeci

48 542 188 575 notare
207 550 289 575 non
306 534 458 575 solent.
478 549 559 589 quo
572 537 823 575 attentiorem
834 550 934 589 opoi
935 543 991 575 tet
1010 550 1092 576 esse
1107 539 1380 591 interpretem.
1398 537 1484 576 Ve-

49 589 214 630 risimile
232 591 289 640 fit,
319 590 576 644 Sytziganum
604 592 724 629 istum
751 590 970 630 barbarum
998 605 1092 630 cum
1115 605 1237 631 uxore
1256 593 1484 631 Constanti-

47 645 226 699 nopolim
244 647 445 700 migrasse,
471 646 699 699 ibidemque
717 648 907 699 susceptis
925 646 1245 687 Christianorum
1272 648 1393 686 sacris
1412 647 1486 686 ha-

51 700 197 741 bitasse
221 709 260 741 et
277 703 318 740 in
344 701 482 740 eadem
498 701 598 740 urbe
614 701 878 755 Syrgiannem
898 701 1026 740 filium
1053 704 1247 755 genuisse.
1279 716 1456 741 ΡοΝΤΑΝ.

156 754 539 811 Pag.18‚15.qai
568 757 734 811 ipsum
761 771 781 795 e
807 758 1138 808 sacrofonte
1168 766 1484 812 susceperat.

20 828 22 852 :
47 810 135 851 Hos
160 812 325 865 quidam
349 815 619 864 s‘usceptoies‚
652 811 720 850 alii
748 819 970 864 compatres
995 819 1165 852 vocant:
1201 812 1347 851 debent
1376 815 1483 851 enim

20 883 21 886 ¹
47 876 143 907 cura
163 874 355 919 paterna,
379 879 453 918 pro
470 866 615 920 quibus
641 868 685 905 in
703 866 901 919 baptismo
928 867 1154 920 spondent,
1173 868 1216 905 in
1247 867 1484 907 Christianis

46 922 237 961 institutis
259 920 498 961 erudiendos
516 923 713 975 suscipere
739 930 788 962 et
806 923 849 960 in
868 936 915 961 eo
935 929 1144 975 paternam
1166 921 1327 962 illorum
1346 936 1485 961 curam

47 990 197 1030 gerere.
255 977 340 1017 Nisi
372 977 462 1029 quis
491 976 605 1016 malit
631 977 683 1015 ab
711 991 758 1016 eo
785 976 864 1017 dici
907 984 1176 1030 susceptores,
1215 977 1324 1031 quod
1353 977 1485 1016 infan-

0 1067 1 1071 ,
45 1037 129 1071 tem
156 1031 220 1071 vel
249 1031 493 1071 abluendum
520 1031 683 1071 salutari
708 1033 846 1084 fonte,
886 1031 953 1072 vel
981 1032 1164 1072 ablutum
1194 1034 1415 1096 suscipiunt
1439 1035 1484 1073 in

46 1087 132 1140 ipsa
161 1087 336 1126 brachia.
393 1086 543 1126 Graece
586 1095 645 1127 est
681 1085 762 1126 a’nti
801 1087 880 1126 τοῦ
909 1086 1030 1139 ἆγιόυ
1057 1087 1321 1141 φωτίσματος
1352 1082 1485 1127 αυτὸν

45 1141 365 1192 α’ναὸεξαμέιᾞου
420 1142 542 1192 Quod
573 1143 707 1181 Latini
740 1143 905 1194 dicunt,
934 1157 1032 1182 voce
1059 1156 1081 1182 e
1103 1144 1257 1182 Graeco
1277 1143 1387 1182 sonte
1417 1157 1485 1182 ca-

46 1196 189 1246 dente,
218 1197 411 1250 baptizari
438 1210 461 1236 a
488 1196 791 1248 βαπτίζεσθαι,
821 1198 863 1237 id
892 1199 1034 1238 Graeci
1059 1205 1262 1266 praeterea
1294 1197 1381 1237 aliis
1410 1199 1486 1237 t1i-

45 1250 123 1293 bus
151 1251 346 1299 efferunt,
378 1251 663 1305 φωτίζεσθαι,
695 1252 1027 1306 σφραγίζεσθαι,
1058 1252 1367 1305 καθαίρεσθαι
1392 1255 1488 1293 illu-

45 1308 217 1357 minari,
247 1308 477 1360 obsignari,
499 1309 685 1361 pur-gari.
740 1308 854 1358 Quae
882 1315 1043 1359 tamen,
1074 1308 1107 1348 si
1133 1308 1350 1348 verborum
1378 1310 1486 1363 ipso-

44 1374 138 1402 rum
172 1363 256 1402 vim
297 1370 336 1402 et
377 1376 538 1401 sensum
572 1362 745 1403 velimus
786 1364 1030 1416 exprimere,
1081 1377 1164 1403 non
1196 1364 1250 1403 sic
1282 1363 1487 1404 reddenda

44 1423 166 1465 aunt,
197 1417 266 1457 sed
308 1417 505 1471 baptismo
534 1417 668 1465 ablui,
720 1432 834 1458 sacro
863 1418 974 1458 fonte
1001 1419 1134 1472 tingi,
1177 1418 1342 1458 salutari
1382 1434 1487 1473 aqua

47 1472 255 1529 perfundi,
297 1487 408 1512 sacro
451 1487 541 1513 iore
580 1475 705 1528 tingi,
756 1473 917 1513 coelesti
959 1474 1069 1513 fonte
1109 1473 1302 1522 lustrari,
1335 1481 1374 1513 et
1399 1475 1487 1514 aliis

47 1528 320 1581 compluribus
363 1528 517 1578 modis,
559 1544 660 1583 quos
702 1528 910 1568 latinitatis
947 1528 1113 1568 studiosi
1143 1529 1253 1569 haud
1281 1531 1482 1582 ignorant.

46 1581 144 1624 Dies
175 1591 309 1623 autem
337 1582 406 1623 ille
423 1613 435 1634 ‚
482 1598 564 1637 quo
588 1585 739 1623 Christi
782 1584 972 1638 baptizati
1004 1586 1197 1624 memolia
1225 1584 1485 1638 celebratur

48 1645 89 1678 et
123 1639 164 1678 in
203 1639 311 1679 diem
323 1639 602 1704 Epiphaniae
632 1641 674 1679 in
700 1640 845 1678 Latina
873 1640 1037 1679 ecclesia
1068 1640 1236 1691 incidit,
1267 1655 1291 1680 a
1323 1641 1488 1681 Graecis

46 1694 241 1758 patribus
266 1689 418 1761 φώτων
449 1689 587 1747 ἧμέρα
623 1695 878 1745 nominatur,
905 1695 988 1733 dies
1028 1695 1249 1734 luminum.-
1291 1695 1488 1748 siquidem

50 1745 272 1802 φωτισμὸν
308 1744 399 1788 ἀντι
437 1749 721 1800 βαπτίσματος
755 1750 985 1803 frequenter
1026 1752 1239 1802 accipiunt.
1295 1751 1355 1789 Ita
1385 1752 1489 1791 Gre-

49 1806 184 1870 gorius
218 1804 489 1844 Nazianzenus
517 1806 739 1844 orationem
778 1819 825 1844 eo
854 1805 919 1844 die
960 1804 1141 1844 habitam
1184 1806 1383 1859 insciipsit
1427 1806 1487 1853 εἷς

48 1855 104 1900 τὰ
138 1854 240 1911 ἅγια
258 1859 392 1912 φῶτα.
423 1861 505 1911 Qui
533 1874 627 1914 ergo
654 1860 800 1899 festum
828 1860 1029 1899 luminum
1055 1861 1161 1913 apud
1197 1862 1369 1900 Graecos
1404 1875 1488 1901 csse

48 1913 195 1956 festum
226 1915 508 1967 purificationis
539 1916 692 1955 Mariae
719 1916 884 1964 volunt,
926 1915 1138 1955 falluntui.
1205 1916 1315 1956 Fons
1353 1924 1487 1956 autem

49 1968 92 2009 in
117 1970 311 2021 basilicis,
330 1978 376 2010 ut
402 1971 557 2010 notavit
588 1972 813 2011 Brissonius
840 1973 1127 2011 commentario
1154 1970 1205 2010 dc
1232 1971 1338 2010 feriis
1368 1971 1488 2012 Chri-

49 2025 211 2077 etiams,
237 2027 400 2080 proprio
430 2034 469 2065 et
495 2026 682 2080 baptismi
710 2026 841 2067 officio
869 2026 1090 2079 specialiter
1120 2026 1252 2066 dicato
1283 2027 1372 2066 loco
1390 2041 1487 2067 con-

22 2079 311 2131 cludebatur,
353 2083 467 2121 cuius
508 2082 817 2136 appellationem
859 2082 992 2121 Latini
1033 2082 1250 2122 verborum
1287 2083 1423 2135 inopes
1464 2097 1487 2122 a

48 2135 212 2177 Graecis
261 2137 532 2177 mendicantes
548 2167 560 2189 ,
608 2137 741 2177 locum
781 2152 873 2177 eum
919 2137 1197 2190 baptisterium
1235 2146 1486 2191 nuncupant.

49 2191 191 2232 Graeci
220 2206 337 2233 suum
365 2192 464 2232 illud
504 2194 658 2232 Latinis
685 2193 983 2232 commodatum
1018 2194 1186 2233 verbum
1214 2195 1490 2246 intempestive

47 2254 224 2300 repetere
253 2247 434 2288 nolentes
455 2278 467 2301 ,
503 2246 788 2302 φωτιστήριον
817 2249 982 2296 dicunt,
1012 2247 1251 2288 Ambrosius
1279 2263 1487 2301 regenera-

47 2303 162 2344 &bnis
183 2305 422 2344 sacrarium.
477 2305 533 2344 Et
559 2318 699 2344 recens
726 2304 914 2357 baptizati
939 2311 1028 2343 tum
1054 2301 1277 2358 νεόφυτοι,
1305 2311 1394 2343 tum
1419 2317 1484 2344 νε·-

49 2356 277 2412 οφωτιστοι
305 2359 622 2454 appellabantur.
650 2373 823 2399 Pomm.-

157 2414 433 2469 Pag.19‚1.
493 2410 542 2454 ὃν
559 2415 700 2467 μέλλει
728 2415 788 2469 uzi
809 2413 884 2467 τῆς
908 2411 1154 2479 αλουργίδος
1181 2406 1303 2454 ἄνθει
1330 2409 1486 2467 κοσμή-

26 2488 27 2493 =
46 2479 149 2507 σειν.
178 2470 302 2524 Quem
329 2479 538 2510 ornaturus
565 2480 621 2510 est
646 2478 786 2510 ornatu
802 2485 1028 2525 purpurae,-
1049 2464 1177 2516 ανθος
1200 2471 1350 2523 quippe
1367 2471 1488 2509 etiam

46 2534 94 2562 ea
122 2527 286 2565 notione
313 2533 403 2574 est,
435 2541 515 2580 qua
544 2524 726 2576 κόσμος;
754 2526 823 2565 sed
849 2538 1141 2579 μεταφορικως
1158 2555 1168 2573 ,
1211 2533 1257 2564 ut
1295 2527 1488 2564 Latinum

46 2575 132 2627 flos,
162 2593 277 2633 saepe
304 2556 451 2630 deciis,
483 2582 742 2635 elegantiam,
759 2581 1100 2626 pulchritudinem
1132 2588 1172 2621 et
1201 2586 1484 2619 ornamentum

46 2633 247 2699 quoddam
274 2636 480 2689 significat.
539 2638 596 2676 At
622 2644 728 2676 certe
757 2631 877 2676 ανθει
908 2637 974 2676 hic
1012 2637 1143 2690 potius
1174 2638 1306 2699 ipsum
1335 2631 1484 2680 κάλλος

45 2687 123 2727 τοῦ
155 2686 394 2742 βάμματος,
435 2694 633 2732 tincturae
670 2693 752 2731 sive
784 2692 928 2731 coloris
967 2705 1204 2747 purpuracei
1235 2693 1406 2732 nitorem
1438 2704 1483 2730 ac

45 2752 292 2787 venustatem
320 2749 521 2802 quandam
549 2748 739 2790 declarat
801 2762 977 2788 ιοΝτΔΝ.
