1794 3158
384 128 457 169 AD
498 125 866 184 CANTACUZENJ
906 128 1005 166 Lm.
1036 128 1107 166 111.
1343 106 1453 181 539

14 231 262 296 saevissimae
294 242 417 282 genus
445 228 656 276 saevitiae,
697 229 816 267 etiam
848 228 888 266 in
925 233 1131 277 mortuos,
1169 234 1374 280 tamquam
1404 230 1445 268 in

12 297 147 336 vivos,
184 286 399 325 desaevire.
428 297 603 322 PONTAN.

10 348 13 349 ’
117 342 220 393 Pag.
250 339 346 389 582‚
383 338 443 378 18.
495 351 645 393 quem
691 337 855 391 Papa
904 337 1108 389 eligere
1157 339 1447 376 consuevit.

13 399 120 440 Nota
141 427 152 446 ‚
195 395 312 435 etiam
340 394 549 432 schismate
574 392 729 431 divulsa
771 392 954 430 orientali
985 391 1148 431 ecclesia
1178 406 1202 431 a
1233 393 1413 431 Romana
1433 422 1445 441 ,

14 453 241 508 pontificem
261 451 484 489 Romanum
507 447 632 487 nihilo
648 449 778 486 minus
806 447 967 486 solitum
993 446 1136 500 eligere
1160 448 1443 500 patriarcham.

17 511 124 560 Quia
162 505 348 547 videlicet
392 503 707 543 iurisdictionem
758 509 1073 557 potestatemque
1110 503 1185 542 sibi
1224 518 1248 542 a
1288 503 1448 542 Christo

15 565 204 604 traditam
236 575 319 600 non
349 561 549 599 amiserat.
580 571 754 600 romunt.

125 616 425 670 Pag.582,20.
452 614 541 653 sub
567 613 702 667 ipsis
735 613 1190 667 aliqzcandofuit.
1247 613 1331 652 Sub
1358 613 1448 667 qui-

15 673 92 715 bus
120 672 275 714 Latinis
301 678 339 710 et
369 669 560 724 quamdiu
590 667 710 706 fuerit
733 668 1109 722 Constantinopolis,
1139 669 1348 708 docuimus
1374 683 1450 708 no-

17 731 68 769 tis
95 730 136 769 in
155 728 230 769 lib.
254 741 296 765 2.
331 740 419 778 cap.
446 724 509 766 36,
542 736 710 764 rorum.

124 781 428 836 Pag.587‚21.
476 781 604 818 hunc
647 781 787 818 enim
827 791 1036 818 morem.
1092 778 1284 832 Exempla
1327 782 1451 820 moris

19 838 142 879 huius
175 852 247 892 ego
275 835 385 874 nulla
425 834 614 873 hactenus
656 831 758 887 legit
800 848 873 873 nec
898 842 1029 874 tamen
1075 834 1311 874 historicum
1347 838 1450 875 istuc

17 902 167 935 temere
197 892 411 932 affirmasse
439 897 550 944 puto.
579 903 750 930 PONTAN.
1448 907 1451 909 Δ

129 947 346 1001 Pag,‘397‚
377 960 439 1001 ¹9·
487 945 624 984 lotis
673 944 934 988 manibus,
1003 943 1108 984 Nota
1147 947 1291 984 veneni
1331 961 1454 1000 genus

18 1004 380 1060 praesentissimum
403 1031 415 1052 ‚
461 1014 506 1039 ex
551 1000 819 1052 sequentihus.
876 1002 939 1039 De
971 1014 1125 1039 veneno
1149 1015 1219 1053 per
1260 1001 1362 1040 filios
1397 1002 1449 1040 ab

15 1062 231 1114 Antipatro
268 1058 351 1110 regi
378 1055 605 1095 Alexandro
638 1056 732 1094 dato
778 1056 817 1093 in
845 1055 1017 1108 poculo,
1061 1057 1233 1095 lustinus
1274 1056 1346 1095 lib.
1386 1071 1449 1098 12.

17 1123 170 1156 tantam
195 1115 279 1153 eius
307 1114 426 1152 fuisse
452 1112 559 1160 vim,
598 1118 644 1149 ut
687 1125 768 1149 non
805 1125 895 1150 aere
912 1142 923 1163 ,
951 1125 1032 1150 non
1062 1112 1165 1151 ferro
1183 1142 1195 1161 ,
1243 1126 1322 1150 non
1351 1120 1455 1151 testa

21 1171 316 1218 contineretur,
352 1182 425 1206 nec
465 1166 580 1205 aliter
617 1166 733 1215 ferri,
764 1167 839 1205 nisi
874 1168 915 1204 in
943 1166 1093 1219 ungula
1133 1168 1224 1220 equi
1263 1168 1452 1219 potuerit.

16 1227 72 1266 Et
101 1240 194 1266 sane
224 1222 450 1263 Alexander
477 1229 636 1275 accepto
664 1220 823 1274 poculo,
857 1222 986 1261 media
1007 1225 1168 1274 potione
1192 1230 1355 1274 repente
1382 1237 1456 1261 ve-

19 1281 94 1321 luti
119 1280 201 1320 telo
230 1279 407 1319 confixus
435 1278 648 1329 ingemuit:
697 1276 902 1328 elatusque
930 1291 952 1315 e
981 1279 1166 1316 convivio
1198 1278 1456 1327 semianimis,

19 1344 132 1375 tanto
158 1334 296 1375 dolore
324 1334 522 1372 cruciatus
551 1340 645 1382 est,
685 1338 730 1370 ut
770 1332 918 1370 serrum
957 1332 998 1370 in
1038 1333 1213 1372 remedia
1254 1340 1454 1385 posceret,

19 1399 250 1444 tactumque
278 1389 486 1428 hominum
516 1387 625 1426 velut
651 1386 819 1425 vulnera
855 1387 1123 1430 indolesceret.
1155 1401 1322 1427 ΡΟΝΤΑΝ.

130 1443 430 1500 Pag.604,21.
472 1443 825 1498 imperatrice
863 1444 1085 1494 acfilio
1121 1444 1455 1497 imperatore.

19 1502 178 1542 Scilicet
209 1503 286 1540 hoc
314 1505 519 1551 supererat
559 1498 609 1536 ad
641 1499 843 1550 periturae
878 1499 1068 1538 Graeciae
1106 1499 1334 1537 foeditatem
1357 1528 1368 1545 ,
1411 1505 1458 1537 ut

18 1559 165 1598 femina
203 1570 296 1596 cum
334 1554 416 1593 filio
450 1553 680 1606 quindecim
722 1567 919 1591 annorum
954 1554 1194 1606 praesideret
1232 1553 1385 1607 synodo
1418 1560 1459 1592 et

20 1608 212 1667 episcopis
251 1612 339 1650 iura
373 1609 497 1651 daret.
555 1609 656 1659 Quis
690 1607 754 1647 vel
796 1608 917 1647 fando
950 1609 1044 1648 talia
1074 1610 1260 1648 audivit?
1316 1609 1457 1661 Neque

19 1671 127 1708 enim
155 1675 311 1707 tantum
345 1664 570 1718 praesedit,
609 1663 685 1702 hoc
719 1670 791 1712 est,
822 1665 953 1716 primo
988 1663 1094 1713 loco,
1132 1671 1226 1703 ante
1254 1664 1459 1717 episcopos

19 1725 147 1774 sedit,
185 1730 231 1762 ut
262 1722 482 1760 Martianus
528 1718 624 1757 olim.
663 1719 704 1757 in
738 1718 904 1757 concilio
941 1719 1255 1758 chalcedonensi
1281 1726 1320 1757 et
1352 1718 1460 1757 Con-

22 1781 219 1819 stantinus
251 1778 291 1816 in
326 1774 494 1815 concilio
527 1781 646 1814 sexto,
704 1773 787 1811 Nec
825 1774 1021 1826 praesedit
1051 1782 1223 1824 tantum,
1254 1781 1302 1811 ut
1329 1781 1460 1826 patres

18 1835 159 1888 synodi
188 1834 239 1872 ab
266 1833 373 1871 omni
407 1830 596 1870 violentia
611 1836 717 1867 tutos
740 1836 955 1880 praestaret
980 1837 1228 1882 curaretque,
1261 1836 1307 1866 ut
1325 1830 1460 1868 omnia

23 1889 198 1943 legitime
228 1889 314 1928 sine
346 1888 400 1934 vi,
430 1885 571 1924 fraude
596 1892 636 1923 et
656 1883 897 1922 tumultibus
928 1892 1227 1937 peragerentur,
1258 1884 1325 1922 sed
1346 1897 1461 1936 prae-

22 1947 139 1995 sedit,
168 1951 215 1983 ut
249 1942 611 1982 controversiarum
654 1946 694 1978 et
732 1941 1010 1991 quaestionum
1042 1940 1170 1980 iudex.
1215 1939 1329 1977 Hanc
1354 1940 1462 1978 enim

20 2006 259 2055 potestatem
291 1997 488 2037 recentior
528 2002 567 2034 et
596 1995 819 2048 imperitior
844 1995 1011 2034 Graecia
1042 1996 1122 2034 suis
1155 1995 1461 2048 imperatoribus

20 2055 217 2095 detulerat
246 2053 427 2092 inaudito
457 2066 480 2090 a
508 2050 760 2090 Christianae
790 2048 882 2088 fidei
911 2049 1163 2089 incunabulis
1192 2049 1387 2102 exemplo,
1416 2056 1464 2089 ut

19 2110 138 2151 docet
166 2107 389 2149 Cardinalis
422 2106 686 2146 Bellarminus
716 2104 784 2143 lib.
811 2117 846 2142 1.
889 2104 939 2144 de
976 2105 1167 2145 Conciliis
1212 2113 1252 2144 et
1281 2104 1462 2145 Ecclesia

21 2181 107 2220 cap.
139 2179 197 2220 ¹9·
225 2172 263 2204 et
295 2178 362 2204 20.
420 2163 619 2214 Quocirca
662 2160 781 2213 primi
823 2161 943 2199 etiam
983 2160 1290 2200 subscribebant
1336 2174 1461 2213 aeque

20 2221 211 2261 inusitato
256 2217 447 2272 exemplo.
503 2218 610 2258 Cum
649 2222 739 2254 octo
776 2213 927 2254 fuerint
962 2215 1060 2255 olim
1102 2216 1303 2270 generales
1341 2223 1461 2268 atque

21 2277 298 2318 oecumenicae
331 2273 473 2328 synodi
518 2273 561 2311 in
599 2271 767 2310 Graecia
811 2270 1058 2320 celebratae,
1106 2271 1263 2311 duabus
1304 2278 1463 2310 tantum

21 2333 283 2386 imperatores
316 2329 664 2381 subscripserunt,
706 2326 838 2378 inquit
881 2326 1206 2382 Villalpandaeus
1247 2327 1391 2378 disput.
1422 2340 1462 2364 2.

22 2402 96 2443 pro
140 2386 291 2427 Concil.
332 2384 532 2432 Trident.‚
578 2382 771 2420 nimirum
811 2388 942 2422 sextae
985 2390 1024 2422 et
1065 2390 1240 2423 octavae.
1298 2380 1378 2420 Sed
1417 2381 1461 2418 in

24 2451 130 2484 sexta
163 2444 378 2496 imperator
396 2439 681 2479 Constantinus
710 2435 874 2476 ultimus
899 2439 1076 2476 omnium
1103 2437 1346 2488 subscripsit,
1378 2449 1461 2474 non

25 2499 243 2549 definiens,
279 2496 349 2536 sed
379 2494 641 2534 consentiens,
697 2492 752 2531 Et
785 2493 950 2532 Basilius
991 2496 1208 2546 imperator
1242 2491 1282 2529 in
1326 2497 1466 2529 octava

25 2555 177 2608 synodo
203 2552 434 2605 subscripsit
463 2556 550 2602 post
577 2561 714 2587 omnes
742 2549 1000 2599 patriarchas,
1046 2548 1225 2586 Similiter
1255 2560 1336 2584 non
1365 2546 1464 2584 defi-

26 2612 157 2658 niens,
185 2609 253 2647 sed
285 2608 499 2660 suscipiens
529 2612 569 2643 et
595 2604 857 2650 consentiens,
890 2605 998 2656 prius
1026 2605 1145 2642 etiam
1173 2602 1395 2654 praefatus,
1425 2614 1466 2639 se

26 2665 211 2704 debuisse
239 2664 486 2703 subscribere
517 2666 604 2711 post
633 2672 769 2697 omnes
800 2660 1027 2711 episcopos,
1073 2665 1116 2696 ut
1157 2656 1250 2695 olim
1293 2657 1467 2695 fecerant

30 2718 328 2772 Constantinus,
357 2716 611 2758 Theodosius
639 2721 679 2754 ct
697 2715 931 2762 Martianus,
963 2721 1094 2752 tamen
1124 2727 1165 2752 sc
1193 2712 1469 2766 subscripsisse
