1800 3164
321 137 432 203 364
852 151 1223 194 CANTACUZENJ

110 260 417 311 A.c.136213›7xs
442 253 664 309 Ῥωμαίοις
700 254 769 308 ἐφ’
796 251 913 307 ἡμῶν
945 248 990 291 ἕν
1017 264 1061 292 τε
1088 254 1175 299 τοῖς
1202 245 1288 292 ἅνω
1309 250 1492 307 χρόνοις,
1521 250 1642 306 ἧνίκα
1669 254 1753 295 τῶν

315 323 520 376 βασιλέων
541 318 815 374 Ἀνδρονίκων
843 317 865 357 ὃ
895 315 1002 370 πρὸς
1030 314 1236 370 ἀλλήλους
1262 316 1435 373 ἐκινήθη
1464 316 1656 372 πόλεμος,
1680 320 1754 360 καὶ

314 385 492 442 ὕστερον
518 385 540 429 ὃ
566 383 720 438 μεταξύ
763 384 836 438 τῆς
873 383 1090 435 βασιλίδος
1109 377 1265 437 ’Ἁννης
1293 385 1366 425 καί
1396 384 1751 439 Καντακουζηνοῦ

315 455 393 495 τοῦ
418 454 622 506 βασιλέως
650 445 946 505 ἆνερῥιπίσθη,
977 449 1049 490 καί
1073 445 1123 490 τὰ
1150 452 1368 490 τελευταῖα
1396 448 1448 504 δὴ
1481 451 1639 504 ταῦτα,
1670 446 1750 492 ὅσα

315 516 513 571 βασιλεύς
540 515 562 557 ὃ
594 517 684 564 νέος
705 514 895 569 Ἰωάννης
913 512 1018 570 πρός
1036 529 1080 556 τε
1106 513 1178 556 τὸν
1196 513 1392 568 γυναικὸς
1421 513 1607 572 ἀδελφὸν
1625 518 1781 558 Mat-fi

313 587 438 624 θαῖον
489 583 690 636 διηνέχθη
729 578 803 621 καί
841 582 1020 633 βασιλέα
1061 579 1134 623 τὸν
1170 578 1396 637 κηδεστὴν,
1438 578 1617 623 τοιαῦτά
1645 583 1752 623 ἐστι.

317 647 390 690 καί
413 646 517 703 πρὸς
545 647 670 689 οὐδὲν
697 649 784 689 τῶν
811 644 1039 701 εἰρημένων
1078 641 1176 688 οὔτε
1203 644 1308 702 πρὸς
1334 645 1492 703 χάριν,
1523 642 1620 689 οὔτε
1645 645 1752 702 πρὸς

271 715 550 767 Βᾰπέχθειαν
579 714 774 767 ἐξέβημεν
804 713 877 766 τῆς
905 713 1119 766 οἱληθειας,
1176 712 1265 754 ἀλλ’
1296 710 1401 755 αὐτὰ
1430 707 1605 756 mgna
1641 711 1752 754 ἱστο-

311 780 495 835 ρήκαμεν
522 774 732 834 οἷκριβῶς,
762 782 850 826 τοῖς
884 779 962 830 μὲν
990 778 1116 820 αὕτοί
1140 773 1358 834 παρόντες,
1386 777 1507 833 ἡνίκα
1534 779 1751 832 ἐπραγμα-

308 845 489 897 τεύοντο,
532 846 607 886 καί
649 845 887 897 μετέχοντες
926 845 1010 886 τῶν
1056 847 1317 901 γιγνομένων,
1372 847 1455 888 τῶν
1486 847 1523 887 δ’
1552 845 1781 900 αὕτηκοοιι

307 911 568 965 γεγενημένοι
597 909 668 950 ἀπ’
696 909 835 951 αὐτῶν
865 911 949 952 τῶν
981 910 1279 965 εἰργασμένων.
1333 911 1373 952 εἰ
1400 912 1446 952 δέ
1472 926 1564 953 τινα
1595 912 1677 953 τῶν
1705 911 1750 953 έν

307 974 560 1030 (ἔπορ’ῥήτοις
595 977 934 1029 βεβουλευμένων
981 973 1161 1030 μάλιστα
1193 979 1274 1018 τῶν
1313 975 1419 1032 πρὸς
1451 978 1750 1030 Καντακουζη-

311 1040 381 1082 νὸν
409 1038 481 1082 τὸν
509 1044 685 1094 βασιλέα
703 1040 776 1083 τὸν
804 1043 984 1095 πόλεμον
1011 1041 1277 1098 κεκινηκότων
1305 1042 1332 1098 ἦ
1361 1041 1523 1098 ἱστορία
1550 1045 1750 1097 περιέχει,

308 1105 557 1160 θαυμαστὸν
592 1108 730 1150 οὐδέν.
789 1108 827 1149 οἱ
855 1110 1019 1157 πλείους
1066 1109 1147 1164 γὰρ
1180 1111 1346 1151 ἐκείνων
1375 1110 1449 1150 καί
1471 1105 1580 1161 μετὰ
1605 1106 1650 1150 τὸ
1679 1110 1750 1162 τῆς

308 1173 443 1228 ἀρχῆς
474 1169 638 1228 ἁπάσης
666 1175 820 1216 ἐκεῖνον
862 1175 1042 1228 ἐγκρατῆ
1084 1177 1282 1229 γενέσθαι
1326 1173 1389 1217 ἔτι
1419 1173 1630 1231 περιόντες
1678 1174 1752 1216 καί
1767 1194 1783 1220 r

306 1240 461 1293 πολλῆς
491 1242 688 1294 προνοίας
732 1238 1062 1290 ἀπολελαυκότες
1097 1245 1197 1295 παρ’
1227 1241 1361 1298 αὐτῷ,
1401 1242 1539 1283 πάντα
1569 1243 1751 1296 ἀκριβῶς

306 1305 464 1355 ἐξεῖπον
485 1336 497 1358 ,
531 1305 686 1347 ἐκεῖνον
710 1307 791 1358 μὲν
819 1307 894 1361 τῆς
920 1309 1242 1362 μεγαλοψυχίας
1269 1305 1554 1362 θαυμάζοντες
1589 1308 1751 1361 καὶτῆς

309 1371 532 1425 καρτερίας
559 1373 635 1425 τῆς
667 1369 774 1425 πρὸς
803 1370 855 1413 τοὶ
887 1371 1030 1425 δεινά,
1072 1370 1252 1422 ἓαυτούς
1281 1374 1327 1415 δὲ
1360 1375 1651 1427 οἰκτείροντες,
1687 1369 1750 1413 ὅτι

175 1441 211 1477 Ρ.
227 1433 364 1490 ριιμὴ
407 1435 531 1488 μόνον
574 1434 783 1478 τοσούτων
831 1437 958 1480 αἴτιοι
1007 1438 1200 1493 γεγόνασι
1234 1437 1456 1492 Ῥωμαίοις
1499 1440 1746 1494 συμφορῶν,

305 1498 411 1543 ἀλλὰ
440 1501 514 1543 καὶ
544 1496 595 1543 οὗ
622 1505 788 1546 πολλῶν
822 1503 895 1546 καὶ
920 1502 1122 1559 πρότερον
1151 1503 1224 1546 καὶ
1248 1500 1426 1559 ὕστερον
1457 1504 1530 1546 καί
1552 1502 1784 1560 μεγάλωνς

305 1565 378 1608 καί
407 1568 660 1622 θαυμασίων
687 1566 934 1625 εὐεργεσιῶν
963 1570 1298 1623 ἀπολελαύκασι,
1336 1572 1471 1628 τούτῳ
1499 1576 1591 1620 ταῖς
1621 1568 1749 1625 μεγά-

304 1637 378 1675 λου
408 1633 555 1685 ὃουκὸς
584 1636 870 1691 ἅπατηθέντες
895 1642 1106 1691 μηχαναῖς
1144 1638 1218 1679 καί
1251 1639 1548 1693 πανουργίαις,
1585 1639 1750 1679 πολλῶν

306 1693 514 1756 ὤφθησαν
557 1699 687 1743 αἴτιοι
725 1705 988 1757 γεγενημένοι
1029 1705 1246 1759 δυσχερῶν
1290 1705 1365 1745 καί
1414 1705 1467 1745 τὰ
1511 1701 1670 1757 ἔσχατα
1698 1703 1748 1757 η’·-

303 1766 608 1823 γνωμονήκασι.
661 1766 848 1822 μάλιστα
892 1771 938 1811 δὲ
979 1765 1232 1824 ἆπήγγειλαν
1271 1772 1518 1826 σαφέστατα
1552 1768 1776 1823 Ἰωάννηςν

305 1831 376 1874 καί
398 1831 639 1889 Νικηφόρος
665 1833 717 1876 ὀἷ
742 1831 926 1890 μεγάλου
957 1834 1107 1885 ὃουκὸς
1148 1836 1346 1892 α’δελφοί,
1386 1831 1454 1878 οἷα
1480 1834 1532 1891 δη
1561 1837 1642 1878 τῶν
1672 1830 1786 1880 ἅμα

305 1935 400 1968 riore
412 1938 509 1978 gesta
521 1940 616 1976 sunt,
643 1936 790 1982 quando
813 1937 1145 1972 interAndronicos
1171 1938 1309 1972 bellum
1333 1938 1458 1983 viguit,
1485 1941 1521 1971 et
1544 1941 1668 1983 postea
1690 1937 1748 1970 in-
1778 1942 1785 1975 ξ

306 1986 362 2015 ter
385 1982 645 2026 imperatricem
661 1985 801 2017 Annam
826 1990 863 2018 et
880 1984 1168 2018 Cantacuzenum
1191 1996 1378 2018 accensum
1401 1990 1477 2026 est,
1505 1991 1542 2018 et
1568 1989 1775 2029 postremo.

307 2038 399 2071 quae
423 2029 566 2062 iuniore
594 2029 811 2074 imperatore
837 2032 971 2065 Ioanne
996 2033 1042 2064 ab
1061 2033 1181 2065 uxoris
1202 2032 1312 2065 fratre
1339 2037 1375 2065 et
1399 2043 1521 2066 socero
1546 2030 1747 2065 dissidente
1772 2048 1778 2062 „1

306 2075 555 2117 contigerunt,
594 2075 682 2109 haec
720 2083 814 2111 sunt.
885 2077 960 2112 Nec
992 2089 1058 2112 nos
1096 2078 1236 2124 uspiam
1280 2079 1338 2111 vel
1373 2078 1421 2111 ad
1445 2078 1592 2124 gratiam
1617 2078 1676 2111 vel
1699 2076 1785 2110 adq:

305 2119 428 2153 odium
453 2121 586 2155 limites
610 2125 772 2157 veritatis
796 2127 1047 2166 transivimus,
1070 2125 1133 2159 sed
1161 2136 1236 2158 rem
1261 2125 1376 2169 ipsam
1399 2130 1563 2158 accurate
1585 2123 1746 2158 narravi·
1767 2134 1785 2163 ,5⁴

303 2176 396 2205 mus,
420 2178 527 2211 quam
552 2170 682 2212 partim
708 2176 915 2215 praesentes
938 2172 1096 2206 vidimus
1126 2177 1163 2206 et
1187 2177 1228 2206 ut
1251 2176 1390 2205 actores
1423 2171 1601 2206 sensimus
1617 2195 1627 2211 ,
1663 2181 1746 2216 par-

304 2213 370 2245 tim
394 2212 438 2244 ab
463 2214 572 2255 ipsis,
596 2218 659 2259 qui
685 2217 874 2258 fecerunt,
901 2221 1116 2264 accepimus.
1164 2218 1260 2263 Quia
1301 2229 1385 2252 vero
1419 2218 1595 2264 quaedam
1622 2219 1662 2251 in
1690 2227 1773 2250 se-v

304 2263 402 2291 creto
428 2257 637 2301 deliberata,
661 2265 814 2298 maxime
842 2265 887 2298 ab
913 2266 974 2306 iis,
1005 2267 1070 2312 qui
1102 2265 1239 2300 bellum
1264 2264 1433 2299 adversus
1462 2265 1747 2298 Cantacuzenum
1770 2279 1780 2302 ;

304 2308 512 2344 texuerunt,
538 2305 688 2342 historia
716 2311 993 2355 complectitur,
1024 2313 1137 2346 nolim
1175 2312 1214 2345 id
1247 2313 1416 2357 cuiquam
1445 2312 1574 2344 mirum
1607 2309 1745 2344 videri:
1770 2343 1772 2346 .

307 2351 431 2395 plures
457 2352 551 2383 enim
576 2353 619 2386 de
645 2355 730 2397 illis,
756 2359 864 2391 etiam
890 2364 1081 2404 postquam
1105 2361 1135 2392 is
1161 2362 1277 2393 toturn
1303 2358 1510 2403 subiugavit
1535 2357 1763 2402 imperium,

305 2396 423 2430 adhuc
448 2400 657 2440 superstites
682 2407 718 2434 et
744 2405 821 2437 eius
848 2411 973 2448 postca
999 2406 1187 2439 beneficiis
1215 2408 1292 2444 usi.
1322 2408 1442 2438 omnia
1467 2404 1624 2438 fideliter
1648 2409 1748 2436 retu-

303 2442 447 2497 lerunt,
472 2443 589 2487 ipsum
613 2447 759 2491 quidem
779 2451 823 2484 de
837 2453 977 2486 excelso
1000 2454 1119 2486 animo
1139 2457 1175 2486 et
1197 2452 1390 2486 tolerantia
1406 2453 1445 2485 in
1460 2451 1616 2484 adversis
1636 2450 1744 2484 rebus
1763 2447 1766 2450 ’

304 2495 554 2533 suspxmentes,
578 2499 691 2527 semet
714 2502 833 2529 autem
857 2501 1080 2539 miserantes,
1110 2501 1171 2544 qui
1202 2510 1275 2532 non
1300 2500 1415 2531 solum
1441 2503 1623 2531 tantarum
1638 2507 1743 2530 aeru-
1768 2503 1769 2514 ³

303 2546 467 2569 mnarum
492 2543 652 2572 auctores
663 2540 828 2576 Romanis
853 2545 1018 2586 fuissent,
1043 2545 1105 2578 sed
1121 2550 1156 2579 et
1181 2547 1283 2579 cuius
1302 2545 1415 2578 multa
1436 2550 1512 2577 tum
1537 2545 1648 2587 prius,
1665 2548 1744 2576 tum

303 2587 441 2627 postea,
466 2586 678 2629 egregiaque
702 2587 740 2618 in
765 2599 802 2621 se
823 2592 950 2623 merita
977 2593 1250 2632 constitissent,
1276 2593 1310 2625 ei
1336 2591 1456 2635 magni
1492 2591 1593 2624 ducis
1629 2591 1767 2634 (Apo--

305 2628 447 2672 eauchi)
473 2631 724 2664 molitionibus
761 2640 797 2667 et
832 2636 977 2672 vafritie
1009 2638 1175 2683 decepti,
1209 2643 1265 2671 tot
1289 2636 1515 2671 incommoda
1540 2641 1577 2669 et
1601 2636 1743 2670 labores
1760 2655 1771 2677 3.

304 2687 369 2720 Pel‘
390 2680 582 2709 extremam
604 2679 869 2722 improbitatem
889 2686 1125 2727 peperissent.
1173 2685 1381 2718 Clarissime
1398 2689 1516 2717 autem
1535 2694 1608 2717 non
1630 2693 1742 2729 pauca
1764 2691 1766 2693 '

305 2722 410 2757 nobis
434 2731 679 2767 exposuerunt
693 2725 844 2761 loannes
871 2735 907 2762 et
922 2731 1163 2776 Nicephorus,
1192 2733 1310 2776 magni
1335 2731 1436 2764 ducis
1454 2731 1592 2771 fratres,
1614 2733 1740 2775 utpote
