1800 3164
311 179 337 210 2
351 157 421 230 74
838 172 1211 215 CANTACUZENI

100 284 142 318 A.
155 283 190 315 C.
208 283 291 316 1353
307 270 558 325 σιλευκόσιν,
589 275 629 315 εἰ
655 273 713 326 μή
747 274 886 323 πᾶσιν,
911 270 1019 313 ἀλλὰ
1041 277 1128 329 τοῖς
1155 277 1211 326 γε’
1233 271 1409 314 πλείοσι.
1462 275 1561 330 περὶ
1576 275 1653 327 μὲν
1668 270 1771 323 odyss

307 338 472 380 ἐκείνων
503 342 664 395 φαῦλον
694 338 812 379 αἰδοῖ
831 338 913 378 τῶν
941 335 1148 392 προγόνων
1180 338 1300 379 οὐδὲν
1327 340 1411 392 ἑρῶ
1431 370 1442 389 ,
1501 338 1685 392 ἐμαυτὸν
1706 341 1743 382 δ’

307 404 491 454 ἁπάσαις
503 403 661 459 ψήφοις
677 408 770 451 ταῖς
785 405 885 457 παρ’
902 405 1088 455 ἐμαυτοῦ
1101 403 1324 445 ἀδικοῦντα
1337 404 1410 446 καί
1426 401 1743 459 ἀγνωμονοῦντα

157 478 192 511 Ρ.
224 478 293 523 859
306 474 403 527 περί
420 470 487 513 τὸν
516 470 616 511 θεὸν
650 469 781 524 φαίην
811 465 862 510 ἂν
890 469 1139 510 ἁλίσκεσθαι
1163 472 1322 525 σαφῶς,
1381 467 1489 512 οὕτω
1508 471 1744 524 δ’έμαυτοῦ
1763 524 1774 530 ,-

305 537 672 591 κατεψηφισμένον
704 537 778 577 καί
804 533 1091 589 συνεγνωκότα
1120 533 1194 590 τήν
1223 539 1387 590 κακίαν,
1422 538 1570 589 ου’δὲν,
1603 533 1720 589 οἶμαι
1731 538 1778 589 ,ὅ

305 603 517 653 λείπεται,
548 597 575 656 ἢ
609 603 706 655 περὶ
733 603 810 654 μὲν
839 603 922 643 τῶν
950 603 1166 657 προτέρων
1194 602 1488 653 ἐξιλάσκεσθαι
1514 601 1642 655 θεὸν,
1670 605 1745 644 τοῦ

304 669 454 710 λοιποῦ
488 669 534 709 δὲ
567 669 767 723 πρόνοιαν
795 671 1012 709 ποιεῖσθαι
1039 670 1180 710 πᾶσαν
1207 671 1280 710 καί
1305 668 1518 724 σπουδὴν,
1570 667 1628 725 μη
1660 674 1746 717 τοῖς

304 734 452 780 αὐτοῖς
490 739 730 788 περιπεσεῖν
778 739 941 787 κακοῖς,
991 734 1031 775 εἰ
1066 732 1124 788 μὴ
1159 735 1388 789 βουλοιζιιην
1429 731 1582 777 ἇνιάτα
1612 740 1748 776 νοσεῖν

302 803 376 842 καί
397 798 652 856 τυφλώττειν
679 795 812 841 ἑκοντὶ
839 798 944 853 πρὸς
973 798 1023 842 τά
1059 802 1133 841 καί
1158 800 1448 855 λαμπρότερον
1475 800 1597 855 ἡλίου
1639 799 1745 853 λα’μ-

302 882 431 908 ποντα
461 863 578 907 καλά.
612 867 837 919 τοιγαροῦν
865 864 968 917 ὑμῖν
998 864 1207 920 ζητήσεως
1234 868 1334 921 περὶ
1360 865 1623 923 πατριάρχου
1642 882 1738 923 προ·
1758 872 1777 925 j

302 934 490 986 κειμένης
515 932 589 972 νῦν
605 964 617 983 ,
648 929 725 984 τήν
750 930 935 986 ἀρχαίαν
963 931 1208 987 ἐλευθερίαν
1235 933 1497 987 α’ποδιῖἳωμι,
1537 928 1617 987 οὗχ
1644 933 1746 987 ὑμῖν

298 1000 486 1050 μᾶλλον,
526 993 554 1051 ἢ
581 998 637 1054 τῷ
664 998 772 1054 θεῷ,
812 991 847 1055 ᾦ
878 995 1051 1051 μελήσει
1079 998 1197 1050 μάλα
1236 996 1310 1040 τὸν
1337 1001 1474 1048 καλῶς
1499 1001 1574 1053 τῆς
1603 1000 1770 1062 ἐκκληρ

301 1065 396 1113 σίας
425 1061 757 1118 προστησόμενον
785 1062 888 1115 ὑμῖν
917 1059 1228 1106 ἀποκαλύπτειν
1246 1096 1258 1118 ,
1298 1061 1471 1121 ὕστερον
1500 1067 1547 1107 δὲ
1574 1065 1646 1107 καί
1668 1066 1746 1107 av'-

300 1128 373 1178 τὸς
401 1128 476 1171 ἕνα
515 1131 597 1170 τῶν
628 1131 754 1183 τριῶν
799 1130 1118 1184 ἕπιψηφιοῦμαι
1140 1162 1150 1180 ,
1183 1128 1324 1188 ὥσπερ
1363 1130 1510 1182 ἔθος.”
1566 1133 1746 1187 τοιαῦτα

263 1198 380 1248 Βμὲν
409 1192 429 1236 ὃ
461 1192 662 1248 βασιλεὺς
696 1199 782 1243 τοῖς
813 1194 1060 1249 ἀρχιερεῦσι
1092 1197 1324 1253 διειλέχθη.
1379 1199 1454 1239 καί
1479 1199 1665 1240 ἐκέλευεν
1700 1193 1775 1240 ἐνὶ

299 1256 440 1318 vadus)
470 1262 727 1314 γενομένους,
758 1256 838 1315 ὅπη
869 1257 919 1301 ἂν
949 1262 1061 1318 δοκῇ,
1082 1261 1154 1303 τὸν
1183 1263 1363 1318 ἀρχαῖον
1389 1262 1542 1318 τρόπον
1569 1262 1644 1319 την
1663 1280 1745 1305 πα-

286 1325 507 1381 τριάρχου
538 1329 750 1367 ποιεῖσθαι
779 1325 961 1381 ἐκλογήν.
1017 1329 1077 1376 εἰς
1115 1327 1191 1383 τήν
1229 1329 1458 1384 ὑστεραίαν
1487 1332 1534 1373 δὲ
1578 1333 1744 1373 ἐκείνων

300 1394 529 1445 γενομένων
557 1394 602 1433 έν
630 1392 771 1449 ταύτῷ
815 1396 887 1434 καί
912 1395 1011 1448 περί
1039 1395 1114 1434 τοῦ
1145 1399 1418 1449 προκειμένου
1443 1398 1750 1450 σκεπτομένων,

302 1454 432 1506 αὖθις
460 1457 480 1499 ὃ
508 1457 708 1510 βασιλευς
747 1461 918 1512 πέμψας
935 1491 947 1512 ,
990 1462 1073 1501 τῶν
1099 1476 1143 1502 τε
1170 1464 1222 1517 τῇ
1248 1462 1479 1519 προτεραίᾳ
1519 1464 1746 1517 εἰρημένων

301 1524 581 1578 ἀνεμίμνησκε
611 1527 684 1566 καί
709 1523 885 1581 παρῄνει
926 1526 1065 1567 πᾶσαν
1093 1527 1411 1569 ἐπιδείκνυσθαι
1439 1527 1654 1582 σπουδὴν,
1689 1527 1774 1577 ὥςέ

300 1590 433 1631 αὐτοῦ
465 1589 538 1631 καί
563 1590 669 1644 πρὸς
696 1590 798 1632 θεὸν
838 1591 1052 1646 ἀρκοῦσαν
1079 1594 1356 1647 πεποιημένου
1398 1593 1476 1648 τὴν
1505 1591 1745 1648 ἀπολογίαν,

299 1654 569 1696 παντάπασιν
597 1656 740 1704 αὐτοῖς
771 1658 846 1710 τῆς
880 1655 1081 1711 αἱρέσεως
1110 1659 1180 1712 τῆς
1208 1657 1470 1714 πατριάρχου
1499 1676 1747 1713 παρακεχω-

302 1718 474 1776 ρηκότος
523 1720 596 1762 καί
633 1723 759 1763 πᾶσιν
800 1722 1048 1776 ’ἅνθρωποις
1088 1725 1425 1779 ἐπιδεδειγμένον
1457 1724 1534 1780 τήν
1579 1726 1746 1781 γνώμην

159 1793 202 1828 V.
219 1794 288 1828 685
302 1789 508 1843 φανεραῖς.
566 1790 715 1830 ἐκεῖνοι
749 1789 795 1829 δὲ
822 1788 980 1837 πολλὰς
1008 1788 1339 1845 ὁμολογήσαντες
1363 1793 1545 1848 χάριτας
1577 1793 1634 1850 τῷ
1667 1795 1763 1855 βα-Ι

301 1911 418 1943 solum
443 1921 462 1943 a
489 1921 545 1942 me
571 1911 703 1943 factum
731 1916 785 1944 est
810 1913 976 1955 saepius,
1009 1912 1075 1946 sed
1112 1918 1149 1946 et
1173 1925 1193 1945 a
1225 1916 1474 1959 superioribus
1501 1918 1743 1952 Romanorum

299 1957 596 2000 imperatoribus,
623 1959 652 1991 si
674 1970 748 1991 non
773 1959 954 1999 omnibus,
980 1965 1018 1992 at
1041 1966 1137 1993 certe
1153 1962 1331 2004 pluribus.
1372 1963 1504 1997 Verum
1530 1965 1575 1998 de
1602 1965 1674 1997 illis
1695 1965 1757 2000 ob.

299 2004 500 2036 maioribus
530 2004 691 2037 debitam
717 2006 954 2038 reverentiam
981 2006 1077 2039 nihil
1102 2008 1287 2042 sinistrum
1311 2009 1458 2054 loquar,
1493 2023 1551 2045 me
1576 2018 1697 2044 autem
1722 2023 1744 2045 a

299 2052 527 2094 memetipso
554 2052 659 2096 quasi
686 2052 854 2085 omnibus
882 2053 1028 2086 calculis
1054 2054 1209 2087 iniuriae
1235 2061 1271 2088 et
1299 2057 1507 2101 iniquitatis
1533 2058 1744 2103 ergaDeum

302 2098 468 2129 convinci
494 2099 563 2130 aio.
614 2099 658 2130 Et
683 2100 768 2142 quia
793 2099 922 2132 vitium
959 2111 1079 2133 meum
1114 2102 1240 2143 agnovi
1278 2113 1408 2147 meque
1438 2105 1516 2149 ipse
1554 2104 1742 2146 damnavi,

294 2149 467 2186 superest
491 2143 560 2177 hoc
585 2155 710 2184 unum,
740 2147 894 2187 opinor,
919 2146 1035 2180 Deum
1069 2146 1115 2180 ob
1141 2149 1328 2180 commissa
1354 2150 1496 2194 placare
1528 2162 1570 2184 ae
1601 2151 1646 2184 de
1681 2162 1744 2185 ce-

301 2194 380 2221 tero
413 2200 537 2222 cavere
564 2189 855 2236 diligentissime,
881 2203 927 2226 ne
958 2193 996 2225 in
1021 2195 1144 2227 eadem
1169 2195 1260 2227 mala
1288 2195 1493 2239 incurram,
1521 2199 1593 2231 nisi
1617 2198 1743 2232 morbo

303 2240 489 2278 aegrotare
526 2237 634 2269 velim
660 2238 859 2271 insanabili
897 2245 934 2272 et
970 2239 1014 2272 de
1041 2241 1219 2274 industria
1246 2244 1284 2275 in
1313 2242 1420 2277 rebus
1445 2244 1609 2278 honestis
1647 2245 1765 2290 ipso-s

303 2291 375 2327 quc
404 2282 512 2314 etiam
539 2283 614 2316 sole
642 2284 857 2318 clarioribus
886 2287 1079 2320 caecutire.
1144 2289 1297 2322 Proinde
1327 2301 1406 2322 cum
1435 2302 1533 2326 nunc
1558 2292 1603 2325 de
1628 2291 1769 2335 patri--

304 2327 411 2360 archa
436 2329 660 2362 nominando
686 2337 892 2375 quaeratur,
919 2339 1077 2367 veterem
1115 2335 1217 2367 vobis
1246 2335 1451 2370 libertatem
1478 2340 1652 2377 restituo,
1677 2348 1746 2372 nec

303 2380 375 2406 tam
401 2374 528 2415 vobis,
562 2387 669 2420 quam
696 2378 798 2418 Deo,
831 2380 890 2412 cui
916 2391 1063 2425 magnae
1091 2393 1196 2414 curae
1231 2384 1319 2422 erit,
1346 2385 1410 2428 qui
1444 2380 1541 2418 bene
1571 2385 1745 2418 ecclesiae

303 2421 536 2466 praefuturus
563 2422 622 2462 sit,
647 2422 748 2456 vobis
775 2426 944 2460 revelare.
994 2428 1119 2460 Postea
1146 2440 1209 2472 ego
1236 2439 1382 2474 quoque
1411 2443 1523 2463 unum
1547 2442 1590 2464 ex
1615 2431 1759 2473 tribua,¹

304 2473 345 2500 ut
369 2478 446 2500 mos
471 2474 536 2508 est,
562 2467 784 2502 dccernam.'’
832 2472 929 2506 Haec
953 2474 991 2506 in
1006 2481 1183 2508 conventu
1208 2475 1402 2520 imperator
1422 2477 1525 2517 dixit,
1545 2489 1615 2523 qua
1636 2478 1746 2511 nimi-

307 2525 386 2546 rum
415 2514 556 2546 ratione
583 2515 654 2548 ritu
691 2518 803 2549 veteri
834 2520 1043 2562 patriarcha
1075 2521 1262 2566 eligendus
1294 2528 1399 2556 esset.
1447 2525 1535 2558 Cum
1568 2524 1745 2567 postridie

308 2561 428 2593 denuo
456 2560 650 2594 coivissent
674 2568 710 2595 et
735 2574 842 2607 super
870 2567 1016 2609 negotio
1045 2569 1315 2608 consultarent,
1346 2571 1477 2604 iterum
1505 2571 1603 2603 misit
1627 2573 1746 2615 impe-

307 2612 421 2648 rator,
447 2607 512 2653 qui
536 2618 596 2640 eos
622 2608 741 2652 pridie
768 2610 943 2644 dictorum
970 2615 1203 2655 admoneret,
1234 2616 1399 2657 hortans,
1426 2618 1480 2649 uti
1512 2623 1660 2663 agerent
1683 2629 1743 2651 se-

309 2653 418 2690 dulo:
459 2665 497 2686 se
525 2655 642 2692 enim,
673 2657 853 2699 quomodo
891 2660 986 2702 apud
1011 2662 1127 2694 Deum
1157 2673 1194 2694 se
1218 2667 1403 2702 tueretur,
1443 2662 1527 2696 dum
1565 2663 1744 2697 electione

306 2700 534 2744 patriarchae
562 2701 650 2745 ipsis
681 2703 825 2744 penitus
852 2706 1028 2746 cessisset,
1052 2707 1232 2741 invenisse
1259 2713 1294 2741 et
1318 2709 1530 2742 mortalibus
1555 2710 1746 2750 universis,

310 2747 399 2791 quid
424 2747 587 2787 sentiret,
611 2748 884 2783 demonstrasse.
915 2751 989 2792 Illi,
1012 2753 1210 2788 honorifice
1228 2756 1351 2798 gratiis
1370 2756 1457 2789 actis
1472 2767 1537 2801 pro
1562 2758 1639 2790 eius
1663 2757 1750 2800 erga*
