1794 3158
375 157 448 198 AD
492 154 862 198 CANTACUZENI
903 158 999 196 Lm.
1030 159 1101 197 lv.
1345 135 1454 207 543

19 258 167 303 celebri
204 258 353 312 templo
381 258 538 298 Nicetes
583 260 624 297 in
667 256 806 297 Alexio
839 258 1068 307 Comneno,
1117 257 1314 298 Mannelis
1345 259 1454 312 filio,

19 306 138 368 {aegre
170 314 296 353 ferens
324 314 510 353 caedibus
540 312 739 367 pollutum
770 327 852 352 esse
879 328 902 352 a
931 313 1190 361 Christianis,
1223 328 1314 352 cum
1342 315 1456 355 Salo-

19 371 199 409 monium
226 369 419 421 templum
438 370 553 408 Titus
579 370 794 421 imperator
811 369 943 407 Deum
976 370 1168 408 reveritus
1195 369 1335 408 violari
1360 384 1455 422 pro—

19 423 209 464 hibuerit.
258 425 339 478 Qui
364 426 510 475 Itonos,
542 426 670 476 inquit
687 454 698 474 ,
730 437 759 463 a
786 424 984 475 religiosis
1021 434 1059 463 et
1101 423 1332 464 Christianis
1364 426 1455 466 huic

11 479 277 535 pulcherrimo
311 489 350 518 et
373 480 496 534 plane
526 479 666 518 divino
701 479 843 533 templo
873 479 1074 518 habendus
1100 493 1178 518 non
1205 480 1297 532 ficit
1310 509 1322 530 ‚
1350 482 1460 536 quod

17 536 177 574 omnino
208 534 291 573 Dei
333 535 514 573 manibus
527 535 778 587 flzbricacum
813 542 868 572 esc
884 563 899 580 ,
928 535 1107 587 primum,
1137 548 1186 572 ac
1217 544 1455 589 postremum

17 603 113 643 opus
125 590 435 644 pulcherrimum
452 598 565 643 atque
583 588 830 638 inimitabile,
849 602 969 643 neque
986 589 1029 627 in
1053 590 1164 627 terris
1187 590 1314 640 aliud,
1337 605 1456 646 quam

16 645 122 684 orbis
151 645 315 698 quidam
349 645 521 683 coelestis
555 644 716 682 extitit?
773 643 883 681 Idem
925 644 965 681 in
997 645 1224 683 narratione
1260 646 1310 684 de
1337 646 1455 686 rebus

18 707 109 753 post
139 700 281 739 urbem
307 714 330 739 a
358 700 509 738 Latinis
540 705 695 751 captam
728 698 874 751 gestis:
931 698 1126 752 Nunquid
1149 701 1336 753 templum
1364 716 1453 740 am-

9 755 232 810 plissimum
258 763 296 794 et
321 755 626 800 divinissimum,
655 767 826 807 unquam
851 754 1017 807 posthac
1043 762 1080 792 te
1109 755 1252 794 videbo
1274 756 1455 805 {melum

18 813 214 849 ter-reama
231 839 242 861 ,
298 811 440 849 solium
486 809 642 861 gloriae
680 808 763 847 Dei
799 809 1070 858 annuncians,
1114 811 1376 864 spectaculum
1418 821 1457 853 ec

17 879 112 920 opus
132 865 332 918 singulare
346 893 358 916 ,
366 864 544 920 firmum
577 865 779 902 universae
803 872 929 902 terrae
952 863 1096 902 decus?
1124 878 1297 904 PONTAN.

129 918 392 974 fag-342¹&
434 920 686 958 ultimam
739 917 956 961 Thulen.
1023 919 1157 958 Etiam
1184 920 1377 974 Virgilius
1417 935 1449 967 r,

18 975 163 1028 Georg.
208 974 390 1014 ultimam
436 981 583 1024 vocat,
624 973 732 1027 quod
771 973 961 1012 nimirum
1006 974 1171 1014 distaret
1212 974 1455 1031 longissime,

16 1037 196 1084 essetque
221 1037 419 1084 postrema
445 1030 529 1068 sive
560 1028 700 1068 ultima
740 1030 842 1067 inter
870 1029 1019 1069 insulas
1050 1030 1239 1071 Romanis
1271 1031 1453 1084 explora-

14 1093 76 1125 tas
108 1092 148 1124 et
178 1086 370 1139 cognitas.
397 1085 541 1124 Strabo
570 1083 640 1127 lib.
660 1084 727 1134 4:
759 1085 893 1135 Magis
917 1087 1038 1124 etiam
1067 1086 1232 1125 obscura
1257 1096 1312 1126 est
1344 1088 1453 1128 Tim-

13 1141 71 1180 les
90 1141 252 1180 historia
281 1141 329 1181 oh
349 1150 429 1180 tam
448 1140 703 1194 longinquum
727 1140 854 1178 sicum.
918 1140 1105 1179 Omnium
1135 1143 1255 1190 enim,
1285 1157 1454 1196 quarum

10 1198 194 1244 seruntur
215 1198 378 1236 nomina
391 1225 402 1245 ‚
428 1197 603 1234 maxime
627 1209 759 1234 versus
788 1197 1097 1249 septemtrionem
1127 1210 1208 1235 esse
1238 1198 1342 1235 hanc
1369 1199 1454 1237 dis-

12 1253 129 1291 sitam
158 1252 280 1291 aiunt.
337 1252 486 1291 Poetae
513 1252 554 1289 in
587 1250 756 1288 maxima
784 1250 972 1291 distantia
1008 1259 1049 1290 et
1088 1249 1177 1291 loco
1207 1251 1454 1308 longinquis-

13 1308 116 1346 simo
141 1306 399 1360 significando
444 1305 606 1344 Thulen
636 1305 858 1343 nominant.
887 1319 1060 1345 PONTAN.

124 1362 229 1414 Pag.
253 1363 317 1416 39,
338 1360 396 1412 14.
426 1374 487 1400 ve
503 1369 736 1399 reantur.
772 1360 857 1398 Hoc
883 1368 929 1399 ut
958 1360 1116 1400 facilius
1145 1368 1184 1400 et
1202 1361 1348 1403 melius
1367 1363 1452 1418 fiat,

14 1417 222 1470 prudentis
255 1416 503 1470 imperatoris
531 1416 631 1465 erit,
679 1415 838 1454 ordines
867 1416 922 1453 ita
950 1415 1159 1469 disponere
1183 1447 1195 1468 ‚
1238 1425 1284 1457 ut
1312 1419 1454 1460 fi‘atres

14 1486 107 1511 cum
128 1471 333 1523 fratribus,
363 1471 479 1511 amici
506 1483 598 1508 cum
626 1470 762 1509 amicis
790 1484 871 1509 una
901 1472 993 1514 sint.
1041 1473 1145 1511 Cum
1175 1473 1281 1512 enim
1314 1475 1383 1528 qui
1411 1477 1455 1515 in

14 1526 242 1567 discrimine
282 1535 490 1577 versatur,
527 1526 729 1578 proximus
760 1524 817 1564 illi
847 1532 930 1574 est,
960 1541 984 1565 a
1011 1541 1090 1580 quo
1119 1527 1324 1581 diligitur,
1357 1537 1454 1570 tunc

14 1584 235 1622 necessario
263 1585 410 1632 evenit,
432 1581 604 1620 amicum
622 1594 696 1633 pro
717 1581 832 1619 amici
852 1580 979 1624 salute
996 1582 1183 1622 audacius
1211 1583 1455 1640 depugnare.

13 1637 147 1678 Pudet
183 1638 331 1692 quippe
369 1638 536 1691 gratiam
575 1635 677 1674 bene
710 1637 879 1674 merenti
919 1650 1000 1675 non
1043 1638 1214 1690 referre,
1258 1647 1298 1679 et
1324 1643 1456 1683 socius

14 1694 166 1733 socium
205 1693 448 1742 deserendo,
485 1693 516 1730 si
544 1693 654 1742 prior
682 1692 722 1729 in
755 1691 845 1743 fuga
875 1705 957 1730 esse
990 1693 1194 1741 videatur,
1237 1696 1451 1736 erubescit.

15 1748 280 1802 Praeceptum
307 1750 410 1787 istuc
439 1746 609 1786 militare
627 1746 868 1784 Onosander
896 1747 947 1784 ab
979 1747 1152 1787 Homero
1174 1748 1325 1799 didicit,
1348 1752 1456 1804 apud

21 1818 140 1858 quem
171 1805 317 1844 Nestor
349 1802 641 1857 Agamemnoni
675 1800 750 1839 hoc
780 1800 848 1839 dat
877 1801 1031 1840 consilii
1056 1804 1097 1842 in
1128 1803 1212 1842 acie
1243 1804 1457 1858 disponen-

16 1859 100 1910 da,
142 1859 255 1902 Iliad.
287 1873 355 1898 2.:
405 1858 508 1908 κρῖν’
545 1850 703 1908 ἄνδρας
756 1852 858 1895 κατὰ
905 1856 1050 1909 φῦλα,
1106 1854 1208 1897 κατὰ
1246 1859 1453 1915 φρήτρας,

17 1909 275 1967 Ἀγάμεμνον
306 1921 380 1958 etc.
410 1925 580 1954 PONTAN.

126 1971 228 2023 Pag-
247 1969 317 2023 49,
346 1983 405 2023 ¹7·
434 1967 768 2020 grassabacu
780 1980 814 2008 r.
858 1964 1031 2005 Illustris
1059 1965 1276 2007 admodum
1305 1969 1455 2009 descri-

16 2027 101 2080 ptio
132 2025 402 2078 pestilentiae,
443 2022 571 2076 qualis
608 2021 715 2075 apud
744 2022 976 2060 Lucretium
1003 2021 1072 2061 lib.
1103 2022 1145 2062 6.
1174 2037 1219 2062 ex
1248 2025 1455 2080 Thucydi-

16 2081 78 2121 dis
108 2080 178 2120 lib.
213 2095 249 2121 2.
281 2093 462 2132 expressa
486 2108 498 2128 ‚
548 2085 587 2116 et
628 2076 736 2130 apud
781 2078 991 2115 Maronem
1035 2078 1257 2131 Georgicon
1287 2081 1322 2123 3.
1379 2081 1455 2120 Cui

15 2143 174 2175 tantum
208 2145 266 2176 est
295 2136 398 2185 otii,
449 2134 640 2173 utriusvis
680 2138 819 2184 poetae
855 2146 1014 2171 carmen
1041 2147 1131 2171 cum
1163 2133 1239 2174 hac
1268 2135 1456 2176 historica

14 2193 245 2231 narratione
272 2191 482 2238 conferat3
515 2203 593 2227 non
622 2201 788 2241 parvam
813 2201 949 2226 rerum
978 2188 1280 2230 similitudinem
1309 2191 1454 2245 depre-

18 2246 165 2287 hendet
189 2261 200 2286 :
231 2261 303 2286 nos
330 2245 409 2285 alio
437 2245 679 2285 festinamus.
708 2255 874 2282 Pomm.

131 2299 404 2354 Pag.53,14.
450 2301 652 2351 legatos
694 2298 896 2349 deligit.
957 2297 1019 2336 De
1058 2304 1139 2338 tam
1185 2298 1309 2338 nobili
1348 2299 1456 2354 lega-

16 2358 125 2397 tione
153 2356 403 2410 imperatoris
433 2355 483 2393 ad
527 2354 752 2407 pontificem
790 2353 1016 2392 Romanum
1067 2360 1106 2392 et
1141 2353 1259 2393 huius
1298 2355 1348 2393 ad
1380 2357 1454 2393 im-

17 2421 240 2466 peratorem
270 2413 593 2450 Cantacuzenum
613 2439 624 2458 ‚
664 2409 715 2447 de
749 2407 868 2447 rebus
907 2409 1009 2447 tanti
1038 2411 1228 2447 momenti
1254 2410 1358 2448 inter
1387 2424 1454 2450 eos

19 2469 143 2519 actis,
173 2467 331 2507 Platina
372 2467 412 2505 in
447 2465 654 2504 Clemente
683 2464 754 2506 V1.
783 2462 939 2502 nullum
966 2463 1082 2517 plane
1110 2463 1279 2503 verbum
1316 2463 1451 2514 habet,

19 2524 129 2577 quod
157 2525 245 2576 quis
274 2537 353 2561 non
384 2521 527 2560 iniuria
558 2522 740 2558 miretur.
771 2532 942 2558 PONTAN.

131 2578 232 2630 Pag.
256 2577 322 2628 55,
349 2576 407 2618 15.
436 2575 626 2615 duobus
658 2575 870 2628 episcop
884 2575 940 2613 is.
996 2575 1192 2625 Gregoras
1217 2587 1377 2627 quoque
1404 2574 1454 2614 de

19 2632 83 2672 his
103 2633 259 2672 duobus
287 2632 496 2685 episcopis,
527 2633 593 2683 qui
622 2630 698 2668 sub
723 2630 951 2668 Andronico
985 2628 1090 2666 missi
1123 2628 1216 2666 sint.
1274 2628 1455 2667 Confun-

20 2687 82 2727 dit
108 2696 287 2740 tempora
314 2695 351 2726 et
380 2700 463 2726 rem
493 2693 618 2725 totam
649 2685 988 2737 imperfectissime
1018 2681 1452 2737 negligentissimeque,

23 2749 70 2783 ut
96 2743 211 2792 solet,
242 2744 402 2796 exponit
430 2741 498 2781 lib.
534 2754 590 2780 10.
620 2754 793 2784 ronna.
