1800 3164
501 158 880 204 ms‘romARUM
920 162 991 201 ιν.
1019 163 1087 204 11.
1450 138 1519 212 73

68 283 142 312 νου
169 259 549 322 μηδεμίανγαῦτοί
579 266 764 306 τοσαῦτα
791 259 1089 319 ἧγνωμόνησαν
1120 256 1193 300 καί
1219 258 1423 314 τοσαύτης
1442 253 1521 315 ἧρ-
1533 266 1728 312 Α.(Ξ.ι348

4 364 21 387 4
68 338 145 386 ξαν
175 333 342 380 ἀδικίας
387 329 460 372 καί
487 332 666 386 φθορᾶς.
723 328 867 371 ἔπειτα
909 330 1072 371 ἐκέλευε
1092 324 1156 369 «τὸ
1190 327 1403 379 τειχισθὲν
1429 342 1518 379 χω·-
1531 332 1573 367 V.
1588 332 1660 379 596

69 402 162 456 ρίον
190 397 457 440 καταλείπειν
487 394 558 438 καί
585 395 636 438 τά
666 397 784 451 τείχη
814 399 1050 450 καθαιρεῖν.
1091 389 1202 436 οὕτω
1233 390 1313 447 γάρ
1343 390 1519 433 ἔσεσθαι

68 463 252 515 σπονδάς
288 459 432 512 αὗτοῖς
470 466 542 505 καί
573 460 741 517 εἰρήνην
770 461 875 517 πρὸς
904 461 1054 514 αὕτὸν,
1096 456 1345 514 συγγνώμην
1378 474 1518 512 παρα-

15 526 58 579 Ἐ
69 526 293 586 σχόμενον,
323 524 381 572 ὧν
408 528 647 584 ἐζημίωσαν
674 526 782 582 κατὰ
810 525 882 569 τὸν
902 526 1097 579 πόλεμον.
1131 525 1169 568 οἱ
1198 528 1244 568 δὲ
1271 519 1533 579 οὐδ’ἅκροιςι

67 598 339 650 κατεδέχοντο
373 595 500 648 dciv,
530 592 637 636 ἄλλα
667 595 753 635 δεῖν
784 591 949 649 ἔφασαν
977 591 1116 641 αὐτοῖς
1145 594 1222 634 τοῦ
1247 593 1406 646 χωρίου
1438 606 1517 630 πα-

71 668 284 719 ραχωρεῖν
326 663 637 715 τετειχισμένον
657 693 669 714 ,
699 655 726 715 ἢ
756 658 925 708 οὐδενὸς
961 660 1046 700 τῶν
1075 658 1180 714 πρὸς
1208 656 1367 707 αὐτούς
1395 654 1516 712 ἦκόν-
1529 662 1562 695 Ρ.
1575 661 1644 708 744

68 746 152 773 των
184 727 425 783 α’μελήσειν.
452 730 524 770 καί
553 724 642 781 ἅμα
671 725 898 769 ἐπετείνετο
927 724 948 767 ὃ
980 725 1163 778 πόλεμος
1181 757 1194 777 ,
1222 726 1296 766 καί
1320 724 1519 777 περιπλέ-

69 809 185 844 οντες
212 796 457 851 διέφθειρον
487 791 584 843 τοὺς
611 789 938 849 προστυχόντας.
994 790 1087 833 ἐπεὶ
1117 792 1163 831 δὲ
1190 788 1266 844 τήν
1302 788 1519 832 θάλατταν

0 855 265 907 Όοᾶπλωτον
305 861 505 915 ἐποίησαν
547 859 791 913 Ῥωμαίοις,
833 856 1092 915 ἐφ’ὂλκάδος
1129 856 1398 913 μυριοφόρου
1437 872 1519 909 μη-

67 926 206 983 χανήν
233 924 527 982 ἐπιστήσαντες
557 923 885 980 τειχομαχικήν,
903 924 980 981 ἀφ’
1000 919 1051 980 ἧς
1081 922 1206 966 λίθου
1233 920 1392 978 βάρος,
1422 919 1520 963 ὅσον

67 987 277 1049 εὔρωστος
304 990 411 1048 οἷνήρ
443 987 498 1035 ἂν
518 987 686 1047 ἄροιτο,
715 992 872 1048 ἠφίετο.
928 986 1017 1032 εἶτα
1045 988 1210 1046 τριήρει
1232 988 1520 1044 περιέλκοντες

65 1057 146 1115 τήν
173 1056 359 1113 ὁλκάδα,
389 1057 533 1107 λίθους
560 1059 743 1114 ἠφίεσαν
773 1059 994 1111 πανταχοῦ
1011 1059 1086 1112 τῆς
1107 1054 1292 1108 πόλεως,
1314 1053 1520 1108 ἔβλαπτον

67 1125 116 1168 δὲ
147 1126 284 1167 ου’δέν.
314 1122 514 1179 βασιλεὺς
541 1125 582 1166 δ’
601 1124 696 1166 ἐπεὶ
727 1125 772 1166 ἐκ
800 1126 878 1167 τοῦ
905 1122 1058 1166 αὐτίκα
1086 1122 1410 1167 ἀντιτάττεσθαι
1438 1120 1519 1162 αὕ-

4 1197 55 1240 15
67 1196 152 1240 τοῖς
190 1191 268 1232 οὐκ
292 1187 402 1246 εἶχεν
433 1193 480 1233 ἐκ
519 1189 742 1245 θαλάττης,
771 1191 976 1246 τριηρέων
1015 1186 1184 1246 ἆπορῶν
1202 1221 1214 1243 ,
1245 1185 1445 1243 στρατιάν
1472 1188 1519 1228 ἐκ

64 1258 139 1312 τῆς
166 1257 344 1313 ἠπείρου
373 1259 570 1311 πέμπων,
602 1253 784 1313 ἐφόδους
809 1257 971 1298 ἐκέλευε
999 1254 1161 1310 συχνὰς
1188 1258 1428 1307 ποιεῖσθαι,
1446 1255 1523 1295 καὶ

64 1322 271 1378 ἔβλαπτον
313 1319 394 1366 ὅσα
431 1321 604 1366 δυνατά.
661 1323 710 1364 οὔ
743 1322 827 1378 μήν
866 1320 966 1365 οῦδὲ
1001 1325 1072 1378 τῆς
1109 1321 1323 1377 θαλάττης
1360 1319 1520 1362 παντά-

62 1406 192 1432 πασιν
216 1390 385 1444 ἠμέλει,
413 1385 521 1432 ἀλλὰ
551 1387 831 1444 πετροβόλους
860 1388 1016 1443 στήσας
1042 1387 1235 1444 μηχανὰς
1261 1387 1308 1430 τὸ
1337 1390 1554 1442 μέγεθοςΒ

61 1455 315 1512 ὑπερφυεῖς,
344 1459 490 1505 λίθους
531 1457 718 1498 ἐκέλευεν
754 1457 800 1497 ἐκ
829 1454 1066 1506 Βυζαντίου
1097 1457 1271 1512 α’φιέναι
1297 1452 1405 1509 πρὸς
1429 1455 1469 1495 Γ
1468 1471 1516 1495 α-

0 1525 204 1571 solas-031¹.
260 1524 492 1565 διικνοῦντο
519 1521 600 1578 γὰρ
631 1525 704 1564 καί
731 1522 887 1571 πολλὰς
915 1522 1203 1578 κατέστρεψαν
1233 1523 1404 1574 οἰκίας,
1431 1519 1518 1573 μοί-

62 1593 184 1632 λιστα
219 1587 298 1637 τὰς
332 1587 448 1644 παρὰ
487 1589 734 1642 θάλασσαν,
775 1587 849 1630 καὶ
885 1594 978 1638 ταῖς
1018 1586 1166 1631 ὁλκάσι
1204 1590 1287 1631 τῶν
1316 1589 1516 1631 Λατίνων

63 1655 140 1698 οιῖκ
181 1653 302 1709 ὅλίγα
341 1653 598 1709 ἐλυμήναντο
637 1655 676 1697 οἱ
716 1655 843 1701 λίθοι.
900 1653 977 1711 τήν
1020 1671 1066 1697 τε
1092 1654 1169 1710 τήν
1197 1654 1392 1710 μηχανήν
1423 1655 1517 1696 ἀνέ-

61 1735 227 1776 χουσαν
254 1718 412 1763 ὄλκάδα
444 1721 677 1764 κατέδυσαν
703 1720 923 1776 βαλόντες,
954 1721 1073 1775 μόλις
1100 1723 1184 1764 τῶν
1204 1723 1413 1775 ἐπιβατῶν
1443 1719 1516 1761 τὸν

62 1787 252 1829 κίνδυνον
280 1783 589 1843 διαφυγόντων.
647 1785 686 1829 οἱ
718 1792 900 1830 Λατῖνοι
929 1788 976 1830 δὲ
1007 1788 1081 1830 καί
1108 1788 1172 1837 δίς
1201 1789 1275 1830 καί
1301 1788 1392 1842 τρῖς
1420 1787 1520 1842 περὶ

61 1910 289 1945 exstitissent
315 1916 353 1945 et
377 1915 495 1943 tantas
533 1910 615 1944 aliis
642 1910 791 1944 iniurias
828 1916 1041 1956 tantamque
1068 1912 1266 1956 pernicicm
1296 1912 1391 1945 ultro
1419 1911 1518 1944 intu-

59 1958 200 1992 lissent.
250 1958 393 1991 Deinde
417 1970 581 2005 campum
607 1969 710 1992 muro
730 1962 873 2003 septum
899 1957 1073 2004 relinqui,
1099 1970 1241 1991 murum
1269 1958 1377 1992 deiici
1401 1960 1518 2003 impe-

59 2015 158 2038 rare:
184 2005 236 2038 sic
262 2006 358 2038 enim
386 2015 517 2046 secum,
544 2005 673 2037 damna
694 2004 777 2038 data
799 2004 1028 2049 ignoscente,
1059 2006 1187 2039 foedus
1213 2010 1249 2038 et
1281 2017 1405 2047 pacem
1428 2005 1516 2039 fore.

60 2052 120 2085 Illi
146 2052 243 2084 iussa
269 2052 417 2084 auribus
446 2052 602 2085 aversari
627 2062 668 2084 ac
693 2052 814 2085 dicere
831 2078 839 2091 ,
881 2058 1050 2096 oportere
1080 2053 1167 2098 ipsis
1190 2053 1310 2086 locum
1338 2054 1409 2086 iam
1433 2064 1519 2086 mu-

58 2100 176 2134 nitum
201 2098 349 2141 cedere,
387 2105 450 2132 aut
473 2099 589 2140 nihil,
616 2099 715 2145 quod
740 2100 888 2145 quidem
917 2101 954 2132 in
979 2111 1017 2133 se
1039 2101 1108 2140 sit,
1147 2101 1361 2133 omissuros:
1408 2104 1445 2133 ct
1469 2101 1519 2132 si-

59 2146 137 2179 mul
159 2145 296 2178 bellum
323 2146 579 2185 invalescebat,
614 2151 652 2179 et
672 2147 823 2179 navibus
844 2151 1027 2190 vagantes,
1058 2147 1185 2181 obvios
1205 2146 1282 2180 (lire
1301 2147 1518 2182 multabant.

60 2192 213 2226 Sublata
246 2194 414 2227 Romanis
443 2194 700 2238 navigatione,
741 2195 777 2226 in
803 2193 1016 2238 praegrandi
1045 2195 1212 2228 oneraria
1241 2196 1416 2227 muralem
1443 2206 1518 2227 ma-

59 2239 205 2274 chinam
231 2241 511 2281 constituerunt,
536 2251 580 2274 ex
597 2252 667 2286 qua
688 2251 773 2273 saxa
796 2241 888 2274 tanti
907 2241 1080 2286 ponderis
1101 2240 1376 2282 emittebantur,
1402 2253 1518 2287 quan-

60 2290 138 2319 tum
163 2285 271 2319 homo
298 2287 467 2321 robustus
494 2288 588 2321 serre
615 2292 746 2332 posset.
796 2288 889 2321 Tum
919 2289 1057 2321 triremi
1077 2288 1280 2322 onerariam
1303 2289 1521 2323 circumtra-
1723 2302 1729 2317 ι

59 2333 214 2374 hentes,
240 2334 404 2380 undique
430 2335 469 2367 in
495 2335 634 2375 urbem,
661 2333 724 2367 sed
753 2335 841 2368 citra
868 2334 1056 2375 damnum,
1085 2334 1348 2370 iaculabantur.
1398 2336 1518 2381 Impe-

61 2386 173 2420 rator,
197 2381 370 2426 quoniam
394 2382 432 2415 in
457 2393 626 2425 praesens
652 2382 742 2415 mari
767 2393 954 2416 occurrere
979 2383 1053 2416 illis
1079 2382 1284 2428 nequibat,
1325 2382 1424 2429 quod
1448 2384 1518 2415 tri—

62 2427 223 2461 semibus
240 2433 388 2468 careret,
415 2429 527 2470 misit,
554 2430 617 2474 qui
640 2440 683 2462 ex
697 2430 910 2463 continente
936 2430 1071 2464 crebris
1091 2429 1375 2470 incursionibus,
1402 2441 1520 2475 quan-

61 2478 139 2508 tum
163 2480 334 2518 possent,
368 2476 443 2509 illis
480 2475 802 2510 incommodarent.
855 2478 983 2522 Neque
1007 2483 1129 2511 tamen
1156 2488 1255 2511 mare
1280 2478 1426 2523 penitus
1453 2488 1518 2510 nc-

63 2519 233 2567 gligebat‚
257 2521 320 2555 sed
347 2528 524 2556 tormenta
551 2522 736 2557 statuebat
761 2524 957 2557 immensae
983 2524 1268 2569 magnitudinis,
1296 2524 1394 2558 unde
1419 2524 1518 2570 lapi-

65 2566 127 2601 des
151 2569 320 2611 Byzantio
347 2570 512 2603 Galatam
540 2569 842 2614 explode-bantur.
893 2571 1152 2616 Pertiugebant
1173 2572 1270 2606 enim
1300 2583 1357 2612 e0,
1384 2582 1424 2604 ac
1452 2571 1518 2604 do-

64 2624 140 2648 mos
164 2616 379 2659 complures,
403 2618 612 2662 praesertim
639 2617 685 2650 ad
709 2618 810 2651 littus
836 2620 985 2663 positas,
1013 2618 1272 2653 conterebant:
1303 2630 1371 2652 nec
1393 2629 1518 2663 parum

64 2671 107 2693 ea
133 2672 214 2695 saxa
242 2663 451 2697 Latinorum
476 2665 651 2699 onerariis
679 2666 870 2698 nocebant.
921 2666 1021 2710 Quin
1051 2668 1160 2700 ctiam
1196 2667 1318 2706 illam,
1347 2676 1418 2710 qua
1445 2676 1520 2697 ma-

66 2705 171 2740 china
196 2710 479 2752 sustentabatur,
510 2713 702 2745 classiariis
729 2713 786 2745 vix
813 2714 1095 2758 effugientibus,
1136 2713 1299 2758 lapidum
1326 2711 1422 2745 iactu
1449 2713 1518 2754 By-

66 2754 176 2788 zantii
205 2764 495 2794 summerscrunt.
555 2759 676 2795 Latini
709 2759 752 2794 de
788 2770 876 2806 pace
922 2765 1082 2796 oratores
1125 2762 1258 2795 iterum
1295 2771 1335 2792 ue
1369 2759 1519 2793 tertium
