1800 3164
323 120 430 186 184
840 135 1210 180 CANTACUZENJ

105 248 199 283 A.c,
214 248 292 285 1351
311 237 454 292 ἔμελλε
469 237 606 296 ῥᾷστα
627 236 933 293 οἶπελέγχεσθαι
959 238 1228 292 ψευδόμενος.
1267 239 1504 294 πυθόμενος
1537 241 1584 282 δὲ
1604 237 1626 282 ὁ
1642 242 1682 282 Γ
1680 257 1752 296 ρη-

314 306 440 360 γορᾶς
478 302 505 346 ἃ
545 303 712 360 δράσειε
739 301 936 357 βασιλεὺς
968 302 1020 345 τοὶ
1051 305 1207 347 ἐκείνου
1239 306 1530 362 θριαμβεύσας
1557 303 1753 358 πλάσμα-

312 388 379 424 τα,
410 371 461 412 οὕ
484 370 668 425 μετρίως
696 368 865 424 ἠνιάθη,
896 366 997 411 ὅθεν
1023 370 1097 412 καὶ
1122 370 1341 425 συντυχιὸν
1361 369 1545 427 ὕστερον,
1569 372 1756 423 ὠνείδιζε

179 451 206 485 Ρ
230 451 298 486 308
315 436 387 479 τὸν
414 439 639 493 θρίαμβον,
671 435 728 485 ὥς
757 437 818 478 ἐπ’
849 437 1008 477 ἐκείνου
1035 438 1088 494 τῇ
1116 435 1293 495 αἰσχύνῃ
1313 440 1594 494 εἰργασμένον.
1647 434 1756 494 ἔφα-

314 506 387 546 σκέ
416 519 462 544 τε
500 500 575 556 τὴν
611 503 689 554 μὲν
723 500 830 557 πρὸς
857 500 930 544 τὸν
958 500 1096 556 ,τόμον
1125 500 1359 559 ἀντιλογίαν
1386 505 1496 546 ἰδίαν
1542 498 1678 558 εἶναι,
1706 502 1790 546 ‘coifi

287 598 290 603 ι
313 571 362 612 δὲ
389 571 477 611 κατ’
501 567 633 609 αὐτοῦ
653 570 1012 622 συγγεγραμμένα,
1044 564 1142 610 ὅτου
1163 568 1241 625 εἴη,
1264 571 1435 623 α’γνοεῖν·
1457 569 1693 624 βούλεσθαι
1712 570 1760 611 δὲ

313 636 539 690 ἀφανίζειν
568 632 792 687 ἐντυχόντα
821 636 894 675 καί
923 634 1065 677 αὐτόν·
1107 632 1136 677 ἃ
1165 637 1204 677 εἰ
1234 636 1306 677 καί
1331 634 1530 691 πρότερον
1557 635 1755 691 ἐπέμφθη

314 699 420 755 πρὸς
448 697 595 750 αὐτὸν,
627 700 733 756 πυρὶ
759 701 991 756 παρεδίδου
1022 696 1074 742 ἂν
1108 704 1206 757 πρίν
1225 703 1284 751 εἷς
1314 698 1459 757 ἑτέρας
1487 696 1601 755 ἥκειν
1619 696 1759 748 οἷκοάς.

312 765 514 821 βασιλεύς
554 767 594 807 δ’
623 765 828 822 ἔφασκεν,
867 768 917 808 οὐ
944 769 1126 824 συνορᾷν
1152 769 1263 825 αὐτῷ
1291 766 1388 816 τούς
1418 764 1564 820 λόγους
1590 766 1651 816 εἷς
1678 761 1784 820 ἔν’,τι4

312 834 454 875 τείνει.
511 832 551 873 εἰ
585 834 663 885 μὲν
697 830 776 887 γὰρ
809 830 868 886 μή
908 830 960 874 τοὶ
991 835 1337 887 συγγεγραμμένα
1366 827 1518 887 ἤθελεν
1542 827 1790 887 εἶναι,φα-ι

315 896 433 952 νερρὶ,
463 894 555 939 ἀλλ’
576 897 760 956 ἀφανείᾳ
788 900 918 954 πολλῇ
947 901 1201 952 κατέχεσθαι
1230 897 1301 940 τὸν
1321 895 1458 939 πάντα
1477 896 1642 953 χρόνον,
1664 896 1762 939 ἄνθ’

317 960 416 1005 ὅτου
445 966 657 1012 συντιθείς
687 966 882 1011 τοσοῦτον
909 961 1035 1007 πόνον
1060 958 1257 1019 ἦνεγκεν;
1295 966 1334 1006 εἰ
1371 965 1408 1006 δ”
1449 959 1551 1020 ὅπερ
1586 964 1760 1015 δίκαιον,

317 1031 474 1083 μᾶλλον
510 1026 617 1072 εἶναι
647 1027 809 1086 φανεροὶ
847 1028 1070 1083 ἐβούλετο,
1101 1031 1176 1071 καί
1197 1029 1382 1085 μεγάλας
1411 1024 1463 1072 ἂν
1493 1027 1558 1084 εἴη
1586 1027 1763 1084 χάριτας

318 1096 475 1137 εἰδέναι
494 1097 666 1148 δίκαιος,
701 1092 765 1154 ὅτι
785 1094 856 1136 ἐπί
874 1096 1081 1138 τοσούτων
1107 1094 1179 1137 καί
1203 1098 1286 1137 τῶν
1319 1093 1657 1151 ἑπιφανεστέρων
1677 1095 1763 1146 μά-

281 1166 441 1203 Βλιστα
470 1162 543 1203 καί
568 1158 808 1213 θαυμάζειν
852 1160 985 1215 λόγων
1003 1160 1182 1215 δύναμιν
1210 1159 1383 1203 εἰδότων
1403 1161 1637 1215 παρέσχετο
1660 1158 1792 1206 οἴνα-ι

318 1227 614 1282 γινώσκεσθαι,
646 1227 699 1269 ἵν’
731 1226 944 1270 ἐπαινοῖτό
974 1243 1020 1269 τε
1063 1230 1136 1269 καί
1155 1228 1229 1277 τοὶς
1265 1229 1513 1283 ἐπικαρπίας
1554 1225 1767 1279 κομίζοιτο

319 1294 403 1335 τῶν
430 1290 563 1335 πόνων
593 1293 691 1346 mv,
723 1291 910 1345 μάλιστα
937 1292 1010 1334 καί
1036 1295 1118 1335 τῶν
1145 1295 1324 1336 ἐπαίνων
1352 1291 1664 1346 αἰσθανόμενος.
1696 1306 1763 1333 νε·-

319 1357 447 1413 κρούς
473 1358 554 1414 γὰρ
586 1354 674 1400 οὔτ’
706 1357 901 1415 ἔπαινος,
940 1354 1032 1401 οὔτε
1068 1357 1200 1413 ψόγος
1233 1356 1400 1414 ἡδύνειν
1428 1353 1454 1412 ἢ
1481 1354 1675 1412 ἆλγιῖνειν
1702 1352 1766 1399 οἶ-

324 1427 411 1467 δεν.
465 1428 505 1469 εἰ
537 1427 583 1467 δὲ
612 1423 684 1467 διὰ
714 1424 761 1466 τὸ
791 1427 1081 1482 πεφωρᾶσθαι
1110 1424 1163 1467 τοὶ
1194 1426 1359 1480 ψευδῆ,
1399 1423 1429 1466 ἃ
1456 1425 1500 1475 ἐξ
1527 1421 1602 1465 οὔκ
1633 1417 1764 1465 ὄντων

320 1487 454 1540 αὐτὸς
481 1494 580 1547 παρ’
609 1488 767 1533 ἑαυτοῦ
794 1483 1033 1544 πλάττεται,
1066 1492 1209 1544 οἷλγεῖ,
1253 1492 1328 1532 οὐκ
1359 1487 1486 1538 αυ’τὸς
1515 1484 1567 1530 ἂν
1601 1486 1665 1543 εἴη
1691 1488 1800 1542 τῆςα

333 1558 559 1613 ἀλγηδόνος
585 1555 717 1606 αἴτιος
749 1557 891 1614 αὐτῷ,
938 1555 1050 1612 εἴπερ
1089 1558 1196 1612 μηδὲ
1227 1558 1415 1606 πέπεικεν
1446 1550 1575 1604 αὗτὸς
1603 1555 1767 1610 φαῦλον

326 1621 435 1666 εἶναι
461 1622 534 1665 καί
557 1624 632 1678 τῆς
665 1623 868 1677 ἀληθείας
895 1620 1251 1676 καταψεύδεσθαι.
1281 1624 1374 1664 δέον
1405 1622 1548 1675 μέντοι
1576 1619 1650 1661 καί
1663 1616 1768 1674 πρὸς

325 1690 445 1733 τοῦτο
473 1687 533 1744 μὴ
564 1689 674 1731 πάνυ
703 1688 948 1732 δάκνεσθαι.
984 1687 1106 1748 ὀλίγῳ
1134 1689 1215 1745 γὰρ
1245 1685 1416 1744 ὕστερον
1449 1683 1663 1729 ἀπολιπών
1694 1682 1781 1728 τὸν.

325 1839 396 1873 bus
413 1864 422 1878 ‚
461 1850 550 1885 quas
573 1840 742 1887 plerique
769 1850 892 1873 omnes
931 1843 1103 1880 nossent,
1135 1840 1303 1885 figmenta
1327 1838 1460 1872 litteris
1488 1836 1660 1872 mandare
1693 1847 1768 1870 non

327 1886 551 1926 dubitasset,
585 1886 676 1921 adeo
708 1891 747 1920 ut
776 1887 1046 1920 mendaciorum
1080 1887 1241 1922 convinci
1276 1885 1450 1918 facillime
1488 1889 1624 1929 posset.
1673 1883 1795 1927 Gre-4

326 1944 443 1979 goras,
469 1933 595 1966 audito
621 1933 720 1980 quod
743 1935 940 1979 imperator
965 1935 1124 1974 fecisset,
1147 1939 1183 1966 et
1208 1932 1388 1978 quomodo
1415 1931 1460 1965 de
1487 1932 1565 1964 eius
1589 1940 1771 1964 commen-

325 1981 376 2014 tis
401 1980 626 2024 triumphum
651 1980 802 2026 egisset,
832 1980 982 2015 tristitia
1008 1993 1082 2015 non
1111 1980 1248 2025 vulgari
1272 1981 1442 2020 affectus,
1473 1987 1553 2012 eum
1578 1977 1771 2018 convenit,

328 2027 375 2062 de
412 2026 596 2071 triumpho
631 2027 720 2068 illo,
762 2032 803 2061 ut
826 2028 873 2061 ad
906 2027 1060 2062 dedecus
1094 2038 1196 2060 suum
1231 2026 1422 2065 instituto,
1456 2029 1674 2071 conquestus
1703 2027 1771 2058 est.

328 2071 435 2116 Quae
461 2078 585 2106 contra
616 2077 755 2107 tomum
782 2075 878 2108 dicta
908 2076 1004 2116 sint,
1030 2085 1093 2107 sua
1118 2084 1214 2108 esse:
1250 2084 1341 2118 quae
1367 2075 1489 2106 contra
1514 2074 1631 2115 ipsum
1655 2072 1773 2115 impe-

328 2123 509 2161 ratorem,
533 2120 673 2154 nescire
697 2132 748 2162 se,
773 2123 875 2155 cuius
901 2123 997 2155 sint:
1021 2122 1114 2155 velle
1142 2126 1283 2160 autem,
1309 2119 1374 2152 ubi
1401 2117 1592 2160 inciderit,
1619 2128 1660 2151 ea
1686 2127 1775 2160 sup-

327 2167 512 2210 primere:
537 2177 630 2212 quae
656 2169 686 2201 si
712 2168 814 2212 prius
837 2169 1045 2211 accepisset,
1075 2178 1182 2214 quam
1211 2166 1257 2199 ad
1281 2166 1435 2199 aliorum
1462 2175 1565 2198 aures
1594 2164 1775 2204 venirent,

329 2213 407 2256 igni
433 2211 683 2247 mandaturum
707 2214 834 2249 fuisse.
883 2215 951 2249 Hic
975 2216 1181 2259 imperator,
1205 2225 1278 2247 non
1302 2223 1338 2246 se
1362 2213 1576 2257 perspicere.
1600 2221 1773 2256 quorsum

329 2257 442 2294 verba
466 2258 544 2293 eius
570 2260 791 2304 pertineant.
842 2261 878 2294 Si
907 2263 1003 2295 enim
1031 2263 1165 2306 scripta
1190 2271 1254 2293 sua
1278 2258 1428 2293 nolebat
1462 2258 1560 2292 exire
1584 2259 1623 2292 in
1651 2256 1774 2303 publi-

332 2315 436 2344 cum,
471 2316 535 2338 cur
567 2311 707 2340 tantum
740 2307 902 2341 laborem
937 2309 976 2341 in
1012 2306 1263 2354 componendo
1305 2305 1529 2351 susceperit?
1566 2305 1604 2338 Si
1629 2310 1772 2343 autem,

333 2352 433 2397 quod
456 2352 609 2397 aequius
624 2377 633 2393 ,
658 2353 807 2397 publica
831 2353 979 2388 volebat
1002 2365 1103 2396 esse,
1140 2356 1248 2388 etiam
1273 2365 1415 2397 magnas
1439 2351 1511 2385 sibi
1537 2351 1664 2395 gratias
1696 2360 1774 2384 me-

331 2400 405 2434 rito
435 2397 591 2438 debere,
617 2409 698 2433 cum
724 2411 842 2433 coram
867 2406 942 2435 tam
981 2402 1103 2435 multis
1142 2405 1179 2435 et
1209 2398 1412 2434 illustribus
1444 2404 1482 2432 et
1517 2399 1589 2431 vim
1627 2395 1775 2432 dicendi

334 2444 506 2478 admirari
534 2445 733 2479 scientibus
775 2458 817 2481 ea
838 2448 988 2491 legenda
1014 2448 1175 2488 dederit,
1210 2452 1250 2480 ut
1275 2452 1311 2480 et
1338 2445 1548 2479 laudaretur
1591 2448 1628 2478 et
1667 2442 1776 2477 labo-

335 2503 415 2527 rum
442 2502 589 2525 suorum
608 2493 783 2526 ‚fructum
819 2493 935 2527 adhuc
965 2494 1065 2527 vivus
1102 2494 1305 2538 perciperet
1337 2493 1560 2538 gloriamque
1597 2491 1771 2532 sentiret3

334 2544 496 2572 mortuos
522 2540 618 2572 enim
643 2550 711 2574 nec
733 2539 903 2574 laudibus
928 2540 1128 2581 delectari,
1159 2551 1226 2574 nec
1250 2539 1516 2584 vituperatione
1554 2537 1772 2571 contristari.

336 2585 476 2630 Quodsi
504 2586 862 2630 proptereavdoleat,
902 2588 987 2632 quia
1014 2587 1091 2620 eius
1116 2587 1302 2620 mendacia
1325 2584 1546 2629 deprehensa
1569 2585 1656 2624 sint,
1679 2594 1773 2629 quae

335 2632 438 2665 nullo
463 2632 698 2666 fundamento
722 2634 800 2679 ipse
829 2634 1064 2678 excogitarit,
1102 2645 1175 2667 non
1199 2644 1235 2666 se
1269 2633 1325 2665 illi
1351 2643 1490 2665 causam
1515 2630 1650 2664 doloris
1676 2641 1772 2670 esse,

336 2678 634 2726 quandoquidem
658 2691 731 2712 non
757 2682 933 2720 suaserit,
959 2685 999 2713 ut
1023 2685 1096 2713 tam
1122 2679 1285 2724 improbe
1310 2684 1435 2712 contra
1457 2679 1642 2712 veritatem
1670 2687 1773 2710 meu-

335 2727 475 2760 tiretur.
549 2725 725 2772 oportere
758 2732 881 2761 tamen
918 2727 1028 2761 etiam
1063 2726 1110 2760 ob
1149 2726 1218 2760 hoc
1253 2727 1409 2760 moerori
1443 2735 1518 2760 non
1561 2724 1769 2768 indulgere:
