1800 3164
342 136 454 194 368
841 150 1252 193 ANNOTATIONES

333 258 502 307 scz'tiam,
532 254 632 295 nihil
660 260 751 294 sunt
782 252 905 299 aliud,
936 267 1058 305 quam
1086 252 1216 292 colere
1243 250 1543 293 sanctimoniam
1572 259 1618 293 et
1661 257 1773 295 omni

339 315 488 352 virtute
516 310 719 351 excellcre.
749 306 984 347 Aristoteles
1012 310 1111 347 item
1142 307 1181 349 5.
1220 308 1517 359 Νικομαχείων
1544 308 1648 349 illud
1663 311 1773 349 The-

339 368 494 419 ognidis
523 368 563 404 in
592 363 852 418 proverbium
882 362 1026 401 abiisse
1052 364 1132 402 ait:
1178 361 1238 402 Ἐν
1268 361 1314 402 δὲ
1343 360 1586 419 δικαιοσύνῃ
1619 363 1773 418 συλλή·-

332 422 441 475 βὸήν
469 421 567 459 πᾶσ’
595 415 719 471 ἀρετή
748 419 864 458 'orm
895 431 1065 458 ΡοΝΤΑΝ.

446 476 546 527 Pag.
573 474 616 523 8,
656 471 714 522 14.
768 470 819 511 τὰ
848 469 899 511 σὰ
922 503 934 522 ,
972 472 1080 525 quod
1119 472 1310 511 nimirum
1353 471 1405 511 ad
1434 473 1472 512 5.
1511 480 1551 512 et
1579 472 1616 526 4.
1649 473 1774 515 libros

337 532 494 580 attinet,
525 542 705 582 quaeque
733 534 772 566 et
803 542 924 580 supra
949 527 1157 574 intellexit,
1189 526 1268 566 illis
1296 527 1453 575 verbis,
1503 541 1676 584 quaeque
1701 543 1774 570 no·-

335 595 417 625 Stro
455 598 552 623 aevo
587 585 840 635 corm'gerzmt.
899 584 1013 632 Quae
1053 584 1160 621 enim
1195 582 1299 622 libro
1337 583 1510 622 secundo
1542 592 1774 636 narrantur,

332 642 410 680 ,etsi
439 641 522 678 eius
551 653 611 677 res
639 645 741 679 sunt,
758 639 1049 690 propemodum
1079 652 1244 688 omnes,
1273 645 1406 676 tamen
1438 651 1518 677 non
1541 640 1662 679 etiam
1689 641 1774 680 eius

330 697 512 741 nomine,
544 693 882 746 quemadmodum
903 695 1093 746 reliquae,
1115 700 1294 745 patratae
1313 700 1418 735 sunt.
1447 693 1621 745 Omitto,
1640 693 1772 735 multa

331 753 480 802 *exponi
508 750 628 788 etiam
656 750 698 787 in
728 749 856 800 primo
895 762 920 787 a
948 749 1226 787 Cantacuzeno
1255 756 1363 801 gesta
1390 748 1628 802 magnifice,
1665 752 1774 804 sapi-

329 813 466 856 enter,
494 804 650 843 fortiter
676 817 721 842 ac
753 802 931 853 feliciter,
960 811 1006 842 ut
1036 817 1161 857 paene
1192 805 1383 842 maiorem
1407 811 1564 856 partem
1597 805 1681 844 eius
1708 819 1775 845 so-

328 860 429 909 lius,
462 873 582 908 quam
615 858 836 898 Andronici
856 859 1023 898 iunioris
1050 859 1217 898 historia
1244 861 1395 898 censeri
1420 859 1555 912 possit.
1598 872 1772 900 pommu-

447 915 546 967 Pag.
575 913 617 964 8,
658 927 718 966 ¹7·
764 913 834 952 ad
872 923 1188 962 extraneos,
1242 915 1356 952 sive
1397 914 1468 953 ad
1505 923 1775 955 nostrates.

338 970 421 1020 Qui
447 970 496 1009 de
529 969 647 1015 rebus
676 968 755 1007 suis
773 970 932 1021 ipsimet
959 969 1168 1008 historiam
1197 975 1502 1018 contexuerunt,
1530 983 1602 1008 seu
1628 970 1776 1009 exerci-

329 1032 401 1064 .tus
429 1025 626 1072 duxerint,
656 1037 725 1062 seu
753 1038 834 1062 non
864 1024 1063 1074 duxerint,
1091 1023 1261 1076 proferri
1288 1023 1616 1077 possunt‚.alieni
1633 1039 1658 1064 a
1675 1038 1774 1066 vero

328 1080 437 1130 Deo,
458 1078 697 1132 Xenophon,
731 1079 858 1117 Iulius
891 1080 1047 1120 Caesar.
1077 1079 1291 1126 Adrianus,
1325 1087 1371 1118 ut
1402 1094 1426 1119 a
1453 1079 1665 1132 Spartiano
1691 1087 1776 1119 tra-

335 1135 467 1174 ditum
495 1142 554 1174 est
571 1164 584 1184 ,
623 1141 707 1172 tam
744 1134 915 1186 cupidus
943 1135 1019 1173 fuit
1050 1135 1179 1173 famae
1207 1134 1400 1185 celebris,
1442 1142 1488 1173 ut
1520 1134 1644 1174 libros
1665 1136 1776 1175 vitae

328 1204 431 1238 ,suae
460 1204 483 1228 a
510 1204 551 1229 se
571 1190 738 1241 scriptos
765 1189 919 1228 libertis
948 1191 1029 1229 suis
1053 1188 1237 1228 litteratis
1265 1189 1433 1237 dederit,
1465 1190 1620 1239 iubens,
1636 1197 1683 1230 ut
1708 1203 1776 1229 eos

336 1244 566 1284 nominibus
599 1246 680 1284 suis
707 1244 972 1297 publicarent.
1028 1244 1228 1284 Arrianus
1257 1246 1298 1283 in
1338 1244 1502 1298 Periplo
1527 1245 1654 1284 ‘rubri
1688 1259 1776 1285 ma-

337 1303 408 1340 ris.
465 1300 595 1339 Multa
627 1300 676 1338 de
709 1314 751 1339 se
772 1300 910 1339 Iudaei
937 1300 1034 1348 duo,
1066 1300 1256 1352 Iosephus
1284 1301 1325 1338 in
1354 1299 1467 1339 libris
1495 1300 1545 1340 de
1571 1300 1678 1340 bello
1706 1301 1775 1339 Iu-

338 1356 455 1394 daico
500 1362 540 1394 et
580 1354 685 1394 libro
713 1355 766 1394 de
803 1357 887 1394 vita
913 1369 984 1394 sua
1003 1383 1015 1404 ,
1059 1354 1180 1394 Philo
1224 1354 1274 1393 de
1315 1355 1510 1409 legatione
1537 1356 1588 1394 ad
1618 1355 1775 1396 Caium.

338 1411 472 1450 Immo
500 1417 540 1449 et
568 1411 832 1463 antiquissimi
861 1410 920 1449 illi
945 1411 1076 1449 Moses
1105 1417 1144 1449 et
1173 1410 1303 1457 Iosue,
1336 1410 1607 1450 Israelitarum
1636 1410 1775 1450 duces.

339 1466 453 1505 Inter
481 1465 728 1505 Christianos
751 1466 869 1505 divus
890 1466 1136 1518 Augustinus
1164 1466 1207 1503 in
1235 1465 1349 1504 libris
1377 1466 1668 1505 confessionum
1694 1479 1777 1505 non

334 1536 469 1574 „pauca
505 1520 555 1560 de
597 1535 638 1560 se
678 1528 885 1562 memorat.
941 1521 1043 1559 Item
1083 1519 1251 1559 Carolus
1290 1520 1362 1562 IV.
1402 1522 1618 1574 imperator
1652 1522 1778 1560 vitam

342 1591 458 1616 suam
486 1575 706 1629 descripsit.
763 1576 883 1615 Multi
910 1575 1030 1614 duces
1068 1575 1342 1628 navigationes
1378 1585 1474 1615 suas·
1517 1583 1558 1615 et
1597 1575 1703 1615 bella
1734 1577 1777 1615 in

332 1631 481 1682 Jndia,
526 1631 691 1684 quidam
718 1633 1056 1685 peregrinationes
1088 1644 1193 1669 suas.
1238 1630 1311 1668 Est
1339 1637 1473 1670 autem
1501 1645 1627 1684 prope
1654 1630 1777 1683 idem,

342 1701 434 1726 cum
478 1685 549 1726 filii
588 1694 800 1739 parentum
842 1700 905 1725 res
946 1693 987 1724 et
1027 1686 1130 1724 facta
1163 1685 1448 1724 conscribunt:
1492 1687 1600 1739 quod
1624 1685 1774 1734 Anna,

339 1741 471 1781 Alexii
488 1742 696 1789 Comneni,
729 1741 979 1794 imperatoris
1006 1740 1451 1792 Constantinopolitani‚
1489 1742 1588 1792 filia,
1623 1741 1779 1781 erudite

342 1804 382 1836 et
411 1797 610 1850 eleganter
637 1798 845 1849 praestitit.
902 1797 1017 1846 Quae
1043 1796 1207 1835 historia
1239 1796 1421 1835 nondum
1458 1801 1532 1848 est,
1562 1796 1672 1850 quod
1699 1797 1778 1835 sci-

331 1866 425 1902 am,
455 1854 597 1892 Latine
625 1853 743 1892 edita.
803 1851 987 1902 Quadrat
1014 1851 1094 1890 huc
1132 1850 1244 1890 locus
1282 1851 1339 1893 M.
1379 1850 1504 1890 Tullii
1534 1865 1579 1890 ex
1612 1851 1776 1904 epistola

340 1907 395 1946 ad
413 1908 628 1947 Lucceium
655 1907 760 1946 libro
785 1908 950 1960 quinto:
983 1906 1114 1958 Cogar
1133 1907 1314 1958 sortasse
1339 1907 1510 1958 facere,
1570 1907 1650 1946 uod
1675 1920 1776 1946 non·

341 1963 445 2001 nulli
459 1977 574 2017 saepe
589 1963 889 2017 reprehendunt.
945 1961 1123 2000 Scribam
1149 1963 1231 2015 ipse
1261 1961 1311 1999 de
1340 1975 1403 2000 me
1416 1992 1427 2009 ‚
1474 1976 1539 2001 mu
1555 1971 1685 2000 torum
1713 1969 1776 2000 ta-

341 2030 430 2056 men
455 2019 639 2072 exemplo
676 2027 714 2057 et
743 2018 944 2056 clarorum
970 2018 1160 2059 virorum.
1216 2016 1300 2054 Sed
1306 2045 1319 2065 ‚
1342 2016 1452 2070 quod
1479 2026 1516 2056 te
1545 2031 1625 2056 non
1642 2017 1772 2069 sugit,

342 2072 437 2111 haec
463 2082 550 2111 sunt
573 2074 616 2112 in
640 2074 711 2112 hoc
725 2087 867 2126 genere
885 2072 986 2111 vitia
1001 2090 1013 2109 .-
1052 2081 1090 2111 et
1118 2080 1160 2110 ut
1179 2071 1430 2110 verecundius
1442 2072 1525 2126 ipsi
1547 2072 1599 2111 de
1619 2085 1660 2110 se
1676 2073 1773 2110 scr-i-

341 2125 439 2164 bant
460 2141 606 2166 necesse
632 2137 700 2176 est,
729 2127 877 2183 siquid
893 2136 948 2166 est
971 2126 1215 2166 laudandum
1228 2156 1238 2173 ,
1268 2135 1307 2165 et
1321 2135 1595 2180 praetereant,
1626 2128 1664 2165 .ςί
1678 2125 1782 2181 quid

327 2180 443 2230 Jbroe
474 2182 830 2235 reprehendendum
858 2191 927 2221 est.
986 2182 1032 2220 In
1072 2196 1191 2235 quem
1228 2181 1363 2220 locum
1405 2183 1586 2220 nominat
1623 2180 1777 2220 Paulus

342 2235 551 2275 Manutius
581 2250 626 2275 ex
652 2237 871 2277 Plutarcho
899 2238 947 2279 L.
968 2235 1135 2286 Sullam,
1165 2237 1233 2290 qui
1249 2238 1630 2276 commentariorum
1652 2235 1777 2275 libros

343 2290 487 2341 viginti
531 2291 632 2330 duos
677 2291 727 2331 de
758 2293 877 2332 rebus
921 2294 1003 2331 suis
1045 2293 1283 2345 composuit.
1346 2293 1449 2330 Item
1475 2293 1532 2331 M.
1560 2292 1775 2342 Scaurum,
1799 2329 1800 2352 Χ

343 2344 564 2396 principem
589 2345 703 2384 illum
730 2355 914 2397 senatuS,
942 2348 1011 2400 qui
1038 2354 1120 2386 tres
1147 2346 1270 2386 libros
1296 2347 1349 2387 de
1376 2349 1458 2385 vita
1497 2361 1568 2386 sua
1606 2346 1800 2399 perscri--³

341 2399 438 2450 psit,
469 2413 570 2452 quos
599 2410 793 2441 memorat
822 2403 962 2441 Cicero
991 2403 1032 2440 in
1070 2403 1195 2441 Bruto
1225 2410 1264 2441 et
1292 2403 1455 2441 Tacitus
1482 2402 1524 2440 in
1550 2403 1635 2440 vita
1654 2401 1795 2454 Agri-g

344 2452 467 2502 colae,
496 2454 620 2492 soceri
653 2458 725 2494 sui.
752 2458 888 2496 Etiam
915 2458 963 2499 P.
979 2457 1167 2507 Rutilius,
1196 2457 1362 2496 forsitan
1390 2456 1656 2496 aemulatione
1682 2469 1795 2509 per-03

341 2514 489 2555 motus,
518 2509 642 2547 vitam
666 2523 779 2548 suam
805 2511 945 2551 litteris
972 2512 1195 2552 mandavit.
1225 2526 1394 2554 PONTAN.
1784 2528 1795 2560 ’ς

451 2563 554 2615 Pag.
571 2562 613 2611 8,
636 2576 703 2605 21.
727 2565 951 2605 Mor-ales
978 2569 1346 2608 commentarii.
1374 2566 1562 2605 Fortasse
1582 2580 1629 2605 eo
1647 2562 1797 2619 respi-f·

342 2616 412 2667 cit,
443 2617 551 2669 quod
578 2617 871 2659 Cantacuzenus
890 2630 1047 2673 praeter
1066 2622 1154 2661 illas
1173 2622 1371 2674 apologias
1395 2621 1685 2661 Christianismi
1702 2617 1797 2662 ad--·fi

343 2685 481 2710 versus
510 2671 814 2712 Mahometanos
843 2683 880 2712 ct
909 2677 1091 2725 Iudaeos,
1121 2692 1220 2730 quas
1255 2676 1470 2727 habemus,
1509 2677 1627 2715 etiam
1655 2666 1798 2743 para-{2⁴}

341 2725 504 2780 phrases
531 2726 574 2766 in
605 2726 756 2780 aliquot
796 2729 1017 2771 Aristotelis
1055 2731 1178 2772 libros
1218 2732 1455 2772 Ethicorum
1493 2727 1799 2787 conscripsisse&
