1794 3158
361 120 432 188 54
448 120 473 187 ‘i
861 138 1271 183 ANNOTATioNES

468 241 575 295 Pag.
599 241 664 290 58,
688 241 725 280 3.
766 239 1047 294 interfici.
1106 242 1250 282 Parem
1289 242 1570 283 Constantinus
1611 244 1787 285 animum

358 312 454 352 prae
487 312 528 336 se
555 297 663 346 tulit,
693 296 804 334 cuius
833 295 910 334 hoc
939 296 1091 338 dictum
1119 297 1158 336 5.
1190 298 1338 341 Annal.
1368 306 1476 338 tomo
1509 299 1709 352 proditum
1729 308 1788 338 est

360 368 383 392 a
413 355 569 393 Zonara
592 382 603 402 ,
634 354 914 404 imperatorem
943 354 1092 392 nemini
1124 355 1302 391 omnium
1352 367 1397 392 ac
1426 368 1475 393 ne
1503 356 1584 394 suis
1626 355 1787 408 quidem

359 410 548 448 membris
579 407 748 460 propriis
775 420 937 460 parcere
964 407 1130 457 debere,
1160 408 1340 462 publicae
1369 410 1664 464 tranquillitatis
1691 425 1787 450 con-

358 463 576 504 servandae
605 476 736 503 causa.
767 476 939 501 PONTAN.

472 519 577 570 Pag.
618 517 686 568 58,
717 530 784 555 22.
841 519 891 555 si
942 519 1073 556 enim
1127 519 1214 573 qui
1252 519 1423 573 primi
1463 518 1787 560 doctrinam.

362 576 506 614 Inanes
536 580 628 611 sunt
658 573 767 620 istae,
797 586 848 611 ne
875 572 1004 611 dicam
1030 587 1175 624 vanae,
1215 573 1478 614 Cantacuzeni
1521 578 1789 614 excusationes

362 635 402 669 et
429 629 783 681 tergiversationes,
813 642 981 680 quarum
1013 628 1158 667 similes
1187 629 1349 668 adducit
1376 629 1487 668 Nilus
1514 630 1555 668 in
1583 643 1656 668 suo
1685 630 1788 669 libro

362 685 412 724 dc
443 685 568 723 causis
596 683 744 722 dissidii
772 683 875 721 inter
904 684 1065 722 Latinos
1093 691 1131 722 et
1154 685 1340 726 Graecos.
1395 683 1502 735 Quid
1532 685 1637 723 enim
1666 700 1688 724 a
1708 687 1788 725 La-

361 741 480 788 tinis,
510 739 743 792 praesertim
774 752 795 776 a
820 738 1071 790 pontificibus
1099 740 1304 788 Romanis,
1335 740 1566 793 praestitum
1595 755 1675 779 non
1704 748 1789 791 est,

362 802 409 834 ut
443 795 585 833 Graeci
631 808 654 832 a
692 794 912 846 pernicioso
954 793 1165 833 schismate
1209 802 1492 834 revocarentur
1532 802 1572 833 et
1608 796 1660 835 ad
1686 795 1791 836 ovile

364 850 515 889 Christi
544 849 750 889 redirent?
805 848 895 886 Iure
922 849 1123 900 praedicet
1159 849 1321 889 ecclesia
1361 851 1503 889 Latina
1539 864 1658 890 suum
1701 865 1794 903 erga

365 907 538 945 Graecos
568 904 744 943 studium
770 902 848 941 illis
880 904 1038 954 verbis,
1084 903 1228 956 quibus
1262 904 1445 944 ecclesiae
1482 919 1648 958 sponsus
1677 905 1794 945 Chri-

363 969 449 1000 stus
476 959 727 1000 sedulitatem
754 972 868 997 suam
896 966 935 997 et
963 958 1201 998 desiderium
1232 959 1395 1005 iuvandi
1422 960 1682 1000 Israeliticum
1719 975 1792 1014 po-

362 1016 504 1072 pulum
534 1015 762 1055 declaravit.
821 1014 980 1068 Quoties
1006 1015 1115 1054 volui
1135 1029 1370 1068 congregare
1384 1015 1505 1069 filios
1533 1025 1630 1067 tuos,
1662 1030 1792 1072 quem-

364 1073 578 1111 admodum
616 1071 772 1122 gallina
794 1079 1008 1122 congregat
1027 1070 1159 1124 pullos
1184 1084 1273 1109 suos
1300 1071 1368 1110 sub
1400 1070 1517 1110 alas?
1545 1081 1583 1111 et
1613 1071 1789 1110 noluisti.

365 1128 474 1178 Quid
503 1125 724 1167 subditur?
778 1124 882 1163 Ecce
907 1126 1148 1180 relinquetur
1172 1126 1281 1164 vobis
1309 1126 1446 1165 domus
1473 1135 1600 1166 vestra
1624 1127 1792 1166 deserta.

366 1183 556 1222 Graeciae
584 1183 625 1219 in
654 1179 909 1220 solitudinem
956 1181 1140 1221 redactae
1180 1188 1319 1220 testem
1360 1181 1553 1221 habemus
1593 1182 1794 1235 experien-

365 1240 477 1281 tiam.
531 1238 671 1276 Testes
698 1235 975 1275 sollicitudinis
995 1265 1006 1287 ,
1035 1250 1116 1288 qua
1146 1236 1289 1276 Latina
1320 1237 1481 1278 ecclesia
1511 1238 1703 1277 Graecam
1743 1235 1794 1276 ad

366 1295 457 1334 avia
484 1307 666 1332 errorum
693 1290 966 1331 deflectentem
996 1292 1037 1329 in
1067 1291 1174 1330 viam
1206 1292 1396 1331 reducere
1423 1293 1602 1344 studuit,
1630 1291 1794 1331 laudare

367 1363 591 1403 possumus,
622 1355 778 1401 praeter
805 1346 903 1385 alios
932 1346 1239 1386 innumerabiles
1260 1377 1272 1398 ,
1308 1348 1406 1387 duos
1434 1362 1608 1387 summos
1635 1347 1794 1401 pontifl-

368 1419 431 1444 ces
460 1404 670 1443 Nicolaum
712 1402 788 1441 hoc
815 1403 975 1440 nomine
1022 1404 1197 1455 primum
1225 1409 1265 1440 et
1294 1402 1468 1442 Leonem
1503 1404 1595 1455 1X.,
1624 1417 1794 1456 quorum

368 1460 516 1513 scripta
544 1459 594 1498 ad
624 1459 795 1497 Graecos
835 1453 1000 1511 planum
1043 1463 1312 1511 testatumque
1341 1458 1520 1506 faciunt,
1552 1466 1794 1512 quantopere

367 1516 560 1555 Graeciae
592 1514 762 1554 salutem
800 1513 1104 1566 quaesierintet
1131 1515 1395 1567 procurarint.
1449 1514 1528 1552 Sed
1556 1514 1794 1553 Cantacuze-

366 1584 444 1610 nus
472 1570 668 1609 desiderat
696 1569 905 1622 synodum.
962 1568 1115 1607 Eadem
1147 1576 1241 1608 sunt
1276 1568 1359 1607 Nili
1402 1575 1440 1608 et
1481 1568 1651 1608 aliorum
1686 1576 1794 1608 vota.

368 1626 427 1665 At
453 1627 517 1667 vix
544 1627 727 1679 ignorare
766 1630 921 1677 poterat
949 1624 1272 1675 Cantacuzenus,
1324 1626 1476 1677 quoties
1511 1632 1675 1678 propter
1703 1639 1794 1664 con-

366 1681 578 1721 troversias
607 1682 778 1719 Graecos
816 1681 920 1717 inter
948 1687 987 1718 et
1021 1680 1184 1718 Latinos
1228 1680 1412 1718 excitatas
1431 1709 1442 1730 ,
1471 1680 1611 1733 synodi
1642 1687 1794 1719 coactae

366 1737 459 1778 sint.
517 1737 579 1775 An
607 1750 687 1774 non
717 1735 823 1787 apud
855 1735 998 1773 Bai-iim
1028 1735 1271 1774 celebratum
1299 1742 1356 1773 est
1383 1734 1595 1774 concilium
1624 1750 1647 1775 a
1676 1736 1794 1774 Grae-

368 1793 425 1831 cis
455 1791 571 1830 simul
617 1799 654 1829 et
693 1791 844 1828 Latinis
882 1797 1061 1843 tempore
1101 1791 1253 1828 Urbani
1290 1790 1480 1840 secundi,
1517 1791 1621 1830 circa
1652 1803 1794 1829 annum

367 1845 533 1886 Domini
560 1846 705 1896 MXC„
743 1847 786 1884 in
819 1859 899 1898 quo
922 1853 1081 1884 sanctus
1110 1845 1322 1884 Anselmus
1352 1845 1654 1885 evidentissimis
1678 1847 1794 1884 ratio-

367 1902 488 1941 nibus
512 1903 685 1942 Graecos
729 1902 932 1940 convicit?
987 1900 1112 1940 Cuius
1141 1900 1299 1940 concilii
1331 1902 1510 1940 meminit
1543 1903 1628 1954 ipse
1657 1900 1794 1940 Ansel-

370 1971 459 1996 mus
487 1957 590 1996 libro
619 1957 669 1996 de
697 1958 943 2009 processione
972 1957 1096 1995 sancti
1125 1956 1293 2008 Spiritus
1336 1963 1375 1994 et
1403 1956 1526 1995 fusius
1554 1970 1637 1996 rem
1666 1961 1794 1994 narrat

372 2020 512 2052 auctor
537 2014 643 2052 vitae
674 2011 854 2051 Anselmi
884 2011 1026 2062 lib.2.,
1056 2013 1123 2064 qui
1153 2011 1281 2051 eidem
1308 2010 1460 2064 synodo
1487 2012 1678 2051 interfuit.
1735 2010 1794 2049 An

372 2082 454 2107 non
486 2068 565 2107 iam
593 2066 838 2107 celebratum
868 2065 998 2106 fuerat
1035 2067 1258 2105 Concilium
1284 2067 1548 2106 Lateranense
1574 2067 1650 2106 sub
1677 2067 1794 2105 Inno-

370 2124 500 2170 centio
527 2125 662 2174 tertio,
695 2137 800 2162 anno
835 2121 998 2161 Domini
1026 2121 1257 2172 MCCXV.,
1290 2122 1330 2160 in
1352 2136 1432 2174 quo
1461 2122 1685 2172 definitum,
1713 2120 1794 2174 Spi-

370 2178 495 2217 ritum
526 2186 708 2218 sanctum
735 2192 759 2217 a
788 2178 908 2217 Patre
948 2176 1132 2230 Filioque
1177 2176 1414 2231 procedere,
1444 2176 1794 2225 consentientibus,

371 2233 686 2286 approbantibus
714 2240 753 2272 et
779 2232 1120 2272 subscribentibus
1148 2234 1323 2286 ipsismet
1351 2234 1512 2272 Graecis
1529 2237 1548 2271 ’ἶ
1605 2232 1714 2283 Quid
1741 2231 1794 2270 di-

372 2302 462 2327 cam
492 2288 543 2326 de
575 2288 754 2327 Concilio
782 2288 1042 2342 Lugdunensi
1070 2288 1144 2327 sub
1174 2288 1366 2340 Gregorio
1393 2288 1570 2338 decimo,
1603 2288 1667 2326 cui
1695 2287 1794 2326 simi-

371 2339 464 2382 liter
479 2343 620 2381 Graeci
649 2343 925 2393 interfuerunt,
958 2351 996 2382 et
1023 2343 1206 2382 omnibus
1236 2344 1575 2383 consentientibus
1602 2349 1794 2382 cantatum

373 2405 433 2438 est
458 2394 685 2452 symbolum
715 2411 806 2436 cum
840 2398 1041 2437 additione
1073 2399 1284 2453 Filioque,
1313 2405 1373 2437 ter
1412 2399 1587 2448 Graece,
1627 2406 1688 2436 ter
1727 2398 1794 2435 La-

373 2454 469 2496 tine.
525 2453 656 2493 Taceo
683 2452 907 2491 Concilium
935 2454 1241 2504 Florentinum,
1285 2454 1379 2505 quia
1409 2454 1705 2492 Cantacuzenus
1734 2453 1794 2491 dir

373 2516 467 2548 ante
511 2507 611 2547 illud
653 2508 786 2547 vivere
826 2507 955 2547 desiit.
1012 2509 1144 2548 Taceo
1181 2516 1241 2548 tot
1287 2521 1534 2548 summorum
1571 2509 1794 2560 pontificurr

374 2577 496 2616 super
522 2563 585 2602 his
612 2562 907 2615 quaestionibus
931 2577 1118 2615 responsa
1140 2577 1151 2612 3
1182 2570 1228 2601 ut
1255 2563 1419 2616 proinde
1446 2564 1610 2602 minime
1637 2564 1794 2602 audien-

378 2617 454 2657 dus
477 2620 542 2667 sit,
571 2619 639 2671 qui
666 2625 755 2670 post
783 2625 842 2656 tot
865 2617 1008 2656 iudicia
1036 2618 1143 2656 aliud
1171 2618 1363 2657 iudicium
1384 2619 1552 2671 quaerit.
1598 2618 1794 2657 Praeclaw

378 2673 595 2726 Capreolus
624 2675 828 2726 episcopus
845 2672 1162 2725 Carthaginensis
1185 2674 1224 2710 in
1251 2672 1412 2726 epistola
1441 2673 1491 2711 ad
1514 2674 1652 2713 Patres
1674 2687 1789 2725 magn

378 2727 548 2770 Concilii
579 2728 801 2785 Ephesini:
858 2726 909 2768 Sc*
947 2730 1032 2785 quis
1063 2729 1105 2767 in
1147 2742 1194 2767 ea
1216 2757 1227 2781 ,
1249 2741 1372 2782 ¹qaae
1401 2729 1484 2768 iam
1528 2730 1623 2770 olim
1659 2728 1794 2777 diiudi·
