1800 3164
458 166 838 221 ffls‘romARUM
875 173 945 236 iv.v
985 175 1052 218 ιιο.
1374 173 1478 228 297

44 272 258 327 βουλεύω,
298 265 395 312 οὔτε
427 269 534 325 πρὸς
562 269 793 325 ἀπέχθειαν
834 268 974 314 adrev
1008 269 1176 322 οὐδενὸς
1204 271 1694 326 ἆπολειῖτομαιΑᾯΛΒΞ-ἰ

15 370 18 375 -
45 336 178 394 ὑμῶν,
235 338 324 379 ἀλλ’
355 333 478 386 αὗτός
505 353 551 379 τε
585 333 637 379 ἂν
665 340 862 394 ἐξέτριψα
895 339 1028 393 ἡδέως
1062 336 1169 392 ὁμοῦ
1202 354 1266 380 τοι
1294 337 1486 392 σύμπαν-

32 420 120 454 {vag
145 403 400 460 βαρβάρους,
431 403 545 459 εἴπερ
577 401 728 458 οἷόντε,
769 408 843 447 καί
869 408 1066 461 μεγίστην
1094 401 1285 447 εὔκλειαν
1314 405 1387 447 καί
1412 406 1485 447 εὕ-

19 463 184 521 Ᾰδοξίαν
211 469 279 513 τὸν
306 472 473 513 ἐκείνων
502 466 675 524 ὄλεθρον
702 473 845 527 φέρειν
873 468 924 513 ἂν
953 473 1127 525 ἐνόμισα
1154 474 1258 526 ἐμοί·
1295 475 1369 515 καί
1384 472 1484 528 παρ’

28 534 61 586 ,“
89 541 187 592 έρου
221 534 458 590 πάσχοντας
490 552 596 586 τινος
625 535 675 578 τά
706 536 778 578 ἴσα
807 534 932 579 εἶδον.
994 539 1045 578 ου’
1083 537 1167 592 μην
1209 539 1300 579 ἀλλ’
1338 541 1379 580 εἰ
1405 540 1484 592 μὲν

22 602 198 647 ,enimv
223 605 301 656 μὲν
328 603 451 644 ου’ὃὲν
489 604 610 657 ἐξῆν,
653 601 738 643 ἔδει
777 604 823 643 δὲ
852 605 926 655 ἐμὲ
954 605 1054 658 παρ’
1088 601 1260 646 ὁτουοῦν
1289 604 1483 661 ἀποσφα-

40 671 179 725 γέντα,
199 669 314 726 αὐτῷ
341 667 471 725 τούτῳ
499 670 557 726 τῷ
589 669 818 710 α’ποθανεΐν
847 670 1012 720 ἐξώλεις
1034 671 1228 723 γενέσθαι
1257 669 1353 720 τοὺς
1378 674 1484 726 βαρη

41 731 217 790 βάρους,
247 735 378 791 ῥᾷστα
410 731 461 776 ἂν
492 736 564 776 καί
593 733 664 788 τήν
693 737 819 790 φίλην
851 731 1078 790 προῦδωκα
1102 734 1210 790 ζωην
1238 735 1316 778 σὺν
1341 736 1481 794 ἡδονῇ·

41 802 235 842 τοσοῦτον
265 801 495 854 ἀπεχθείας
531 799 635 855 πρὸς
674 799 828 849 αὐτούς
867 803 1078 856 περίεστιν
1115 800 1233 854 ε’μοί,
1272 801 1322 842 οὐ
1352 799 1482 854 μόνον

23 865 111 908 διὰ
139 865 215 921 τήν
249 868 346 922 περὶ
374 865 448 922 την
479 866 709 923 θρησκείαν
737 862 870 922 ἄκραν
914 868 1156 909 ἐναντίωσιν
1176 901 1188 919 ,
1227 867 1314 908 ἀλλ’
1345 865 1408 908 ὅτι
1436 868 1519 908 ἐκΒ

38 933 201 974 πολλῶν
231 933 337 974 ἐτῶν
367 932 532 986 μεγάλα
566 930 792 987 ἠδικήκασι
813 933 1071 986 Ῥωμαίους,
1113 935 1217 975 πᾶσι
1245 932 1483 988 λυμηνάμε-

18 1012 103 1040 -voc
130 999 283 1053 σχεδὸν
319 1001 392 1040 καί
430 999 596 1040 ου’δέπω
624 1001 752 1054 μέχρι
786 1002 862 1041 νῦν
904 998 1027 1053 κόρον
1056 999 1259 1054 ἐσχήκασι
1287 1001 1359 1054 τῆς
1388 1000 1482 1040 ‹ich-

33 1063 154 1113 ,κίας·
215 1061 321 1107 ἀλλὰ
351 1063 424 1106 καὶ
460 1063 532 1106 ἐπὶ
561 1062 729 1121 Θρᾴκην
758 1065 974 1118 διαβάντες
992 1098 1004 1120 ‚
1040 1063 1181 1114 πόλεις
1213 1064 1356 1119 ἔχουσι
1382 1070 1484 1108 πολ-

38 1128 113 1179 λάς
139 1129 213 1172 καὶ
239 1129 372 1173 πάντα
389 1129 439 1173 τὰ
471 1130 588 1185 ἡμῶν
618 1126 868 1184 ἄγουσκκαί
897 1132 1089 1187 φέρουσι.
1120 1133 1230 1181 τίνος
1262 1126 1337 1173 οὖν
1363 1133 1483 1173 ἕνεκα
1496 1136 1539 1175 V.
1552 1137 1620 1181 695

24 1192 170 1246 οὕτως
203 1194 312 1250 ἔχων
343 1195 446 1252 πρὸς
474 1197 652 1246 ἐκείνους
682 1198 933 1251 ἀπεχθείας,
983 1193 1081 1239 οὔτε
1125 1195 1319 1253 πρότερον
1360 1194 1485 1246 αὔτὸς

37 1260 244 1318 ὡρμήθην
288 1267 484 1315 πολεμεῖν
525 1264 599 1304 καί
631 1262 744 1315 ὑμᾶς
781 1261 930 1304 κωλύω
967 1265 1041 1305 νῦν
1078 1266 1483 1319 προθυμουμένους,-

37 1325 104 1369 ὅτι
131 1326 205 1383 τὴν
233 1330 411 1370 ἐνοῦσαν
444 1326 647 1380 ἐξετάζων
676 1329 852 1382 δύναμιν
863 1363 876 1382 ‚
907 1326 1003 1370 οὔτε
1035 1329 1253 1385 πρότερον,
1286 1325 1380 1370 οὔτε
1407 1332 1483 1371 νῦν

36 1392 265 1448 ἀξιόμαχον
295 1394 477 1450 εὑρίσκω
503 1394 608 1451 πρὸς
635 1394 707 1436 τὸν
737 1395 841 1449 πρὸς
871 1395 1051 1446 ἐκείνους
1085 1394 1279 1448 πόλεμον.
1320 1395 1367 1436 τί
1389 1391 1482 1445 οὖν,

31 1452 88 1517 ’ἂν
114 1476 177 1509 τις
205 1459 324 1516 φαίη,
345 1460 514 1517 κελεύῃς
543 1461 656 1515 ἡμᾶς
679 1460 878 1511 καθάπαξ
910 1463 1283 1515 ἐγκαλυψαμὲνους
1313 1464 1387 1503 καί
1408 1460 1523 1516 vij

59 1526 190 1568 ἰκείαν
217 1527 424 1582 σωτηρίαν
453 1524 708 1581 ἀπογνόντας
725 1559 736 1581 ,
767 1527 907 1583 ἡσυχῇ
940 1529 1085 1584 φέρειν
1112 1526 1188 1575 τάς
1217 1528 1376 1582 πληγάς
1409 1530 1483 1569 καί

34 1590 170 1634 πάντα
200 1589 337 1648 ὥσπερ
368 1594 411 1643 ἐξ
450 1593 731 1647 ἐπιτάγματος
774 1593 959 1636 ὑπείκειν
1001 1599 1087 1642 τοῖς
1134 1590 1391 1648 βαρβάροις;
1431 1590 1480 1634 οὖ

34 1655 161 1700 1’τοῦτο
191 1655 332 1713 ἔγωγε,
352 1661 482 1714 φαίην
503 1654 569 1711 ἂν,
584 1657 691 1701 ἀλλὰ
710 1661 962 1714 πολεμητέον
985 1660 1144 1712 μᾶλλον
1171 1660 1242 1699 καί
1260 1657 1366 1714 πρὸς
1383 1660 1483 1700 τοῦ-

129 1770 164 1807 6.
189 1770 332 1807 τούτων
354 1771 426 1819 μὲν
453 1783 523 1810 om.
548 1773 583 1806 Ρ.
704 1784 754 1817 ¹9·
781 1769 944 1809 κελεύεις
971 1771 1013 1805 V.

36 1873 206 1910 adversus
230 1874 405 1909 barbaros
432 1875 537 1908 vobis
571 1875 827 1909 abstinendum
855 1874 990 1909 suadeo
1010 1899 1019 1915 ,
1053 1884 1173 1920 neque
1206 1873 1291 1908 odio
1327 1874 1367 1906 in
1400 1874 1484 1908 illos

35 1930 59 1956 a
83 1933 266 1969 quoquam
291 1927 449 1956 vestrum
474 1921 570 1955 vinci
596 1934 654 1956 me
677 1922 818 1967 patior,
852 1923 940 1967 quin
966 1923 1043 1966 ipse
1072 1933 1142 1954 una
1169 1931 1314 1962 omnes,
1351 1922 1382 1954 si
1406 1922 1486 1955 fieri

33 1970 230 2016 potuisset,
259 1968 509 2004 contrivissem
535 1973 572 2001 et
609 1969 647 2002 id
676 1969 766 2002 mihi
803 1969 848 2001 ad
877 1969 1013 2013 gloriae
1037 1967 1286 2002 celebritatem
1314 1968 1486 2001 illustris-

35 2017 166 2054 timum
189 2016 267 2050 fore
297 2017 527 2061 putavissem.
575 2016 703 2062 Neque
735 2018 828 2049 istuc
853 2016 993 2056 solum,
1031 2015 1093 2048 sed
1119 2016 1148 2048 si
1183 2015 1251 2049 hoc
1279 2016 1330 2048 ita
1354 2015 1486 2049 licuis-

31 2060 103 2103 set,
133 2068 174 2096 ut
199 2074 257 2096 me
282 2074 301 2096 a
326 2073 544 2110 quocunque
572 2064 727 2108 iugulari
750 2067 786 2095 et
819 2063 896 2106 ipsa
923 2073 1010 2095 nece
1039 2073 1117 2095 mea
1143 2062 1343 2107 perniciem
1374 2067 1485 2108 atque

30 2109 190 2143 ⁴&isitium
220 2109 331 2143 creari
359 2110 432 2143 illis
458 2111 703 2155 oportuisset,
741 2109 983 2143 libentissime
1022 2119 1063 2142 ac
1092 2109 1364 2154 promptissime
1400 2109 1487 2142 dul-

36 2164 115 2192 cem
138 2157 303 2202 alioquin
327 2157 436 2190 vitam
464 2157 695 2190 abiecissem:
722 2167 837 2202 usque
865 2156 956 2189 adeo
981 2155 1070 2189 mihi
1096 2162 1244 2201 superat
1261 2166 1384 2189 eorum
1403 2155 1487 2190 odi-

37 2212 118 2244 um,
141 2207 216 2236 tum
243 2202 329 2251 quia
354 2204 595 2249 religionibus
643 2214 684 2235 ac
729 2203 958 2237 caerimoniis
991 2202 1227 2236 diversissimi
1262 2207 1367 2244 sunt,
1408 2207 1488 2236 tum

32 2249 124 2301 qnia
148 2250 219 2283 iam
244 2249 382 2294 pridem
421 2256 458 2285 et
481 2251 606 2284 multis
632 2251 734 2284 annis
772 2252 948 2284 Romanos
985 2249 1143 2283 infandis
1170 2250 1399 2283 detrimentis
1425 2262 1487 2283 cu-

35 2296 234 2336 mularunt,
259 2307 326 2330 nec
355 2297 423 2331 ulli
449 2299 562 2331 ferme
582 2308 655 2330 non
681 2301 900 2331 nocuerunt:
938 2307 1005 2329 nec
1039 2297 1225 2342 usque‘ad
1251 2297 1349 2330 hunc
1387 2296 1485 2330 diem

27 2335 194 2381 iniuriae
219 2343 406 2377 faciendae
433 2355 494 2378 eos
520 2344 617 2389 cepit
642 2346 789 2378 satietas
807 2369 816 2384 ‚
849 2343 913 2377 sed
945 2343 984 2374 in
1017 2343 1210 2376 Thraciam
1246 2355 1394 2390 quoque
1429 2347 1487 2377 in-

35 2385 123 2430 fini,
149 2389 254 2423 urbes
276 2391 476 2436 complures
502 2395 694 2435 occupant,
712 2391 1054 2436 depopulanturque
1079 2395 1200 2424 nostra
1227 2391 1358 2424 omnia.
1385 2391 1487 2435 Quid

34 2434 148 2483 ‘gitur
176 2441 241 2478 est,
265 2443 415 2484 quaerat
439 2439 587 2484 aliquis,
614 2448 694 2470 cum
721 2437 772 2471 sie
797 2448 857 2470 eos
883 2437 1056 2478 detester,
1071 2437 1169 2483 quod
1194 2448 1260 2471 nec
1285 2438 1384 2482 prius
1419 2449 1487 2482 op-

32 2487 196 2561 “pupuare
225 2495 285 2518 eos
314 2486 573 2530 concupierim,
602 2490 638 2517 et
654 2495 714 2518 vos
740 2496 836 2518 nunc
860 2483 906 2516 ad
938 2483 975 2516 id
990 2490 1060 2517 tam
1082 2490 1218 2518 erectos
1241 2483 1488 2518 absterream?

38 2539 87 2578 qu
106 2529 148 2570 d,
172 2530 271 2579 quod
298 2536 504 2576 praesentes
529 2533 621 2565 vires
647 2536 786 2565 nostras
813 2531 1046 2575 expendens,
1072 2541 1139 2564 nee
1162 2531 1335 2565 hactenus
1362 2532 1487 2571 fuisse,

35 2585 107 2611 uec
131 2577 236 2620 modo
262 2588 338 2612 esse
364 2589 467 2623 pares
494 2578 567 2612 illis
594 2578 771 2612 invenio?
805 2580 894 2622 Ergo
922 2584 973 2620 tu,
999 2583 1161 2612 occurret
1179 2580 1375 2624 quispiam,
1400 2589 1488 2623 prae

38 2621 180 2668 pudore
203 2623 368 2658 obvelata
394 2625 485 2659 facie
510 2630 547 2657 et
582 2626 699 2658 salute
724 2636 868 2670 prorsus
895 2625 1095 2669 desperata,
1127 2625 1274 2658 silentio
1301 2625 1407 2658 nobis
1435 2625 1489 2657 se—

38 2668 169 2703 rendas
193 2671 314 2716 plagas
348 2677 384 2706 et
426 2674 463 2706 in
493 2671 660 2705 omnibus
679 2698 687 2713 ,
728 2678 896 2716 tanquam
923 2671 1020 2706 heris
1047 2671 1372 2717 praecipientibus,
1399 2670 1489 2704 obe-

41 2714 215 2750 diendum
243 2716 406 2753 barbaris
431 2719 643 2753 existimas?
691 2719 843 2751 Minime
882 2721 1069 2762 gentium,
1103 2718 1165 2751 sed
1200 2717 1488 2761 belligerandum

40 2762 163 2808 potius
194 2768 230 2797 et
261 2763 299 2797 in
326 2764 395 2800 hoc
420 2765 714 2808 incumbendum,
740 2766 769 2800 si
799 2767 837 2800 in
863 2766 1062 2811 quidquam
1092 2764 1203 2802 aliud.
1256 2765 1336 2798 Non
1366 2771 1487 2798 tamen
