<?xml version="1.0" encoding="UTF-8"?>
<!DOCTYPE html PUBLIC "-//W3C//DTD XHTML 1.0 Transitional//EN"
    "http://www.w3.org/TR/xhtml1/DTD/xhtml1-transitional.dtd">
<html xmlns="http://www.w3.org/1999/xhtml" xml:lang="en" lang="en">
 <head>
  <title>
</title>
<meta http-equiv="Content-Type" content="text/html;charset=utf-8" />
  <meta name='ocr-system' content='tesseract 3.04.00' />
  <meta name='ocr-capabilities' content='ocr_page ocr_carea ocr_par ocr_line ocrx_word'/>
</head>
<body>
  <div class='ocr_page' id='page_1' title='image "./corpusscriptorum25niebuoft_0415.png"; bbox 0 0 1794 3158; ppageno 0'>
   <div class='ocr_carea' id='block_1_1' title="bbox 438 95 1497 165">
    <p class='ocr_par' dir='ltr' id='par_1_1' title="bbox 438 95 1497 165">
     <span class='ocr_line' id='line_1_1' title="bbox 438 95 1497 165; baseline -0.004 -8"><span class='ocrx_word' id='word_1_1' title='bbox 438 116 511 157; x_wconf 78' lang='lat' dir='ltr'><strong>An</strong></span> <span class='ocrx_word' id='word_1_2' title='bbox 555 115 921 159; x_wconf 67' lang='lat' dir='ltr'><strong>CANTAcUzmi</strong></span> <span class='ocrx_word' id='word_1_3' title='bbox 966 117 1064 157; x_wconf 77' lang='lat' dir='ltr'><strong>Lm.</strong></span> <span class='ocrx_word' id='word_1_4' title='bbox 1106 118 1138 157; x_wconf 86' lang='lat'><strong>1.</strong></span> <span class='ocrx_word' id='word_1_5' title='bbox 1383 95 1497 165; x_wconf 74' lang='lat'><strong>405</strong></span> 
     </span>
    </p>
   </div>
   <div class='ocr_carea' id='block_1_2' title="bbox 70 218 1514 2736">
    <p class='ocr_par' dir='ltr' id='par_1_2' title="bbox 72 218 1500 382">
     <span class='ocr_line' id='line_1_2' title="bbox 181 218 1498 272; baseline -0.002 -13"><span class='ocrx_word' id='word_1_6' title='bbox 181 218 271 272; x_wconf 67' lang='lat' dir='ltr'><strong>Pag</strong></span> <span class='ocrx_word' id='word_1_7' title='bbox 304 231 390 266; x_wconf 77' lang='grc'><strong>101,</strong></span> <span class='ocrx_word' id='word_1_8' title='bbox 410 233 448 271; x_wconf 75' lang='lat'><strong>7.</strong></span> <span class='ocrx_word' id='word_1_9' title='bbox 486 221 705 259; x_wconf 69' lang='lat' dir='ltr'><strong>salutem</strong></span> <span class='ocrx_word' id='word_1_10' title='bbox 737 234 869 268; x_wconf 71' lang='lat' dir='ltr'><strong>esse,</strong></span> <span class='ocrx_word' id='word_1_11' title='bbox 898 219 1171 259; x_wconf 77' lang='lat' dir='ltr'><strong>ubimulta</strong></span> <span class='ocrx_word' id='word_1_12' title='bbox 1195 227 1308 267; x_wconf 68' lang='lat' dir='ltr'><strong>sunt</strong></span> <span class='ocrx_word' id='word_1_13' title='bbox 1331 219 1498 258; x_wconf 82' lang='lat' dir='ltr'><strong>consi-</strong></span> 
     </span>
     <span class='ocr_line' id='line_1_3' title="bbox 73 273 1500 327; baseline 0.001 -16"><span class='ocrx_word' id='word_1_14' title='bbox 73 273 166 313; x_wconf 79' lang='lat' dir='ltr'><strong>lia.</strong></span> <span class='ocrx_word' id='word_1_15' title='bbox 223 273 427 314; x_wconf 64' lang='lat' dir='ltr'><strong>proverb.</strong></span> <span class='ocrx_word' id='word_1_16' title='bbox 464 289 522 317; x_wconf 88' lang='grc'><strong>11.</strong></span> <span class='ocrx_word' id='word_1_17' title='bbox 556 275 700 314; x_wconf 82' lang='lat' dir='ltr'>Trahit</span> <span class='ocrx_word' id='word_1_18' title='bbox 727 275 802 314; x_wconf 89' lang='lat' dir='ltr'><strong>hoc</strong></span> <span class='ocrx_word' id='word_1_19' title='bbox 828 282 962 314; x_wconf 90' lang='lat' dir='ltr'><strong>noster</strong></span> <span class='ocrx_word' id='word_1_20' title='bbox 995 276 1114 314; x_wconf 85' lang='lat' dir='ltr'><strong>etiam</strong></span> <span class='ocrx_word' id='word_1_21' title='bbox 1143 274 1194 313; x_wconf 86' lang='lat' dir='ltr'><strong>ad</strong></span> <span class='ocrx_word' id='word_1_22' title='bbox 1230 284 1382 323; x_wconf 84' lang='lat' dir='ltr'><strong>unum,</strong></span> <span class='ocrx_word' id='word_1_23' title='bbox 1431 274 1500 327; x_wconf 88' lang='lat' dir='ltr'><strong>qui</strong></span> 
     </span>
     <span class='ocr_line' id='line_1_4' title="bbox 72 328 1213 382; baseline 0.001 -14"><span class='ocrx_word' id='word_1_24' title='bbox 72 329 226 382; x_wconf 62' lang='lat' dir='ltr'><strong>saepius</strong></span> <span class='ocrx_word' id='word_1_25' title='bbox 251 328 302 368; x_wconf 86' lang='lat' dir='ltr'><strong>de</strong></span> <span class='ocrx_word' id='word_1_26' title='bbox 327 330 466 367; x_wconf 86' lang='lat' dir='ltr'><strong>iisdem</strong></span> <span class='ocrx_word' id='word_1_27' title='bbox 496 329 614 368; x_wconf 86' lang='lat' dir='ltr'><strong>rebus</strong></span> <span class='ocrx_word' id='word_1_28' title='bbox 638 344 770 368; x_wconf 86' lang='lat' dir='ltr'><strong>secum</strong></span> <span class='ocrx_word' id='word_1_29' title='bbox 791 329 1003 369; x_wconf 83' lang='lat' dir='ltr'><strong>consultat.</strong></span> <span class='ocrx_word' id='word_1_30' title='bbox 1042 341 1213 369; x_wconf 66' lang='lat' dir='ltr'><strong>tourm-</strong></span> 
     </span>
    </p>

    <p class='ocr_par' dir='ltr' id='par_1_3' title="bbox 182 382 868 436">
     <span class='ocr_line' id='line_1_5' title="bbox 182 382 868 436; baseline 0 -14"><span class='ocrx_word' id='word_1_31' title='bbox 182 382 284 435; x_wconf 82' lang='lat' dir='ltr'><strong>Pag.</strong></span> <span class='ocrx_word' id='word_1_32' title='bbox 327 397 415 432; x_wconf 90' lang='grc'><strong>101,</strong></span> <span class='ocrx_word' id='word_1_33' title='bbox 444 398 511 422; x_wconf 85' lang='lat'><strong>21.</strong></span> <span class='ocrx_word' id='word_1_34' title='bbox 544 382 780 436; x_wconf 80' lang='grc' dir='ltr'><strong><em>ἀπαντῆσαι</em></strong></span> <span class='ocrx_word' id='word_1_35' title='bbox 809 385 868 422; x_wconf 88' lang='lat' dir='ltr'><strong>M.</strong></span> 
     </span>
    </p>

    <p class='ocr_par' dir='ltr' id='par_1_4' title="bbox 181 435 1300 491">
     <span class='ocr_line' id='line_1_6' title="bbox 181 435 1300 491; baseline 0 -15"><span class='ocrx_word' id='word_1_36' title='bbox 181 437 282 490; x_wconf 82' lang='lat' dir='ltr'><strong>Pag.</strong></span> <span class='ocrx_word' id='word_1_37' title='bbox 318 438 405 484; x_wconf 81' lang='lat'>105,</span> <span class='ocrx_word' id='word_1_38' title='bbox 439 452 474 480; x_wconf 76' lang='lat'><strong>2.</strong></span> <span class='ocrx_word' id='word_1_39' title='bbox 506 435 684 484; x_wconf 78' lang='grc' dir='ltr'><strong><em>πολλοὺς</em></strong></span> <span class='ocrx_word' id='word_1_40' title='bbox 710 446 750 477; x_wconf 87' lang='lat' dir='ltr'><strong>et</strong></span> <span class='ocrx_word' id='word_1_41' title='bbox 782 436 1068 491; x_wconf 67' lang='grc' dir='ltr'><em>διακειμένους</em></span> <span class='ocrx_word' id='word_1_42' title='bbox 1097 438 1153 480; x_wconf 88' lang='grc' dir='ltr'><strong>Μ.</strong></span> <span class='ocrx_word' id='word_1_43' title='bbox 1182 444 1300 479; x_wconf 82' lang='lat' dir='ltr'><strong>recte.</strong></span> 
     </span>
    </p>

    <p class='ocr_par' dir='ltr' id='par_1_5' title="bbox 73 491 1505 809">
     <span class='ocr_line' id='line_1_7' title="bbox 182 491 1500 544; baseline 0.001 -14"><span class='ocrx_word' id='word_1_44' title='bbox 182 491 387 544; x_wconf 76' lang='lat' dir='ltr'><strong>Pag.1o3‚</strong></span> <span class='ocrx_word' id='word_1_45' title='bbox 407 492 442 534; x_wconf 84' lang='lat'><strong>5.</strong></span> <span class='ocrx_word' id='word_1_46' title='bbox 470 494 752 532; x_wconf 77' lang='lat' dir='ltr'><strong>veteribus</strong></span> <span class='ocrx_word' id='word_1_47' title='bbox 785 493 1023 535; x_wconf 76' lang='lat' dir='ltr'><strong>Graecis.</strong></span> <span class='ocrx_word' id='word_1_48' title='bbox 1053 493 1153 542; x_wconf 87' lang='lat' dir='ltr'><strong>Quis</strong></span> <span class='ocrx_word' id='word_1_49' title='bbox 1181 495 1232 532; x_wconf 86' lang='lat' dir='ltr'><strong>sit</strong></span> <span class='ocrx_word' id='word_1_50' title='bbox 1259 492 1326 531; x_wconf 90' lang='lat' dir='ltr'><strong>ille</strong></span> <span class='ocrx_word' id='word_1_51' title='bbox 1354 492 1417 531; x_wconf 81' lang='lat' dir='ltr'><strong>vir</strong></span> <span class='ocrx_word' id='word_1_52' title='bbox 1437 506 1500 531; x_wconf 83' lang='lat' dir='ltr'><strong>sa-</strong></span> 
     </span>
     <span class='ocr_line' id='line_1_8' title="bbox 73 546 1499 600; baseline 0 -15"><span class='ocrx_word' id='word_1_53' title='bbox 73 548 212 600; x_wconf 84' lang='lat' dir='ltr'><strong>piens,</strong></span> <span class='ocrx_word' id='word_1_54' title='bbox 239 561 304 586; x_wconf 86' lang='lat' dir='ltr'><strong>me</strong></span> <span class='ocrx_word' id='word_1_55' title='bbox 331 546 436 586; x_wconf 86' lang='lat' dir='ltr'><strong>latet.</strong></span> <span class='ocrx_word' id='word_1_56' title='bbox 493 549 678 587; x_wconf 83' lang='lat' dir='ltr'><strong>Refertur</strong></span> <span class='ocrx_word' id='word_1_57' title='bbox 709 562 732 586; x_wconf 88' lang='lat' dir='ltr'>a</span> <span class='ocrx_word' id='word_1_58' title='bbox 765 546 895 585; x_wconf 79' lang='lat' dir='ltr'><strong>Gellio</strong></span> <span class='ocrx_word' id='word_1_59' title='bbox 924 546 1000 585; x_wconf 84' lang='lat' dir='ltr'><strong>hoc</strong></span> <span class='ocrx_word' id='word_1_60' title='bbox 1028 547 1213 600; x_wconf 82' lang='lat' dir='ltr'>adagium</span> <span class='ocrx_word' id='word_1_61' title='bbox 1249 547 1312 586; x_wconf 82' lang='lat' dir='ltr'><strong>his</strong></span> <span class='ocrx_word' id='word_1_62' title='bbox 1342 547 1499 586; x_wconf 88' lang='lat' dir='ltr'><strong>verbis:</strong></span> 
     </span>
     <span class='ocr_line' id='line_1_9' title="bbox 74 594 1502 654; baseline 0 -14"><span class='ocrx_word' id='word_1_63' title='bbox 74 597 224 640; x_wconf 69' lang='grc' dir='ltr'><em>Πολλοὶ</em></span> <span class='ocrx_word' id='word_1_64' title='bbox 253 598 409 650; x_wconf 72' lang='grc' dir='ltr'><em>μεταξύ</em></span> <span class='ocrx_word' id='word_1_65' title='bbox 441 602 554 641; x_wconf 83' lang='grc' dir='ltr'><em>πέλει</em></span> <span class='ocrx_word' id='word_1_66' title='bbox 583 601 743 648; x_wconf 77' lang='grc' dir='ltr'><strong><em>κύλικος</em></strong></span> <span class='ocrx_word' id='word_1_67' title='bbox 771 598 843 639; x_wconf 84' lang='grc' dir='ltr'><em>καί</em></span> <span class='ocrx_word' id='word_1_68' title='bbox 865 598 1026 652; x_wconf 69' lang='grc' dir='ltr'><strong><em>χείλεος</em></strong></span> <span class='ocrx_word' id='word_1_69' title='bbox 1058 594 1201 654; x_wconf 71' lang='grc' dir='ltr'><strong>ἄκρου.</strong></span> <span class='ocrx_word' id='word_1_70' title='bbox 1243 603 1335 652; x_wconf 86' lang='lat' dir='ltr'><strong>Quo</strong></span> <span class='ocrx_word' id='word_1_71' title='bbox 1365 616 1502 640; x_wconf 85' lang='lat' dir='ltr'><strong>mone—</strong></span> 
     </span>
     <span class='ocr_line' id='line_1_10' title="bbox 74 656 1502 708; baseline 0.001 -14"><span class='ocrx_word' id='word_1_72' title='bbox 74 670 177 706; x_wconf 85' lang='lat' dir='ltr'><strong>mur,</strong></span> <span class='ocrx_word' id='word_1_73' title='bbox 206 658 268 695; x_wconf 91' lang='lat' dir='ltr'><strong>vix</strong></span> <span class='ocrx_word' id='word_1_74' title='bbox 297 657 414 695; x_wconf 79' lang='lat' dir='ltr'><strong>etiam</strong></span> <span class='ocrx_word' id='word_1_75' title='bbox 445 658 490 696; x_wconf 90' lang='lat' dir='ltr'><strong>iis</strong></span> <span class='ocrx_word' id='word_1_76' title='bbox 518 657 773 706; x_wconf 88' lang='lat' dir='ltr'><strong>credendum,</strong></span> <span class='ocrx_word' id='word_1_77' title='bbox 804 669 906 708; x_wconf 82' lang='lat' dir='ltr'><strong>quae</strong></span> <span class='ocrx_word' id='word_1_78' title='bbox 936 656 1117 695; x_wconf 80' lang='lat' dir='ltr'><strong>videmus</strong></span> <span class='ocrx_word' id='word_1_79' title='bbox 1154 665 1192 696; x_wconf 88' lang='lat' dir='ltr'><strong>et</strong></span> <span class='ocrx_word' id='word_1_80' title='bbox 1232 656 1415 695; x_wconf 83' lang='lat' dir='ltr'><strong>manibus</strong></span> <span class='ocrx_word' id='word_1_81' title='bbox 1442 663 1502 695; x_wconf 89' lang='lat' dir='ltr'><strong>te·</strong></span> 
     </span>
     <span class='ocr_line' id='line_1_11' title="bbox 74 710 1505 763; baseline -0.001 -13"><span class='ocrx_word' id='word_1_82' title='bbox 74 725 238 751; x_wconf 83' lang='lat' dir='ltr'><strong>nemus:</strong></span> <span class='ocrx_word' id='word_1_83' title='bbox 270 725 395 763; x_wconf 84' lang='lat' dir='ltr'><strong>usque</strong></span> <span class='ocrx_word' id='word_1_84' title='bbox 423 711 522 752; x_wconf 82' lang='lat' dir='ltr'><strong>adeo</strong></span> <span class='ocrx_word' id='word_1_85' title='bbox 551 713 682 750; x_wconf 85' lang='lat' dir='ltr'><strong>futura</strong></span> <span class='ocrx_word' id='word_1_86' title='bbox 710 712 861 751; x_wconf 81' lang='lat' dir='ltr'><strong>incerta</strong></span> <span class='ocrx_word' id='word_1_87' title='bbox 889 724 987 750; x_wconf 87' lang='lat' dir='ltr'><strong>esse.</strong></span> <span class='ocrx_word' id='word_1_88' title='bbox 1040 710 1206 751; x_wconf 75' lang='lat' dir='ltr'><strong>Simile:</strong></span> <span class='ocrx_word' id='word_1_89' title='bbox 1252 713 1356 750; x_wconf 89' lang='lat' dir='ltr'><strong>inter</strong></span> <span class='ocrx_word' id='word_1_90' title='bbox 1392 725 1438 750; x_wconf 92' lang='lat' dir='ltr'><strong>os</strong></span> <span class='ocrx_word' id='word_1_91' title='bbox 1464 717 1505 751; x_wconf 86' lang='lat' dir='ltr'><strong>et</strong></span> 
     </span>
     <span class='ocr_line' id='line_1_12' title="bbox 73 765 819 809; baseline 0 -5"><span class='ocrx_word' id='word_1_92' title='bbox 73 765 204 805; x_wconf 77' lang='lat' dir='ltr'><strong>offam.</strong></span> <span class='ocrx_word' id='word_1_93' title='bbox 259 767 363 805; x_wconf 85' lang='lat' dir='ltr'>Vide</span> <span class='ocrx_word' id='word_1_94' title='bbox 394 766 620 809; x_wconf 79' lang='lat' dir='ltr'><strong>Chiliasten.</strong></span> <span class='ocrx_word' id='word_1_95' title='bbox 649 779 819 806; x_wconf 76' lang='lat' dir='ltr'><strong>PONTAN.</strong></span> 
     </span>
    </p>

    <p class='ocr_par' dir='ltr' id='par_1_6' title="bbox 185 818 845 874">
     <span class='ocr_line' id='line_1_13' title="bbox 185 818 845 874; baseline -0.003 -14"><span class='ocrx_word' id='word_1_96' title='bbox 185 820 288 872; x_wconf 76' lang='lat' dir='ltr'><strong>Pag.</strong></span> <span class='ocrx_word' id='word_1_97' title='bbox 324 821 412 871; x_wconf 82' lang='lat'>103,</span> <span class='ocrx_word' id='word_1_98' title='bbox 442 820 481 863; x_wconf 86' lang='lat'><strong>6.</strong></span> <span class='ocrx_word' id='word_1_99' title='bbox 537 818 640 860; x_wconf 73' lang='grc' dir='ltr'><strong><em>πολι)</em></strong></span> <span class='ocrx_word' id='word_1_100' title='bbox 674 822 731 859; x_wconf 89' lang='grc' dir='ltr'><strong>Μ.</strong></span> <span class='ocrx_word' id='word_1_101' title='bbox 765 835 845 874; x_wconf 81' lang='lat' dir='ltr'><strong>mg.</strong></span> 
     </span>
    </p>

    <p class='ocr_par' dir='ltr' id='par_1_7' title="bbox 70 874 1507 1203">
     <span class='ocr_line' id='line_1_14' title="bbox 183 874 1507 930; baseline -0.001 -15"><span class='ocrx_word' id='word_1_102' title='bbox 183 874 284 928; x_wconf 73' lang='lat' dir='ltr'><strong>Pag.</strong></span> <span class='ocrx_word' id='word_1_103' title='bbox 320 876 406 925; x_wconf 80' lang='lat'>103,</span> <span class='ocrx_word' id='word_1_104' title='bbox 436 890 472 929; x_wconf 91' lang='lat'><strong>7.</strong></span> <span class='ocrx_word' id='word_1_105' title='bbox 515 875 785 916; x_wconf 78' lang='lat' dir='ltr'><strong>commoda</strong></span> <span class='ocrx_word' id='word_1_106' title='bbox 815 875 1044 929; x_wconf 78' lang='lat' dir='ltr'><strong>paribus</strong></span> <span class='ocrx_word' id='word_1_107' title='bbox 1087 889 1394 930; x_wconf 73' lang='lat' dir='ltr'><strong><em>exaequare</em></strong></span> <span class='ocrx_word' id='word_1_108' title='bbox 1429 875 1507 914; x_wconf 77' lang='lat' dir='ltr'><strong>in·-</strong></span> 
     </span>
     <span class='ocr_line' id='line_1_15' title="bbox 71 929 1502 982; baseline -0.001 -12"><span class='ocrx_word' id='word_1_109' title='bbox 71 930 320 970; x_wconf 80' lang='lat' dir='ltr'><strong>commodi</strong></span> <span class='ocrx_word' id='word_1_110' title='bbox 329 944 362 968; x_wconf 78' lang='lat' dir='ltr'><strong>s.</strong></span> <span class='ocrx_word' id='word_1_111' title='bbox 396 930 541 970; x_wconf 84' lang='lat' dir='ltr'><strong>Sensus</strong></span> <span class='ocrx_word' id='word_1_112' title='bbox 564 939 637 982; x_wconf 87' lang='lat' dir='ltr'><strong>est,</strong></span> <span class='ocrx_word' id='word_1_113' title='bbox 666 933 707 968; x_wconf 88' lang='lat' dir='ltr'><strong>ni</strong></span> <span class='ocrx_word' id='word_1_114' title='bbox 726 929 866 969; x_wconf 72' lang='lat' dir='ltr'><strong>fallor:</strong></span> <span class='ocrx_word' id='word_1_115' title='bbox 898 930 1043 969; x_wconf 81' lang='lat' dir='ltr'><strong>debere</strong></span> <span class='ocrx_word' id='word_1_116' title='bbox 1069 929 1188 969; x_wconf 91' lang='lat' dir='ltr'><strong>duces</strong></span> <span class='ocrx_word' id='word_1_117' title='bbox 1221 937 1376 982; x_wconf 82' lang='lat' dir='ltr'><strong>paratos</strong></span> <span class='ocrx_word' id='word_1_118' title='bbox 1403 943 1502 976; x_wconf 87' lang='lat' dir='ltr'><strong>esse,</strong></span> 
     </span>
     <span class='ocr_line' id='line_1_16' title="bbox 72 985 1505 1036; baseline 0 -14"><span class='ocrx_word' id='word_1_119' title='bbox 72 991 118 1022; x_wconf 90' lang='lat' dir='ltr'><strong>ut</strong></span> <span class='ocrx_word' id='word_1_120' title='bbox 149 985 367 1036; x_wconf 84' lang='lat' dir='ltr'><strong>aequaliter</strong></span> <span class='ocrx_word' id='word_1_121' title='bbox 398 987 611 1024; x_wconf 79' lang='lat' dir='ltr'><strong>secundam</strong></span> <span class='ocrx_word' id='word_1_122' title='bbox 637 993 675 1024; x_wconf 88' lang='lat' dir='ltr'><strong>et</strong></span> <span class='ocrx_word' id='word_1_123' title='bbox 707 985 914 1023; x_wconf 81' lang='lat' dir='ltr'><strong>adversam</strong></span> <span class='ocrx_word' id='word_1_124' title='bbox 947 985 1148 1023; x_wconf 76' lang='lat' dir='ltr'><strong>fortunam</strong></span> <span class='ocrx_word' id='word_1_125' title='bbox 1175 985 1313 1024; x_wconf 82' lang='lat' dir='ltr'><strong>ferant,</strong></span> <span class='ocrx_word' id='word_1_126' title='bbox 1354 985 1505 1035; x_wconf 89' lang='lat' dir='ltr'><strong>Prope-</strong></span> 
     </span>
     <span class='ocr_line' id='line_1_17' title="bbox 72 1039 1503 1092; baseline -0.001 -15"><span class='ocrx_word' id='word_1_127' title='bbox 72 1039 236 1077; x_wconf 84' lang='lat' dir='ltr'>modum</span> <span class='ocrx_word' id='word_1_128' title='bbox 278 1039 356 1078; x_wconf 86' lang='lat' dir='ltr'><strong>huc</strong></span> <span class='ocrx_word' id='word_1_129' title='bbox 388 1040 494 1080; x_wconf 82' lang='lat' dir='ltr'><strong>valet</strong></span> <span class='ocrx_word' id='word_1_130' title='bbox 530 1041 630 1079; x_wconf 88' lang='lat' dir='ltr'><strong>illud</strong></span> <span class='ocrx_word' id='word_1_131' title='bbox 669 1047 809 1078; x_wconf 83' lang='lat' dir='ltr'><strong>notum</strong></span> <span class='ocrx_word' id='word_1_132' title='bbox 827 1069 839 1088; x_wconf 92' lang='lat'><em>‚</em></span> <span class='ocrx_word' id='word_1_133' title='bbox 889 1040 968 1092; x_wconf 71' lang='lat' dir='ltr'><strong>Qui</strong></span> <span class='ocrx_word' id='word_1_134' title='bbox 1007 1040 1124 1078; x_wconf 75' lang='lat' dir='ltr'><strong>alteri</strong></span> <span class='ocrx_word' id='word_1_135' title='bbox 1161 1041 1329 1079; x_wconf 71' lang='lat' dir='ltr'><strong>exicium</strong></span> <span class='ocrx_word' id='word_1_136' title='bbox 1367 1041 1503 1087; x_wconf 80' lang='lat' dir='ltr'><strong>struit,</strong></span> 
     </span>
     <span class='ocr_line' id='line_1_18' title="bbox 71 1095 1506 1149; baseline 0 -17"><span class='ocrx_word' id='word_1_137' title='bbox 71 1107 158 1132; x_wconf 76' lang='lat' dir='ltr'><strong>eum</strong></span> <span class='ocrx_word' id='word_1_138' title='bbox 189 1095 286 1133; x_wconf 66' lang='lat' dir='ltr'><strong>scire</strong></span> <span class='ocrx_word' id='word_1_139' title='bbox 312 1105 487 1148; x_wconf 77' lang='lat' dir='ltr'><strong>oportet,</strong></span> <span class='ocrx_word' id='word_1_140' title='bbox 532 1097 606 1135; x_wconf 75' lang='lat' dir='ltr'><strong>sibi</strong></span> <span class='ocrx_word' id='word_1_141' title='bbox 633 1109 781 1149; x_wconf 78' lang='lat' dir='ltr'><strong>quoque</strong></span> <span class='ocrx_word' id='word_1_142' title='bbox 801 1103 992 1149; x_wconf 81' lang='lat' dir='ltr'><strong>paratam</strong></span> <span class='ocrx_word' id='word_1_143' title='bbox 1011 1103 1173 1149; x_wconf 78' lang='lat' dir='ltr'><strong>pestem,</strong></span> <span class='ocrx_word' id='word_1_144' title='bbox 1208 1104 1251 1134; x_wconf 73' lang='lat' dir='ltr'><strong>ut</strong></span> <span class='ocrx_word' id='word_1_145' title='bbox 1280 1095 1506 1149; x_wconf 67' lang='lat' dir='ltr'><strong>participet,</strong></span> 
     </span>
     <span class='ocr_line' id='line_1_19' title="bbox 70 1161 443 1203; baseline 0.003 -16"><span class='ocrx_word' id='word_1_146' title='bbox 70 1161 226 1203; x_wconf 78' lang='lat' dir='ltr'><strong>par-em.</strong></span> <span class='ocrx_word' id='word_1_147' title='bbox 271 1163 443 1188; x_wconf 74' lang='lat' dir='ltr'><strong>PONTAN.</strong></span> 
     </span>
    </p>

    <p class='ocr_par' dir='ltr' id='par_1_8' title="bbox 73 1196 1511 1695">
     <span class='ocr_line' id='line_1_20' title="bbox 186 1196 1508 1255; baseline -0.002 -13"><span class='ocrx_word' id='word_1_148' title='bbox 186 1203 288 1255; x_wconf 80' lang='lat' dir='ltr'><strong>Pag.</strong></span> <span class='ocrx_word' id='word_1_149' title='bbox 328 1204 414 1252; x_wconf 79' lang='lat'>103,</span> <span class='ocrx_word' id='word_1_150' title='bbox 449 1204 514 1246; x_wconf 74' lang='lat'><strong>23,</strong></span> <span class='ocrx_word' id='word_1_151' title='bbox 570 1200 641 1241; x_wconf 76' lang='grc' dir='ltr'><strong>διὰ</strong></span> <span class='ocrx_word' id='word_1_152' title='bbox 676 1199 722 1241; x_wconf 79' lang='grc' dir='ltr'><strong>τὸ</strong></span> <span class='ocrx_word' id='word_1_153' title='bbox 760 1201 803 1241; x_wconf 75' lang='grc' dir='ltr'><strong>ἐν</strong></span> <span class='ocrx_word' id='word_1_154' title='bbox 842 1200 1002 1241; x_wconf 75' lang='grc' dir='ltr'><strong><em>ἐλπίσιν</em></strong></span> <span class='ocrx_word' id='word_1_155' title='bbox 1036 1199 1147 1252; x_wconf 72' lang='grc' dir='ltr'><strong>ἡμᾶς</strong></span> <span class='ocrx_word' id='word_1_156' title='bbox 1175 1196 1284 1241; x_wconf 78' lang='grc' dir='ltr'><strong><em>εἶναι</em></strong></span> <span class='ocrx_word' id='word_1_157' title='bbox 1322 1201 1508 1255; x_wconf 67' lang='grc' dir='ltr'><strong><em>διαφθω-</em></strong></span> 
     </span>
     <span class='ocr_line' id='line_1_21' title="bbox 76 1254 1509 1310; baseline -0.003 -12"><span class='ocrx_word' id='word_1_158' title='bbox 76 1254 297 1310; x_wconf 73' lang='grc' dir='ltr'><strong><em>ρήσεσθαι.</em></strong></span> <span class='ocrx_word' id='word_1_159' title='bbox 335 1259 423 1297; x_wconf 89' lang='lat' dir='ltr'><strong>Vox</strong></span> <span class='ocrx_word' id='word_1_160' title='bbox 449 1258 577 1304; x_wconf 74' lang='grc' dir='ltr'><strong>ἐλπίς,</strong></span> <span class='ocrx_word' id='word_1_161' title='bbox 614 1257 951 1310; x_wconf 84' lang='lat' dir='ltr'><strong>quemadmodum</strong></span> <span class='ocrx_word' id='word_1_162' title='bbox 979 1263 1018 1294; x_wconf 88' lang='lat' dir='ltr'><strong>et</strong></span> <span class='ocrx_word' id='word_1_163' title='bbox 1046 1256 1241 1305; x_wconf 70' lang='grc' dir='ltr'><strong><em>ἐλπίζειν,</em></strong></span> <span class='ocrx_word' id='word_1_164' title='bbox 1270 1258 1436 1308; x_wconf 87' lang='lat' dir='ltr'><strong>ponitur</strong></span> <span class='ocrx_word' id='word_1_165' title='bbox 1466 1257 1509 1294; x_wconf 87' lang='lat' dir='ltr'><strong>in</strong></span> 
     </span>
     <span class='ocr_line' id='line_1_22' title="bbox 74 1312 1508 1366; baseline 0 -15"><span class='ocrx_word' id='word_1_166' title='bbox 74 1315 176 1351; x_wconf 84' lang='lat' dir='ltr'><strong>vitio</strong></span> <span class='ocrx_word' id='word_1_167' title='bbox 199 1327 382 1366; x_wconf 75' lang='lat' dir='ltr'><strong>quoque,</strong></span> <span class='ocrx_word' id='word_1_168' title='bbox 412 1327 484 1366; x_wconf 88' lang='lat' dir='ltr'><strong>pro</strong></span> <span class='ocrx_word' id='word_1_169' title='bbox 513 1320 619 1350; x_wconf 79' lang='lat' dir='ltr'><strong>metu</strong></span> <span class='ocrx_word' id='word_1_170' title='bbox 648 1313 795 1352; x_wconf 87' lang='lat' dir='ltr'><strong>scilicet</strong></span> <span class='ocrx_word' id='word_1_171' title='bbox 823 1325 869 1350; x_wconf 84' lang='lat' dir='ltr'><strong>ac</strong></span> <span class='ocrx_word' id='word_1_172' title='bbox 898 1313 1055 1357; x_wconf 84' lang='lat' dir='ltr'><strong>timore,</strong></span> <span class='ocrx_word' id='word_1_173' title='bbox 1086 1318 1132 1348; x_wconf 91' lang='lat' dir='ltr'><strong>ut</strong></span> <span class='ocrx_word' id='word_1_174' title='bbox 1159 1312 1310 1350; x_wconf 81' lang='lat' dir='ltr'><strong>Latinis</strong></span> <span class='ocrx_word' id='word_1_175' title='bbox 1336 1325 1508 1365; x_wconf 79' lang='lat' dir='ltr'><strong>sperare.</strong></span> 
     </span>
     <span class='ocr_line' id='line_1_23' title="bbox 74 1365 1510 1419; baseline -0.002 -12"><span class='ocrx_word' id='word_1_176' title='bbox 74 1368 147 1407; x_wconf 91' lang='lat' dir='ltr'><strong>Est</strong></span> <span class='ocrx_word' id='word_1_177' title='bbox 175 1376 307 1406; x_wconf 76' lang='lat' dir='ltr'><strong>autem</strong></span> <span class='ocrx_word' id='word_1_178' title='bbox 336 1382 472 1408; x_wconf 88' lang='lat' dir='ltr'><strong>sensus</strong></span> <span class='ocrx_word' id='word_1_179' title='bbox 502 1368 723 1419; x_wconf 79' lang='lat' dir='ltr'><strong>ambiguus.</strong></span> <span class='ocrx_word' id='word_1_180' title='bbox 781 1366 931 1405; x_wconf 84' lang='lat' dir='ltr'><strong>Utrum</strong></span> <span class='ocrx_word' id='word_1_181' title='bbox 969 1366 1064 1418; x_wconf 83' lang='lat' dir='ltr'><strong>quia</strong></span> <span class='ocrx_word' id='word_1_182' title='bbox 1091 1366 1165 1417; x_wconf 89' lang='lat' dir='ltr'><strong>ipsi</strong></span> <span class='ocrx_word' id='word_1_183' title='bbox 1194 1365 1408 1404; x_wconf 82' lang='lat' dir='ltr'><strong>formident</strong></span> <span class='ocrx_word' id='word_1_184' title='bbox 1437 1379 1510 1404; x_wconf 86' lang='lat' dir='ltr'><strong>nos</strong></span> 
     </span>
     <span class='ocr_line' id='line_1_24' title="bbox 76 1420 1509 1475; baseline -0.002 -13"><span class='ocrx_word' id='word_1_185' title='bbox 76 1423 332 1474; x_wconf 85' lang='lat' dir='ltr'><strong>interituros,</strong></span> <span class='ocrx_word' id='word_1_186' title='bbox 372 1438 421 1462; x_wconf 82' lang='lat' dir='ltr'><strong>an</strong></span> <span class='ocrx_word' id='word_1_187' title='bbox 452 1424 543 1475; x_wconf 82' lang='lat' dir='ltr'><strong>quia</strong></span> <span class='ocrx_word' id='word_1_188' title='bbox 573 1436 643 1460; x_wconf 90' lang='lat' dir='ltr'><strong>nos</strong></span> <span class='ocrx_word' id='word_1_189' title='bbox 673 1422 957 1466; x_wconf 78' lang='lat' dir='ltr'><strong>formidemus,</strong></span> <span class='ocrx_word' id='word_1_190' title='bbox 1003 1433 1074 1458; x_wconf 89' lang='lat' dir='ltr'><strong>nos</strong></span> <span class='ocrx_word' id='word_1_191' title='bbox 1110 1420 1367 1458; x_wconf 79' lang='lat' dir='ltr'><strong>interituros?</strong></span> <span class='ocrx_word' id='word_1_192' title='bbox 1422 1421 1509 1473; x_wconf 87' lang='lat' dir='ltr'><strong>Ego</strong></span> 
     </span>
     <span class='ocr_line' id='line_1_25' title="bbox 75 1473 1510 1531; baseline -0.002 -14"><span class='ocrx_word' id='word_1_193' title='bbox 75 1479 247 1531; x_wconf 82' lang='lat' dir='ltr'><strong>priorem</strong></span> <span class='ocrx_word' id='word_1_194' title='bbox 276 1486 432 1517; x_wconf 88' lang='lat' dir='ltr'><strong>secutus</strong></span> <span class='ocrx_word' id='word_1_195' title='bbox 460 1492 559 1518; x_wconf 87' lang='lat' dir='ltr'><strong>sum.</strong></span> <span class='ocrx_word' id='word_1_196' title='bbox 617 1476 830 1526; x_wconf 84' lang='lat' dir='ltr'><strong>Quomodo</strong></span> <span class='ocrx_word' id='word_1_197' title='bbox 862 1477 968 1513; x_wconf 89' lang='lat' dir='ltr'><strong>enim</strong></span> <span class='ocrx_word' id='word_1_198' title='bbox 999 1473 1143 1512; x_wconf 83' lang='lat' dir='ltr'><strong>auxilia</strong></span> <span class='ocrx_word' id='word_1_199' title='bbox 1170 1482 1447 1526; x_wconf 79' lang='lat' dir='ltr'><strong>perseverent,</strong></span> <span class='ocrx_word' id='word_1_200' title='bbox 1477 1477 1510 1514; x_wconf 77' lang='lat' dir='ltr'><strong>si</strong></span> 
     </span>
     <span class='ocr_line' id='line_1_26' title="bbox 73 1528 1510 1585; baseline -0.003 -13"><span class='ocrx_word' id='word_1_201' title='bbox 73 1540 252 1572; x_wconf 82' lang='lat' dir='ltr'><strong>metuant</strong></span> <span class='ocrx_word' id='word_1_202' title='bbox 280 1547 436 1572; x_wconf 84' lang='lat' dir='ltr'><strong>caesum</strong></span> <span class='ocrx_word' id='word_1_203' title='bbox 466 1533 527 1579; x_wconf 80' lang='lat' dir='ltr'><strong>iri,</strong></span> <span class='ocrx_word' id='word_1_204' title='bbox 559 1532 704 1585; x_wconf 88' lang='lat' dir='ltr'><strong>quibus</strong></span> <span class='ocrx_word' id='word_1_205' title='bbox 732 1544 848 1584; x_wconf 90' lang='lat' dir='ltr'><strong>opem</strong></span> <span class='ocrx_word' id='word_1_206' title='bbox 878 1529 1056 1568; x_wconf 76' lang='lat' dir='ltr'><strong>serebant</strong></span> <span class='ocrx_word' id='word_1_207' title='bbox 1074 1532 1092 1567; x_wconf 84' lang='lat'><strong>?</strong></span> <span class='ocrx_word' id='word_1_208' title='bbox 1129 1528 1248 1568; x_wconf 84' lang='lat' dir='ltr'><strong>Valet</strong></span> <span class='ocrx_word' id='word_1_209' title='bbox 1277 1537 1410 1568; x_wconf 85' lang='lat' dir='ltr'><strong>tamen</strong></span> <span class='ocrx_word' id='word_1_210' title='bbox 1441 1543 1510 1568; x_wconf 80' lang='lat' dir='ltr'><strong>ea-</strong></span> 
     </span>
     <span class='ocr_line' id='line_1_27' title="bbox 73 1583 1511 1639; baseline -0.003 -12"><span class='ocrx_word' id='word_1_211' title='bbox 73 1588 164 1627; x_wconf 89' lang='lat' dir='ltr'><strong>dem</strong></span> <span class='ocrx_word' id='word_1_212' title='bbox 202 1589 303 1627; x_wconf 84' lang='lat' dir='ltr'><strong>ratio</strong></span> <span class='ocrx_word' id='word_1_213' title='bbox 340 1590 379 1627; x_wconf 90' lang='lat' dir='ltr'><strong>in</strong></span> <span class='ocrx_word' id='word_1_214' title='bbox 409 1586 579 1626; x_wconf 76' lang='lat' dir='ltr'><strong>alterum</strong></span> <span class='ocrx_word' id='word_1_215' title='bbox 617 1600 775 1639; x_wconf 88' lang='lat' dir='ltr'><strong>quoque</strong></span> <span class='ocrx_word' id='word_1_216' title='bbox 818 1598 989 1624; x_wconf 89' lang='lat' dir='ltr'><strong>sensum.</strong></span> <span class='ocrx_word' id='word_1_217' title='bbox 1045 1583 1146 1621; x_wconf 86' lang='lat' dir='ltr'><strong>Nam</strong></span> <span class='ocrx_word' id='word_1_218' title='bbox 1184 1584 1281 1635; x_wconf 86' lang='lat' dir='ltr'><strong>quid</strong></span> <span class='ocrx_word' id='word_1_219' title='bbox 1319 1584 1430 1622; x_wconf 84' lang='lat' dir='ltr'><strong>cordi</strong></span> <span class='ocrx_word' id='word_1_220' title='bbox 1459 1586 1511 1623; x_wconf 88' lang='lat' dir='ltr'><strong>sit</strong></span> 
     </span>
     <span class='ocr_line' id='line_1_28' title="bbox 74 1638 1490 1695; baseline -0.005 -12"><span class='ocrx_word' id='word_1_221' title='bbox 74 1642 304 1691; x_wconf 76' lang='lat' dir='ltr'><strong>auxiliariis,</strong></span> <span class='ocrx_word' id='word_1_222' title='bbox 334 1645 383 1693; x_wconf 86' lang='lat' dir='ltr'><strong>si,</strong></span> <span class='ocrx_word' id='word_1_223' title='bbox 418 1656 590 1695; x_wconf 88' lang='lat' dir='ltr'><strong>quorum</strong></span> <span class='ocrx_word' id='word_1_224' title='bbox 618 1650 711 1680; x_wconf 89' lang='lat' dir='ltr'><strong>sunt</strong></span> <span class='ocrx_word' id='word_1_225' title='bbox 740 1640 950 1692; x_wconf 70' lang='lat' dir='ltr'><strong>auxiliarii⁷</strong></span> <span class='ocrx_word' id='word_1_226' title='bbox 982 1638 1219 1690; x_wconf 85' lang='lat' dir='ltr'><strong>desperent?</strong></span> <span class='ocrx_word' id='word_1_227' title='bbox 1246 1653 1422 1678; x_wconf 75' lang='lat' dir='ltr'><strong>PONTAN.</strong></span> <span class='ocrx_word' id='word_1_228' title='bbox 1486 1686 1490 1688; x_wconf 87' lang='lat'><strong>.</strong></span> 
     </span>
    </p>

    <p class='ocr_par' dir='ltr' id='par_1_9' title="bbox 75 1693 1512 1916">
     <span class='ocr_line' id='line_1_29' title="bbox 184 1693 1510 1750; baseline -0.005 -14"><span class='ocrx_word' id='word_1_229' title='bbox 184 1697 284 1750; x_wconf 80' lang='lat' dir='ltr'><strong>Pag.</strong></span> <span class='ocrx_word' id='word_1_230' title='bbox 323 1697 413 1748; x_wconf 70' lang='grc'><strong>104,</strong></span> <span class='ocrx_word' id='word_1_231' title='bbox 443 1711 483 1750; x_wconf 84' lang='lat'><strong>9.</strong></span> <span class='ocrx_word' id='word_1_232' title='bbox 539 1694 747 1746; x_wconf 71' lang='grc' dir='ltr'><strong>αὕτοβοεί.</strong></span> <span class='ocrx_word' id='word_1_233' title='bbox 789 1695 886 1732; x_wconf 85' lang='lat' dir='ltr'><strong>Cum</strong></span> <span class='ocrx_word' id='word_1_234' title='bbox 926 1696 1009 1746; x_wconf 81' lang='lat' dir='ltr'><strong>ipso</strong></span> <span class='ocrx_word' id='word_1_235' title='bbox 1049 1693 1233 1733; x_wconf 77' lang='lat' dir='ltr'><strong>clamor-e.</strong></span> <span class='ocrx_word' id='word_1_236' title='bbox 1293 1693 1378 1731; x_wconf 89' lang='lat' dir='ltr'><strong>Hoc</strong></span> <span class='ocrx_word' id='word_1_237' title='bbox 1410 1693 1510 1731; x_wconf 80' lang='lat' dir='ltr'><strong>nihil</strong></span> 
     </span>
     <span class='ocr_line' id='line_1_30' title="bbox 75 1747 1509 1805; baseline -0.005 -14"><span class='ocrx_word' id='word_1_238' title='bbox 75 1759 134 1791; x_wconf 83' lang='lat' dir='ltr'><strong>est</strong></span> <span class='ocrx_word' id='word_1_239' title='bbox 161 1751 285 1802; x_wconf 82' lang='lat' dir='ltr'><strong>aliud,</strong></span> <span class='ocrx_word' id='word_1_240' title='bbox 320 1766 443 1805; x_wconf 80' lang='lat' dir='ltr'><strong>quam</strong></span> <span class='ocrx_word' id='word_1_241' title='bbox 459 1752 588 1802; x_wconf 88' lang='lat' dir='ltr'><strong>primo</strong></span> <span class='ocrx_word' id='word_1_242' title='bbox 609 1752 771 1802; x_wconf 86' lang='lat' dir='ltr'><strong>impetu,</strong></span> <span class='ocrx_word' id='word_1_243' title='bbox 795 1750 930 1801; x_wconf 72' lang='lat' dir='ltr'><strong>primo</strong></span> <span class='ocrx_word' id='word_1_244' title='bbox 953 1747 1132 1796; x_wconf 80' lang='lat' dir='ltr'><strong>incursu,</strong></span> <span class='ocrx_word' id='word_1_245' title='bbox 1151 1748 1207 1785; x_wconf 83' lang='lat' dir='ltr'><strong>im</strong></span> <span class='ocrx_word' id='word_1_246' title='bbox 1226 1755 1348 1785; x_wconf 78' lang='lat' dir='ltr'><strong>ersten</strong></span> <span class='ocrx_word' id='word_1_247' title='bbox 1368 1755 1484 1785; x_wconf 74' lang='lat' dir='ltr'><strong>sturm</strong></span> <span class='ocrx_word' id='word_1_248' title='bbox 1497 1765 1509 1785; x_wconf 86' lang='lat'><strong>.-</strong></span> 
     </span>
     <span class='ocr_line' id='line_1_31' title="bbox 77 1801 1512 1860; baseline -0.003 -15"><span class='ocrx_word' id='word_1_249' title='bbox 77 1807 277 1860; x_wconf 88' lang='lat' dir='ltr'><strong>quomodo</strong></span> <span class='ocrx_word' id='word_1_250' title='bbox 299 1807 418 1846; x_wconf 88' lang='lat' dir='ltr'><strong>urbes</strong></span> <span class='ocrx_word' id='word_1_251' title='bbox 440 1806 652 1858; x_wconf 77' lang='lat' dir='ltr'><strong>aliquando</strong></span> <span class='ocrx_word' id='word_1_252' title='bbox 669 1806 894 1857; x_wconf 80' lang='lat' dir='ltr'><strong>capiuntur.</strong></span> <span class='ocrx_word' id='word_1_253' title='bbox 926 1801 991 1840; x_wconf 91' lang='lat' dir='ltr'><strong>Ad</strong></span> <span class='ocrx_word' id='word_1_254' title='bbox 1013 1802 1205 1853; x_wconf 84' lang='lat' dir='ltr'><strong>cuiusque</strong></span> <span class='ocrx_word' id='word_1_255' title='bbox 1226 1803 1389 1840; x_wconf 83' lang='lat' dir='ltr'><strong>actionis</strong></span> <span class='ocrx_word' id='word_1_256' title='bbox 1408 1801 1512 1841; x_wconf 84' lang='lat' dir='ltr'><strong>cele-</strong></span> 
     </span>
     <span class='ocr_line' id='line_1_32' title="bbox 75 1856 1485 1916; baseline -0.004 -15"><span class='ocrx_word' id='word_1_257' title='bbox 75 1863 232 1902; x_wconf 80' lang='lat' dir='ltr'><strong>ritatem</strong></span> <span class='ocrx_word' id='word_1_258' title='bbox 264 1860 560 1916; x_wconf 83' lang='lat' dir='ltr'><strong>significaudam</strong></span> <span class='ocrx_word' id='word_1_259' title='bbox 580 1859 747 1899; x_wconf 89' lang='lat' dir='ltr'><strong>verbum</strong></span> <span class='ocrx_word' id='word_1_260' title='bbox 764 1860 962 1896; x_wconf 83' lang='lat' dir='ltr'><strong>Graecum</strong></span> <span class='ocrx_word' id='word_1_261' title='bbox 989 1862 1048 1895; x_wconf 88' lang='lat' dir='ltr'><strong>est</strong></span> <span class='ocrx_word' id='word_1_262' title='bbox 1075 1856 1279 1895; x_wconf 81' lang='lat' dir='ltr'><strong>idoneum.</strong></span> <span class='ocrx_word' id='word_1_263' title='bbox 1309 1870 1485 1896; x_wconf 67' lang='lat' dir='ltr'><strong>Pomm.</strong></span> 
     </span>
    </p>

    <p class='ocr_par' dir='ltr' id='par_1_10' title="bbox 188 1906 881 1970">
     <span class='ocr_line' id='line_1_33' title="bbox 188 1906 881 1970; baseline -0.009 -14"><span class='ocrx_word' id='word_1_264' title='bbox 188 1916 288 1970; x_wconf 78' lang='lat' dir='ltr'><strong>Pag.</strong></span> <span class='ocrx_word' id='word_1_265' title='bbox 324 1919 415 1967; x_wconf 85' lang='lat'>105,</span> <span class='ocrx_word' id='word_1_266' title='bbox 455 1929 514 1957; x_wconf 84' lang='grc'><strong>10.</strong></span> <span class='ocrx_word' id='word_1_267' title='bbox 569 1915 713 1966; x_wconf 74' lang='grc' dir='ltr'><em>λέγοιτ’</em></span> <span class='ocrx_word' id='word_1_268' title='bbox 738 1906 789 1952; x_wconf 74' lang='grc' dir='ltr'><strong>ἄν</strong></span> <span class='ocrx_word' id='word_1_269' title='bbox 822 1914 881 1951; x_wconf 92' lang='grc' dir='ltr'><strong>Μ.</strong></span> 
     </span>
    </p>

    <p class='ocr_par' dir='ltr' id='par_1_11' title="bbox 77 1965 1514 2135">
     <span class='ocr_line' id='line_1_34' title="bbox 186 1965 1512 2026; baseline -0.007 -14"><span class='ocrx_word' id='word_1_270' title='bbox 186 1971 290 2026; x_wconf 81' lang='lat' dir='ltr'><strong>Pag.</strong></span> <span class='ocrx_word' id='word_1_271' title='bbox 329 1971 414 2021; x_wconf 85' lang='grc'><strong>106,</strong></span> <span class='ocrx_word' id='word_1_272' title='bbox 452 1984 512 2024; x_wconf 84' lang='grc'><strong>19.</strong></span> <span class='ocrx_word' id='word_1_273' title='bbox 585 1965 804 2016; x_wconf 73' lang='grc' dir='ltr'><strong><em>ὑποδεῖξαι</em></strong></span> <span class='ocrx_word' id='word_1_274' title='bbox 843 1973 901 2005; x_wconf 87' lang='lat' dir='ltr'><strong>est</strong></span> <span class='ocrx_word' id='word_1_275' title='bbox 943 1967 985 2004; x_wconf 87' lang='lat' dir='ltr'><strong>in</strong></span> <span class='ocrx_word' id='word_1_276' title='bbox 1023 1966 1194 2005; x_wconf 81' lang='lat' dir='ltr'><strong>Graeco.</strong></span> <span class='ocrx_word' id='word_1_277' title='bbox 1249 1965 1512 2004; x_wconf 78' lang='lat' dir='ltr'><strong>scribendum</strong></span> 
     </span>
     <span class='ocr_line' id='line_1_35' title="bbox 77 2021 1514 2079; baseline -0.003 -15"><span class='ocrx_word' id='word_1_278' title='bbox 77 2022 246 2074; x_wconf 72' lang='grc' dir='ltr'><strong><em>ὑπεῖξαι</em></strong></span> <span class='ocrx_word' id='word_1_279' title='bbox 266 2058 278 2079; x_wconf 81' lang='lat'>,</span> <span class='ocrx_word' id='word_1_280' title='bbox 325 2027 479 2065; x_wconf 73' lang='lat' dir='ltr'><strong>cedere.-</strong></span> <span class='ocrx_word' id='word_1_281' title='bbox 524 2031 666 2078; x_wconf 82' lang='lat' dir='ltr'><strong>rogant</strong></span> <span class='ocrx_word' id='word_1_282' title='bbox 694 2025 815 2072; x_wconf 85' lang='lat' dir='ltr'><strong>enim,</strong></span> <span class='ocrx_word' id='word_1_283' title='bbox 844 2028 891 2060; x_wconf 86' lang='lat' dir='ltr'><strong>ut</strong></span> <span class='ocrx_word' id='word_1_284' title='bbox 933 2021 1007 2060; x_wconf 88' lang='lat' dir='ltr'><strong>sibi</strong></span> <span class='ocrx_word' id='word_1_285' title='bbox 1038 2022 1140 2060; x_wconf 85' lang='lat' dir='ltr'><strong>iusta</strong></span> <span class='ocrx_word' id='word_1_286' title='bbox 1170 2021 1397 2074; x_wconf 87' lang='lat' dir='ltr'><strong>petentibus</strong></span> <span class='ocrx_word' id='word_1_287' title='bbox 1426 2034 1514 2059; x_wconf 90' lang='lat' dir='ltr'><strong>mos</strong></span> 
     </span>
     <span class='ocr_line' id='line_1_36' title="bbox 78 2088 467 2135; baseline -0.005 -15"><span class='ocrx_word' id='word_1_288' title='bbox 78 2088 250 2135; x_wconf 81' lang='lat' dir='ltr'><strong>geratur.</strong></span> <span class='ocrx_word' id='word_1_289' title='bbox 291 2094 467 2120; x_wconf 76' lang='lat' dir='ltr'><strong>PONTAN.</strong></span> 
     </span>
    </p>

    <p class='ocr_par' dir='ltr' id='par_1_12' title="bbox 79 2124 1513 2234">
     <span class='ocr_line' id='line_1_37' title="bbox 190 2124 1513 2190; baseline -0.006 -13"><span class='ocrx_word' id='word_1_290' title='bbox 190 2137 294 2190; x_wconf 77' lang='lat' dir='ltr'><strong>Pag.</strong></span> <span class='ocrx_word' id='word_1_291' title='bbox 328 2135 414 2186; x_wconf 86' lang='grc'><strong>108,</strong></span> <span class='ocrx_word' id='word_1_292' title='bbox 445 2136 481 2175; x_wconf 80' lang='lat'><strong>3.</strong></span> <span class='ocrx_word' id='word_1_293' title='bbox 514 2133 607 2174; x_wconf 89' lang='lat' dir='ltr'><strong>Non</strong></span> <span class='ocrx_word' id='word_1_294' title='bbox 635 2124 1004 2183; x_wconf 77' lang='grc' dir='ltr'><strong><em>ἐπιβουλευόντων,</em></strong></span> <span class='ocrx_word' id='word_1_295' title='bbox 1026 2130 1094 2173; x_wconf 85' lang='lat' dir='ltr'><strong>sed</strong></span> <span class='ocrx_word' id='word_1_296' title='bbox 1111 2126 1389 2181; x_wconf 76' lang='grc' dir='ltr'><strong><em>ἐπιβαλόντων</em></strong></span> <span class='ocrx_word' id='word_1_297' title='bbox 1409 2129 1513 2183; x_wconf 78' lang='lat' dir='ltr'><strong>lege.</strong></span> 
     </span>
     <span class='ocr_line' id='line_1_38' title="bbox 79 2195 255 2234; baseline 0.006 -4"><span class='ocrx_word' id='word_1_298' title='bbox 79 2195 255 2234; x_wconf 61' lang='lat' dir='ltr'><strong>romum.</strong></span> 
     </span>
    </p>

    <p class='ocr_par' dir='ltr' id='par_1_13' title="bbox 190 2240 1182 2299">
     <span class='ocr_line' id='line_1_39' title="bbox 190 2240 1182 2299; baseline -0.009 -13"><span class='ocrx_word' id='word_1_299' title='bbox 190 2246 290 2299; x_wconf 81' lang='lat' dir='ltr'><strong>Pag.</strong></span> <span class='ocrx_word' id='word_1_300' title='bbox 326 2245 416 2296; x_wconf 84' lang='lat'>108,</span> <span class='ocrx_word' id='word_1_301' title='bbox 453 2257 515 2284; x_wconf 79' lang='lat'><strong>12.</strong></span> <span class='ocrx_word' id='word_1_302' title='bbox 546 2241 667 2298; x_wconf 71' lang='grc' dir='ltr'><em>ὀλίγῳ</em></span> <span class='ocrx_word' id='word_1_303' title='bbox 700 2243 759 2280; x_wconf 92' lang='grc' dir='ltr'><strong>Μ.</strong></span> <span class='ocrx_word' id='word_1_304' title='bbox 809 2240 896 2279; x_wconf 88' lang='grc' dir='ltr'><strong>Νοη</strong></span> <span class='ocrx_word' id='word_1_305' title='bbox 928 2240 1182 2279; x_wconf 86' lang='lat' dir='ltr'><strong>mutandum.</strong></span> 
     </span>
    </p>

    <p class='ocr_par' dir='ltr' id='par_1_14' title="bbox 77 2293 1513 2736">
     <span class='ocr_line' id='line_1_40' title="bbox 190 2293 1512 2354; baseline -0.007 -13"><span class='ocrx_word' id='word_1_306' title='bbox 190 2301 290 2354; x_wconf 77' lang='lat' dir='ltr'><strong>Pag.</strong></span> <span class='ocrx_word' id='word_1_307' title='bbox 323 2302 413 2351; x_wconf 87' lang='lat'>108,</span> <span class='ocrx_word' id='word_1_308' title='bbox 449 2314 511 2338; x_wconf 79' lang='lat'><strong>12.</strong></span> <span class='ocrx_word' id='word_1_309' title='bbox 559 2312 669 2337; x_wconf 75' lang='lat' dir='ltr'><strong>cnm</strong></span> <span class='ocrx_word' id='word_1_310' title='bbox 705 2297 1106 2351; x_wconf 69' lang='lat' dir='ltr'><strong>quinquaginta</strong></span> <span class='ocrx_word' id='word_1_311' title='bbox 1139 2295 1360 2350; x_wconf 74' lang='lat' dir='ltr'><strong>equitum</strong></span> <span class='ocrx_word' id='word_1_312' title='bbox 1398 2293 1512 2333; x_wconf 81' lang='lat' dir='ltr'><strong>mil-</strong></span> 
     </span>
     <span class='ocr_line' id='line_1_41' title="bbox 77 2345 1511 2409; baseline -0.006 -14"><span class='ocrx_word' id='word_1_313' title='bbox 77 2355 227 2399; x_wconf 77' lang='lat' dir='ltr'><strong>libas.</strong></span> <span class='ocrx_word' id='word_1_314' title='bbox 283 2356 477 2409; x_wconf 85' lang='lat' dir='ltr'><strong>Expresse</strong></span> <span class='ocrx_word' id='word_1_315' title='bbox 505 2354 558 2393; x_wconf 88' lang='lat' dir='ltr'><strong>sic</strong></span> <span class='ocrx_word' id='word_1_316' title='bbox 586 2353 706 2391; x_wconf 82' lang='lat' dir='ltr'><strong>habet</strong></span> <span class='ocrx_word' id='word_1_317' title='bbox 735 2352 908 2389; x_wconf 86' lang='lat' dir='ltr'><strong>Graecus</strong></span> <span class='ocrx_word' id='word_1_318' title='bbox 935 2349 1072 2400; x_wconf 84' lang='lat' dir='ltr'><strong>codex,</strong></span> <span class='ocrx_word' id='word_1_319' title='bbox 1115 2345 1204 2400; x_wconf 75' lang='grc' dir='ltr'><strong>ἅμα</strong></span> <span class='ocrx_word' id='word_1_320' title='bbox 1233 2362 1511 2398; x_wconf 82' lang='grc' dir='ltr'><strong><em>πεντακισμυ-</em></strong></span> 
     </span>
     <span class='ocr_line' id='line_1_42' title="bbox 81 2406 1513 2460; baseline -0.005 -12"><span class='ocrx_word' id='word_1_321' title='bbox 81 2406 187 2460; x_wconf 79' lang='grc' dir='ltr'><em>ριόις</em></span> <span class='ocrx_word' id='word_1_322' title='bbox 219 2409 427 2450; x_wconf 79' lang='grc' dir='ltr'><strong><em>ἱππεῦσιν.</em></strong></span> <span class='ocrx_word' id='word_1_323' title='bbox 480 2409 534 2448; x_wconf 88' lang='lat' dir='ltr'><strong>Et</strong></span> <span class='ocrx_word' id='word_1_324' title='bbox 561 2407 742 2460; x_wconf 83' lang='lat' dir='ltr'><strong>quamvis</strong></span> <span class='ocrx_word' id='word_1_325' title='bbox 770 2406 1044 2454; x_wconf 68' lang='lat' dir='ltr'><strong>sufficiantur,</strong></span> <span class='ocrx_word' id='word_1_326' title='bbox 1078 2414 1146 2443; x_wconf 79' lang='lat' dir='ltr'><strong>auc</strong></span> <span class='ocrx_word' id='word_1_327' title='bbox 1181 2406 1386 2459; x_wconf 75' lang='lat' dir='ltr'><strong>aliquanto</strong></span> <span class='ocrx_word' id='word_1_328' title='bbox 1411 2418 1513 2457; x_wconf 84' lang='lat' dir='ltr'><strong>pau-</strong></span> 
     </span>
     <span class='ocr_line' id='line_1_43' title="bbox 80 2458 1513 2517; baseline -0.005 -13"><span class='ocrx_word' id='word_1_329' title='bbox 80 2467 274 2515; x_wconf 68' lang='lat' dir='ltr'><strong>etot-ihus,</strong></span> <span class='ocrx_word' id='word_1_330' title='bbox 311 2466 653 2517; x_wconf 83' lang='lat' dir='ltr'><strong>subiungaturque</strong></span> <span class='ocrx_word' id='word_1_331' title='bbox 679 2476 823 2511; x_wconf 83' lang='lat' dir='ltr'><strong>causa,</strong></span> <span class='ocrx_word' id='word_1_332' title='bbox 863 2460 955 2513; x_wconf 86' lang='lat' dir='ltr'><strong>quia</strong></span> <span class='ocrx_word' id='word_1_333' title='bbox 985 2461 1105 2498; x_wconf 83' lang='lat' dir='ltr'><strong>etiam</strong></span> <span class='ocrx_word' id='word_1_334' title='bbox 1127 2474 1206 2498; x_wconf 90' lang='lat' dir='ltr'><strong>non</strong></span> <span class='ocrx_word' id='word_1_335' title='bbox 1236 2458 1449 2510; x_wconf 88' lang='lat' dir='ltr'><strong>conscripti</strong></span> <span class='ocrx_word' id='word_1_336' title='bbox 1470 2470 1513 2497; x_wconf 87' lang='lat' dir='ltr'><strong>se</strong></span> 
     </span>
     <span class='ocr_line' id='line_1_44' title="bbox 83 2513 1512 2571; baseline -0.006 -13"><span class='ocrx_word' id='word_1_337' title='bbox 83 2520 332 2559; x_wconf 82' lang='lat' dir='ltr'><strong>adiunxerint</strong></span> <span class='ocrx_word' id='word_1_338' title='bbox 350 2550 361 2571; x_wconf 94' lang='lat'>‚</span> <span class='ocrx_word' id='word_1_339' title='bbox 403 2520 617 2559; x_wconf 80' lang='lat' dir='ltr'><strong>voluntarii</strong></span> <span class='ocrx_word' id='word_1_340' title='bbox 648 2516 829 2556; x_wconf 84' lang='lat' dir='ltr'><strong>videlicet</strong></span> <span class='ocrx_word' id='word_1_341' title='bbox 860 2529 930 2554; x_wconf 89' lang='lat' dir='ltr'><strong>scu</strong></span> <span class='ocrx_word' id='word_1_342' title='bbox 962 2513 1129 2554; x_wconf 77' lang='lat' dir='ltr'><strong>volones</strong></span> <span class='ocrx_word' id='word_1_343' title='bbox 1156 2514 1350 2567; x_wconf 78' lang='lat' dir='ltr'><strong>plurimi,</strong></span> <span class='ocrx_word' id='word_1_344' title='bbox 1378 2520 1512 2550; x_wconf 81' lang='lat' dir='ltr'><strong>tamen</strong></span> 
     </span>
     <span class='ocr_line' id='line_1_45' title="bbox 82 2568 1513 2627; baseline -0.008 -13"><span class='ocrx_word' id='word_1_345' title='bbox 82 2589 158 2627; x_wconf 84' lang='lat' dir='ltr'><strong>pro</strong></span> <span class='ocrx_word' id='word_1_346' title='bbox 174 2576 381 2627; x_wconf 84' lang='lat' dir='ltr'><strong>exiguitate</strong></span> <span class='ocrx_word' id='word_1_347' title='bbox 401 2574 568 2627; x_wconf 84' lang='lat' dir='ltr'><strong>imperii,</strong></span> <span class='ocrx_word' id='word_1_348' title='bbox 584 2587 686 2626; x_wconf 80' lang='lat' dir='ltr'><strong>quac</strong></span> <span class='ocrx_word' id='word_1_349' title='bbox 715 2579 809 2611; x_wconf 89' lang='lat' dir='ltr'><strong>tunc</strong></span> <span class='ocrx_word' id='word_1_350' title='bbox 838 2577 941 2621; x_wconf 74' lang='lat' dir='ltr'><strong>erat,</strong></span> <span class='ocrx_word' id='word_1_351' title='bbox 962 2570 1027 2610; x_wconf 83' lang='lat' dir='ltr'><strong>vix</strong></span> <span class='ocrx_word' id='word_1_352' title='bbox 1057 2577 1115 2608; x_wconf 82' lang='lat' dir='ltr'><strong>est</strong></span> <span class='ocrx_word' id='word_1_353' title='bbox 1145 2568 1348 2608; x_wconf 86' lang='lat' dir='ltr'><strong>credibile.</strong></span> <span class='ocrx_word' id='word_1_354' title='bbox 1407 2568 1513 2604; x_wconf 84' lang='lat' dir='ltr'><strong>Rur-</strong></span> 
     </span>
     <span class='ocr_line' id='line_1_46' title="bbox 84 2620 1511 2678; baseline -0.006 -10"><span class='ocrx_word' id='word_1_355' title='bbox 84 2643 172 2669; x_wconf 77' lang='lat' dir='ltr'><strong>sum</strong></span> <span class='ocrx_word' id='word_1_356' title='bbox 214 2644 259 2668; x_wconf 84' lang='lat' dir='ltr'><strong>ex</strong></span> <span class='ocrx_word' id='word_1_357' title='bbox 285 2637 394 2670; x_wconf 83' lang='lat' dir='ltr'><strong>tanta</strong></span> <span class='ocrx_word' id='word_1_358' title='bbox 420 2629 638 2669; x_wconf 81' lang='lat' dir='ltr'><strong>desectione</strong></span> <span class='ocrx_word' id='word_1_359' title='bbox 667 2627 717 2667; x_wconf 87' lang='lat' dir='ltr'><strong>ad</strong></span> <span class='ocrx_word' id='word_1_360' title='bbox 745 2626 954 2675; x_wconf 77' lang='lat' dir='ltr'><strong>iuniorem,</strong></span> <span class='ocrx_word' id='word_1_361' title='bbox 987 2631 1176 2678; x_wconf 85' lang='lat' dir='ltr'><strong>quantam</strong></span> <span class='ocrx_word' id='word_1_362' title='bbox 1206 2636 1326 2677; x_wconf 84' lang='lat' dir='ltr'><strong>supra</strong></span> <span class='ocrx_word' id='word_1_363' title='bbox 1355 2620 1511 2662; x_wconf 78' lang='lat' dir='ltr'><strong>audivi-</strong></span> 
     </span>
     <span class='ocr_line' id='line_1_47' title="bbox 85 2682 932 2736; baseline 0 -13"><span class='ocrx_word' id='word_1_364' title='bbox 85 2697 189 2736; x_wconf 86' lang='lat' dir='ltr'><strong>mus,</strong></span> <span class='ocrx_word' id='word_1_365' title='bbox 204 2698 285 2727; x_wconf 75' lang='lat' dir='ltr'><strong>non</strong></span> <span class='ocrx_word' id='word_1_366' title='bbox 305 2684 350 2725; x_wconf 84' lang='lat' dir='ltr'><strong>fit</strong></span> <span class='ocrx_word' id='word_1_367' title='bbox 378 2691 459 2730; x_wconf 80' lang='lat' dir='ltr'><strong>tam</strong></span> <span class='ocrx_word' id='word_1_368' title='bbox 489 2682 731 2725; x_wconf 84' lang='lat' dir='ltr'><strong>incredibile.</strong></span> <span class='ocrx_word' id='word_1_369' title='bbox 763 2694 932 2723; x_wconf 65' lang='lat' dir='ltr'><strong>PORTAN.</strong></span> 
     </span>
    </p>
   </div>
  </div>
 </body>
</html>
