1794 3158
391 139 466 184 An
501 141 875 203 CANTAcUzssm
915 146 1016 186 Lm.
1056 148 1108 185 n.
1374 129 1487 196 453

162 242 378 296 Pag.315,
405 258 463 282 ιο.
495 245 755 297 Κυβερνίτην
786 246 843 297 Μ.

162 298 374 350 Pag.3i3‚
397 297 458 337 16.
486 295 763 350 περισώζεται
798 302 854 342 Μ.
889 315 996 354 supr.
1026 300 1095 340 lin.

165 351 261 405 Pag.
281 353 374 402 513,
397 351 455 391 16.
482 353 716 393 Marcum
749 355 1137 396 caballarium,
1173 356 1341 397 Notabis
1361 371 1493 397 exem-

53 406 166 461 plum
196 406 453 455 admirabile,
487 409 530 446 in
556 422 625 447 reo
650 411 911 449 eonscientiae
926 438 936 458 ,
955 411 993 448 in
1023 411 1153 449 iudice
1183 413 1493 464 misericordiae,

54 464 96 502 in
123 461 414 516 spectatoribus
441 475 524 502 non
554 462 731 516 vulgaris
758 471 796 502 et
825 464 1016 503 salutiferi
1044 472 1191 505 motus.

158 516 370 569 Pag.313,
388 515 542 563 25.·εἷς
573 514 627 556 τά
658 519 853 568 βασίλεια
882 519 940 558 Μ.
969 526 1092 559 recte.

161 570 451 624 Pag.313‚25.
479 571 539 618 εἰς
567 571 758 621 βασίλεια
789 574 851 613 Μ.

131 663 134 666 .
162 624 430 678 Pag.514‚8.
460 631 623 676 κατεῖχε
651 628 709 666 Μ.

12 711 15 718 f
163 679 384 733 Pag.515,
410 694 447 720 ι.
474 681 626 720 velut
657 683 707 720 in
744 697 919 725 scena.
978 683 1025 722 In
1065 698 1182 724 scena
1219 687 1369 739 tragica
1422 701 1493 726 seu

51 733 96 775 in
120 734 339 788 tragoedia.
373 735 498 788 Apud
522 736 737 776 stobaeum
766 736 966 776 Timocles
993 740 1182 786 comicus,
1214 743 1308 792 quid
1338 745 1496 794 prosint

12 827 15 831 ,
50 791 293 843 tragicorum
322 790 484 843 scripta,
518 792 611 830 satis
638 790 814 830 declarat
842 793 907 831 his
933 793 1090 833 verbis:
1139 795 1220 848 Qui
1239 810 1396 850 pauper·
1421 806 1493 847 est,

50 843 146 885 dum
193 859 272 885 non
307 847 439 884 minus
467 859 587 899 qaam
627 847 837 901 Telephum
871 862 911 886 se
943 862 1053 900 eger-e
1081 851 1206 896 sentit,
1228 852 1321 902 jez-t
1340 853 1495 890 malum

13 917 16 920 ·
48 899 229 954 quietius-
280 899 440 940 Insanit
458 900 632 954 aliquis?
650 902 932 942 Alcmaeonem
961 905 1131 956 respicit.
1176 904 1379 943 Caecutit?
1412 906 1499 944 Oe*

50 952 140 1016 dl'pi
170 955 286 994 levat
310 954 457 993 damno
487 969 608 997 suum.
668 956 798 995 Orbus
829 958 915 1011 quis
944 962 1027 996 esc?
1054 959 1227 997 lamenta
1250 959 1402 998 Niobes.
1423 975 1497 998 co-,

50 1015 164 1062 gztat.
204 1009 377 1049 claudus
390 1013 410 1047 ?
440 1011 700 1049 reminiscitur
727 1010 965 1050 Philoctetae
980 1013 1137 1066 pedum.
1194 1013 1332 1053 Habet
1363 1015 1491 1054 Oene-

50 1075 133 1112 um,
163 1065 338 1119 quisquis
357 1078 479 1103 senex
499 1074 555 1104 est
577 1075 615 1104 et
635 1067 766 1105 miser.
803 1067 1059 1120 Quicumque,
1082 1068 1173 1106 aliis
1196 1069 1296 1122 quid
1319 1070 1494 1119 accidat,

49 1120 313 1171 reputaverit,
350 1120 427 1157 erit
456 1120 499 1158 in
542 1122 619 1159 suis
645 1121 824 1159 alacrior
846 1121 1049 1174 periculis.
1106 1123 1161 1161 Et
1201 1137 1290 1162 cum
1320 1139 1414 1164 vera
1441 1126 1493 1163 sit

47 1174 240 1226 sapientia
260 1203 274 1221 ‚
314 1174 511 1212 humanas
539 1189 604 1214 res
628 1177 784 1228 penitus
813 1183 1015 1227 perceptas
1053 1191 1098 1215 ac
1131 1184 1390 1229 pertractatas
1416 1178 1492 1218 ha-

47 1226 161 1279 bere,
191 1227 293 1267 nihil
325 1229 529 1279 admirari,
556 1244 647 1268 cum
678 1230 878 1280 acciderit,
911 1230 1028 1280 nihil,
1056 1239 1268 1284 antequam
1296 1235 1494 1282 evenerit,

46 1295 131 1322 non
159 1297 273 1335 posse
301 1284 459 1322 evenire
485 1284 686 1333 arbitrari,
717 1284 823 1323 valet
856 1299 903 1323 eo
930 1285 1150 1337 plurimum
1167 1288 1392 1340 tragoedia:
1420 1289 1491 1327 ubi

47 1337 236 1390 exemplis
268 1337 520 1377 evidentibus
547 1339 786 1387 ostenditur,
821 1341 862 1378 in
894 1340 1013 1378 rebus
1041 1340 1249 1380 hominum
1281 1342 1380 1381 nihil
1407 1356 1495 1382 esse*

31 1388 216 1445 stabile,
254 1392 492 1432 diuturnum
521 1408 566 1433 ac
595 1401 830 1448 perpetuum
854 1409 868 1434 ι
898 1395 1031 1433 omnia
1064 1394 1185 1448 fluxa,
1217 1397 1394 1447 caduca,
1425 1398 1492 1436 in-

47 1448 157 1493 ania.
212 1447 267 1487 Et
301 1449 467 1487 omnino
502 1448 593 1502 plus
625 1450 773 1490 virium
802 1449 921 1487 habet
952 1449 1003 1487 ad
1034 1452 1158 1489 vitam
1195 1459 1301 1490 recte
1330 1452 1494 1491 institu—

45 1502 193 1542 endam
219 1502 436 1556 tragoedia,
469 1517 591 1556 quam
612 1504 720 1543 nuda
747 1503 1076 1557 philosophorum
1103 1514 1333 1559 praecepta.
1360 1507 1485 1546 Prae-

45 1556 164 1611 eipue
191 1564 325 1596 autem
354 1558 515 1612 prodest
545 1561 639 1598 viris
666 1560 1019 1611 praepotentibus,
1058 1567 1104 1598 ut
1142 1561 1241 1599 dum
1269 1562 1327 1600 ill-i
1359 1560 1490 1615 Poly-

44 1618 256 1664 mestores,
281 1613 620 1666 Agamemnonas,
639 1614 845 1662 Hercules,
861 1613 1072 1666 Polynices
1090 1614 1243 1668 legunt,
1261 1630 1302 1654 se
1321 1630 1488 1669 quoque

44 1666 232 1707 homines
244 1674 285 1706 et
311 1667 496 1707 fortunae
513 1669 668 1708 casibus
684 1669 879 1708 subiectos
898 1682 981 1707 esse
1000 1670 1276 1711 recordentur.
1307 1684 1487 1711 PONTAN.

156 1721 264 1775 Pag.
284 1722 382 1775 315,
400 1737 443 1762 2.
469 1719 652 1763 τοσαῦτά
683 1737 727 1762 τε
759 1719 938 1776 ’ὕβρικας
964 1725 1026 1762 Μ.

154 1776 259 1829 Pag.
283 1776 382 1828 314,
402 1778 443 1827 4.
476 1777 671 1830 δευτέρου
700 1779 762 1820 M.

155 1830 263 1884 Pag.
284 1833 380 1882 514,
404 1831 445 1872 5.
479 1829 715 1880 ἀπαλλάξαι
745 1834 805 1872 Μ.

157 1885 266 1940 Pag.
288 1888 381 1940 3¹7⁷
402 1887 444 1927 5.
475 1886 543 1941 ἐφ’
571 1881 727 1926 ἑαυτοῦ
756 1889 813 1926 Μ.
843 1894 883 1926 et
915 1887 991 1926 lin.
1032 1887 1096 1928 18.
1128 1887 1370 1940 ἀρνηθειής.

153 1941 260 1994 Pag.
284 1942 382 1994 518,
403 1955 466 1981 12.
492 1940 727 1991 πυθόμενοι
759 1944 813 1985 Μ.
843 1956 1020 1996 quoque,
1052 1943 1121 1983 sed
1149 1944 1220 1982 lin.
1251 1957 1311 1996 sq.
1341 1937 1487 1983 αὐτὸν.

156 1997 260 2049 Pag.
278 1996 376 2048 520,
399 2011 435 2049 7.
470 1996 697 2035 ιίντίκειται
726 1998 782 2035 Μ.
811 2005 932 2040 recte.

155 2050 261 2104 Pag.
283 2051 379 2103 320,
406 2051 467 2094 15.
495 2052 839 2103 προσεσχομένων
869 2054 930 2091 Μ.

157 2107 266 2159 Pag.
286 2106 382 2155 521,
407 2120 441 2149 ι.
470 2107 553 2145 τῶν
582 2105 625 2146 ἐν
651 2108 708 2161 τῷ
733 2104 810 2162 βίῳ
838 2114 945 2146 recte
974 2108 1032 2147 M.

60 2210 62 2212 Ι
97 2182 106 2211 2
155 2162 262 2214 Pag,
286 2161 382 2213 321,
406 2175 467 2216 17.
496 2157 582 2200 ὑπὸ,
609 2160 694 2215 lege
722 2175 817 2200 cum
843 2163 901 2204 M.
934 2176 1008 2215 pro
1031 2159 1163 2214 παρά.

106 2211 108 2215 ’
154 2215 266 2269 Pag.
285 2216 382 2265 523,
407 2229 474 2271 17.
503 2215 598 2266 ἐμοὶ
627 2216 717 2256 add.
748 2218 807 2259 Μ.
836 2230 915 2270 mg.
946 2224 1037 2256 ante
1054 2216 1287 2269 μάχεσθαι.

153 2270 258 2323 Pag.
282 2271 378 2321 325,
404 2285 465 2324 ¹7·
491 2271 561 2310 δεῖ
583 2272 642 2310 Μ.

152 2325 260 2377 Pag.
282 2323 379 2376 524,
405 2326 465 2365 ι6.
498 2325 543 2364 ἐν
575 2325 666 2369 add,
696 2327 753 2366 Μ.
787 2340 865 2379 mg.
898 2334 990 2366 ante
1020 2325 1329 2382 Διδυμοτείχῳ.

151 2380 260 2432 Pag.
279 2380 376 2432 525,
397 2394 433 2421 2.
463 2379 760 2432 ἐμβεβληκέναι
789 2382 848 2421 Μ.
876 2389 1000 2426 recte.

151 2435 258 2488 Pag.
279 2435 375 2486 325,
392 2435 434 2475 6.
463 2435 692 2486 θρησκείας
718 2437 776 2478 Μ.
806 2451 984 2491 (Ῑυοφιε.

153 2489 261 2542 Pag.
287 2489 380 2541 325,
405 2504 465 2531 12.
500 2487 704 2541 ἀναχθείς
731 2491 789 2533 Μ.

155 2543 380 2597 Pag.326‚
406 2545 470 2584 13.
508 2547 693 2584 ornati.
777 2546 992 2600 Virgilium
1034 2560 1169 2586 amare
1218 2545 1490 2598 delectarique

45 2596 170 2643 mis
206 2598 383 2651 pulchris
418 2607 458 2639 et
485 2598 761 2653 elegantibus,
799 2616 925 2655 eaque
961 2616 1044 2642 non
1084 2601 1251 2639 ducibus
1289 2607 1445 2639 tantum
1470 2629 1483 2650 ,

24 2654 115 2694 ⁴eled
143 2652 336 2693 militibus
362 2668 523 2708 quoque
551 2657 782 2702 concedere,
819 2657 1028 2697 docuimus
1056 2658 1097 2695 in
1126 2656 1313 2708 symbolis
1340 2656 1484 2693 nostris

47 2709 101 2750 ad
132 2709 167 2751 5.
194 2708 361 2754 Aeneid,
393 2710 655 2757 Narravimus
692 2711 743 2751 de
772 2712 1040 2766 Xenophonte
1071 2726 1115 2751 ex
1149 2710 1324 2753 Aeliano.
1346 2709 1414 2748 lib.
1445 2709 1484 2746 3.
