1794 3158
305 122 417 178 556
817 143 1232 188 ANNoTAnoNEs
1269 186 1271 188 ,

300 247 374 286 riis
399 246 624 300 agitamini,
659 260 708 287 ac
735 247 910 288 dentibus
943 249 1134 289 adversus·
1161 249 1264 304 ipsos
1293 250 1509 290 mem-doces
1531 250 1737 303 frendetis,

302 311 344 340 et
366 303 530 341 Iudaeis
555 304 765 342 deteriores
795 319 873 343 esse
901 307 1066 359 putatis.
1127 305 1236 344 Haec
1268 306 1499 346 Gennadius
1538 308 1588 347 de
1615 308 1740 345 Grae-

301 370 440 396 corum
484 359 716 410 pertinacia.
778 359 981 414 Quomodo
1017 358 1187 400 Ioannes
1218 369 1257 399 et
1299 360 1500 400 Mamm-es
1521 363 1742 401 restiterunt

299 411 464 463 Moysi,
491 413 622 466 iuquit
649 426 695 452 ex
724 414 904 467 apostolo
932 421 1093 454 sanctus
1123 415 1348 469 Cyprianus
1376 415 1479 456 libro
1509 417 1560 457 de
1586 417 1740 455 unitate

300 467 487 506 ecclesiae
500 496 511 514 ‚
552 469 608 506 sic
634 476 672 507 et
698 469 740 507 1ιί
773 470 954 509 resistunt
986 470 1168 519 veritati,
1207 471 1382 509 homines
1414 473 1593 527 corrupti
1612 485 1739 519 sensu,

301 522 463 577 reprobi
488 523 600 562 circa
620 523 754 578 fidem
768 553 781 575 ,
823 525 894 564 sed
922 539 1001 565 non
1030 524 1239 581 proficient
1259 526 1478 580 plurimum
1490 540 1506 574 ,·
1533 527 1741 582 imperitia

301 579 412 616 enim
428 591 562 616 eorum
599 579 812 630 manifesta
844 581 923 620 erit
960 581 1134 620 omnibus
1155 609 1168 631 ,
1220 582 1324 620 sicut
1361 589 1400 620 et
1439 581 1601 621 illorum
1630 581 1738 633 ficit.

301 631 585 687 Adimplentur
601 647 866 690 quaecumque
888 636 1100 690 praedicta
1120 643 1218 684 sunt,
1238 644 1276 675 et
1294 637 1639 691 appropinquante
1654 636 1742 674 iam

301 687 455 727 saeculi
466 687 585 740 stne,
620 690 818 729 hominum
846 692 1003 745 pariter
1024 704 1076 730 ac
1113 700 1332 745 temporum
1358 691 1592 746 probatione
1620 704 1741 729 vene-

299 750 405 781 runt.
459 743 599 795 Magis
625 758 674 783 ac
695 747 824 797 magis
849 746 1078 785 adversario
1100 747 1307 794 saeviente,
1320 760 1433 785 error
1440 746 1582 799 fallit,
1613 745 1744 785 extol-

299 796 351 836 ἰὰ
375 805 522 852 stupor,
544 799 651 838 livor
675 800 858 849 incendit,
901 801 1099 855 cupiditas
1134 809 1342 851 excaecat,
1374 801 1574 856 depravat
1598 801 1745 855 impie-

300 860 382 901 tas,
409 854 594 908 superbia
625 854 756 910 inflat,
781 855 986 895 discordia
1012 865 1244 910 exasperat,
1270 855 1341 895 ira
1364 857 1617 911 praecipitat.
1652 855 1745 895 Non

301 916 440 948 tamen
463 922 532 947 nos
551 918 708 949 moveat
727 919 800 950 aut
830 910 956 950 turbet
980 911 1191 950 multorum
1210 911 1338 950 nimia
1373 920 1411 951 et
1431 911 1603 966 abrupta
1619 910 1744 965 pefi-

300 963 374 1002 dia
398 992 410 1010 ,
436 963 508 1002 sed
537 965 668 1018 potius
697 965 836 1020 fidem
865 974 1038 1005 nostram
1067 966 1375 1021 praenuntiante
1403 967 1572 1005 veritate
1605 980 1740 1005 corro-
1793 991 1794 1018 3

302 1018 424 1057 boret.
481 1019 671 1059 Poterant
699 1019 906 1070 Galataei,
944 1020 1019 1060 hoc
1048 1028 1132 1071 est,
1167 1021 1420 1072 Genuenses,
1460 1022 1529 1074 qui
1558 1020 1744 1060 Galatam

302 1087 371 1112 scu
402 1074 545 1112 Peram
573 1073 816 1125 incolebant,
848 1090 1042 1129 usurpare
1075 1075 1177 1115 illud
1205 1078 1331 1115 sancti
1356 1077 1569 1130 Augustini
1592 1105 1604 1126 ,
1643 1076 1748 1114 Em-

302 1130 492 1168 meritum
522 1130 774 1170 Donatistam
806 1134 1038 1185 episcopum
1067 1131 1116 1170 ad
1147 1130 1353 1170 ecclesiam
1390 1131 1600 1171 traducere
1629 1130 1746 1170 adni-

301 1185 433 1224 tentis.
490 1184 625 1224 Multa
657 1186 838 1226 diximus
877 1189 1002 1226 etiam
1015 1188 1210 1240 fatigati.
1265 1186 1325 1226 Et
1354 1185 1490 1226 tamen
1500 1188 1646 1239 frater
1673 1200 1744 1225 no-

304 1248 401 1289 ster,
437 1249 602 1296 propter
630 1255 744 1296 quem
774 1243 852 1282 ista
887 1242 1070 1292 dicimus,
1105 1243 1216 1281 vobis
1243 1252 1281 1282 et
1307 1243 1370 1281 cui
1395 1243 1558 1296 pariter
1578 1242 1746 1280 dicimus

301 1304 342 1334 et
363 1308 443 1350 pro
465 1310 541 1351 quo
566 1304 675 1334 tanta
697 1298 876 1350 agimus,
917 1298 1048 1337 adhuc
1070 1298 1272 1353 pertinax
1298 1298 1484 1337 consistit.
1543 1298 1741 1337 Constan-

301 1359 380 1390 tem
410 1366 450 1390 se
477 1359 594 1406 putat
604 1352 808 1401 fortitudo
839 1353 1023 1391 crzcdelis.
1082 1352 1175 1392 Non
1202 1354 1329 1392 adhuc
1352 1353 1401 1391 de
1430 1366 1550 1392 vana
1576 1352 1743 1404 etjulsa

285 1405 528 1458 fortitudine
556 1406 748 1458 glorietur
761 1437 772 1455 ‚
814 1408 956 1447 audias
983 1409 1234 1462 apostolum:
1268 1408 1411 1447 Virtus
1442 1409 1484 1446 in
1511 1414 1552 1447 tn
1585 1409 1746 1446 rmitate

296 1461 512 1516 perficitur.
570 1460 654 1499 Nec
685 1462 774 1501 ideo
799 1463 1034 1515 negligenda
1065 1471 1120 1501 est
1149 1463 1345 1502 medicina
1359 1493 1370 1514 ,
1402 1463 1501 1518 quia
1535 1463 1745 1502 nonnullo·
1792 1476 1794 1515 j

306 1530 396 1555 rum
418 1516 658 1556 insanabilis
692 1526 748 1556 est
774 1519 1010 1572 pestilentia,
1047 1519 1102 1556 ait
1129 1519 1225 1557 scite
1254 1524 1295 1557 et
1323 1532 1415 1556 vere
1443 1518 1547 1556 idem
1584 1524 1746 1557 sanctus
1792 1541 1794 1567 5

307 1570 557 1625 Augustinus
585 1572 700 1624 epist.
728 1572 797 1622 48.
855 1573 959 1628 Opto
982 1573 1173 1629 equidem,
1205 1573 1447 1612 dilectissimi
1461 1574 1652 1624 fratres,
1686 1574 1744 1612 ait

305 1634 464 1669 sanctus
498 1627 722 1681 Cyprianus
752 1627 855 1667 libro
893 1628 942 1667 (le
971 1630 1123 1667 unitate
1151 1628 1366 1680 ecclesiae,
1407 1637 1445 1667 et
1478 1628 1636 1668 consulo
1657 1642 1743 1683 pa-

307 1682 408 1723 riter
439 1691 476 1722 et
502 1683 644 1721 suadeo
658 1712 668 1730 ,
701 1691 767 1732 ut,
802 1684 836 1722 si
851 1684 950 1737 fieri
969 1692 1118 1739 potest,
1158 1698 1270 1724 nemo
1293 1684 1343 1723 de
1355 1684 1562 1734 fratribus
1590 1693 1741 1739 pereat,

305 1746 346 1778 et
369 1739 638 1778 consentientis
665 1738 809 1792 populi
823 1753 964 1792 corpus
993 1754 1112 1778 unum
1134 1741 1284 1791 gremio
1309 1754 1377 1778 suo
1409 1738 1589 1791 gaudens
1618 1747 1748 1777 mater
1787 1731 1794 1768 ἕ

307 1794 495 1836 includat.
550 1793 599 1832 Si
628 1802 761 1832 tamen
777 1795 966 1850 quosdam
995 1796 1240 1834 schismatum
1258 1795 1371 1834 duces
1401 1792 1552 1847 (qualis
1579 1795 1653 1833 iste
1664 1795 1744 1832 La-
1792 1796 1794 1798 ’

307 1852 450 1900 zarus)
499 1857 537 1888 et
555 1849 810 1888 dissensionis
832 1858 1002 1888 auctores
1031 1851 1074 1889 in
1097 1863 1217 1888 caeca
1252 1859 1290 1889 et
1320 1850 1511 1888 obstinata
1545 1849 1745 1888 dementia

302 1913 576 1959 permanentes
602 1917 682 1944 non
698 1906 874 1958 potuerit
896 1905 958 1944 ad
989 1906 1106 1944 viam
1136 1905 1274 1944 salutis
1297 1905 1501 1943 consilium
1525 1918 1742 1942 revocare.-

307 1961 425 1999 ceteri
447 1969 579 1999 tamen
609 1959 676 1997 vel
694 1959 947 2014 simplicitate
970 1960 1095 2015 capti,
1129 1960 1195 1998 vel
1216 1974 1348 1999 errore
1371 1960 1537 2006 inducti,
1573 1960 1641 1997 vel
1663 1960 1743 1997 ali-
1789 1963 1794 2005 ξ

306 2029 391 2070 qua
405 2016 600 2067 fallentis
622 2015 786 2053 astutIae
803 2016 1023 2055 calliditate
1044 2015 1209 2070 decepti,
1235 2029 1263 2054 a
1278 2014 1465 2068 fallaciis
1493 2024 1570 2052 vos·
1593 2014 1745 2068 laqueis
1790 2012 1794 2052 ἶ

306 2071 459 2118 solvite,
487 2079 675 2124 vagantes
694 2084 844 2123 gressus
880 2071 930 2110 ab
957 2071 1153 2110 erroribus
1178 2071 1355 2119 liberate,
1385 2070 1462 2109 iter
1479 2077 1625 2109 rectlcm
1647 2070 1745 2108 viae

306 2126 477 2165 coelestis
502 2126 718 2179 agnoscite.
752 2139 939 2165 cns-rsus·

417 2181 522 2232 Pag.
538 2195 607 2235 92,
637 2181 697 2223 15.
730 2194 826 2220 non
860 2189 1064 2221 tantum
1095 2180 1411 2222 terrebatur.
1469 2178 1574 2218 Nota
1615 2179 1740 2232 perti-

306 2235 462 2274 naciam
490 2235 609 2274 huius
642 2235 967 2289 pseudepiscopi,
1003 2237 1073 2289 qui
1098 2237 1215 2275 etiam
1245 2236 1319 2274 sub
1358 2234 1526 2274 Sultano
1567 2233 1743 2287 Aegypti

307 2290 444 2344 gravia
464 2296 664 2330 tormenta
695 2292 872 2343 perfert,
901 2306 947 2331 ac
980 2291 1304 2330 mahumetanam
1335 2297 1483 2330 sectam
1507 2289 1741 2338 detestatur,

307 2352 354 2384 ut
383 2345 506 2384 habes
531 2346 635 2384 infra
664 2358 750 2396 cap.
787 2346 845 2387 15.
885 2360 1057 2389 Pom-AN,
1635 2370 1638 2371 ν

418 2400 520 2452 Pag.
538 2401 608 2455 93,
630 2401 668 2440 5.
703 2398 967 2454 ὅμολογητήν.
1021 2401 1063 2444 S.
1098 2401 1321 2455 Cyprianus
1357 2399 1600 2439 confessores
1625 2405 1743 2438 vocat

307 2456 427 2496 etiam
451 2469 519 2494 eos
543 2484 555 2505 ,
587 2455 656 2509 qui
679 2457 721 2495 in
737 2470 935 2495 carcerem
965 2464 1124 2509 propter
1149 2457 1264 2495 fidem
1299 2457 1464 2495 coniecti
1499 2461 1538 2493 et
1560 2454 1601 2491 in
1620 2467 1769 2505 quae-·

308 2512 476 2551 stionem
506 2510 588 2550 dati
616 2518 731 2562 sunt,
756 2524 824 2550 seu
843 2541 853 2559 ,
895 2513 963 2563 qui
994 2513 1081 2549 fidei
1112 2512 1361 2550 Christianae
1392 2523 1509 2548 causa
1540 2507 1618 2547 iam
1638 2507 1741 2546 dura

307 2573 348 2605 et
368 2566 544 2605 crudelia
573 2566 830 2619 pertulerunt.
885 2567 940 2604 Et
958 2568 1116 2619 proprie
1139 2581 1249 2614 sane,
1274 2580 1366 2604 nam
1399 2565 1462 2603 isti
1481 2577 1619 2601 revera
1641 2577 1742 2602 con-

307 2621 471 2659 fitentur
499 2621 702 2661 Christum
725 2635 857 2661 coram
886 2620 1136 2659 hominibus:
1168 2621 1414 2676 confitentur,
1443 2619 1629 2671 inquam,
1668 2618 1740 2655 b0-.
1786 2619 1794 2667 >5

309 2690 401 2715 nam
422 2677 695 2728 confessionem
715 2690 849 2716 coram
872 2677 1003 2715 nucltis
1035 2676 1200 2728 testibus,
1221 2683 1265 2715 ut
1292 2674 1542 2727 Timotheus,
1568 2673 1631 2713 cui
1662 2672 1747 2712 hoa}

310 2730 482 2785 elogium
510 2729 658 2773 Paulus
685 2732 839 2777 tribuit.
874 2745 1047 2773 ponus.
