1800 3164
451 208 829 251 nisTomARUM
870 212 956 251 1V.·
979 215 1047 258 215,
1379 211 1480 266 177

0 316 13 367 ζ
52 313 210 368 βέλτιον
237 311 362 352 οἰκεῖν
396 309 472 352 καί
501 309 574 352 τὸν
603 312 815 354 ἑπιλοιπον
843 313 936 366 βίον
964 313 1009 354 ἐν
1045 311 1250 369 ἀταραξίᾳ
1291 311 1488 364 διανύειν,
1501 320 1540 356 Α.
1553 319 1591 354 C.
1605 320 1687 356 1351

0 372 9 409 Q*
51 378 136 420 τῶν
161 378 237 418 τοῦ
265 377 361 429 βίου
390 377 582 428 ματαίων
601 372 847 419 ’ἀποστάντα
871 375 1068 432 θορύβων
1087 376 1159 419 καί
1173 379 1384 432 ταραχῶν.
1419 377 1491 419 καί

0 440 189 497 [ἐδόκει
227 440 273 483 τὸ
310 441 570 482 Βατοπεδιόυ
617 440 914 496 αἱρετώτερον,
961 443 1108 484 αὐτίκα
1146 458 1190 484 τε
1215 447 1315 491 τοῖς
1357 443 1489 484 ἐκεῖσε

44 513 254 561 ,μοναχοῖς
281 507 483 559 ἐκέλευον,-
514 506 768 559 ἀναλώματα
794 510 1004 561 παρέχων,
1019 506 1200 562 οἰκήσεις
1216 509 1314 561 ἐμοὶ
1337 513 1486 557 ποιεῖν,

0 567 106 633 {stat
129 571 202 614 καί
242 573 302 621 εἷς
342 574 467 626 δεῦρο
508 574 791 623 διασώζονται
839 569 1048 623 ἀπόδειξις
1088 572 1264 628 ἐναργής
1291 576 1364 628 τῆς
1393 575 1490 627 παρ’

0 638 18 698 ξ’
49 637 152 692 -ἐμοί
187 637 518 693 πρεσβευομένης
561 637 788 692 ἀληθείας.
826 640 904 680 τοῦ
941 640 988 680 δὲ
1028 639 1086 694 μὴ
1124 636 1214 681 τότε
1246 637 1500 681 αἴτιονὲκεῖ

0 695 10 715 ⁸
54 705 389 759 καταλειφθῆναι
438 703 510 744 καί
550 704 694 757 σχῆμα
733 705 932 757 μοναχῶν
961 704 1209 757 ἀναλαβεῖν,
1245 704 1335 746 ἀλλ’
1366 699 1622 756 αὖθιςΡ.8ο4

0 757 26 827 ἒ
53 767 156 823 πρὸς
185 770 363 823 βασιλέα
411 770 485 810 καί
520 767 592 810 τὸν
629 766 814 824 θόρυβον
850 771 932 811 τῶν
959 766 1215 825 πραγμάτων
1243 768 1496 825 ἐπανήκειν,

0 847 30 890 5
56 829 148 876 οὗθ’
174 831 200 889 ἦ
231 836 484 889 φιλοκοσμιά
513 829 579 888 ἦν,
613 830 711 875 οὗθ’
739 834 764 889 ἦ
795 834 986 892 ῥᾳθυμία
1015 833 1114 890 περὶ
1139 833 1190 875 τοὶ
1222 834 1342 887 καλὰ,
1389 832 1495 876 α’λλά

3 892 14 905 Ὗ
57 897 256 954 βασιλεύς
295 898 425 947 αὐτὸς
467 896 631 948 ἀτόπως
669 898 911 953 ἐξεχόμενος
957 901 1030 942 καί
1056 897 1167 942 ου’δὲ
1194 899 1348 952 βιωτὸν
1374 897 1500 954 ἡγού-

4 977 7 986 ”
58 979 179 1020 μενος
206 964 321 1022 αὐτῷ
347 963 422 1007 τὸν
452 964 543 1018 βίον
573 966 681 1018 ἐμοῦ
709 964 980 1020 διεστηκότος.
1041 965 1098 1014 ὥς
1135 963 1215 1021 γὰρ
1249 962 1501 1006 ἐπυνθάνετο

11 1063 14 1066 «
58 1029 135 1085 τὴν
162 1028 318 1084 αἰτίαν,
346 1026 375 1085 ἥ
402 1045 456 1083 με
484 1025 572 1084 ι’ἰγει
602 1029 706 1086 πρὸς
734 1029 807 1072 τόν
833 1025 978 1083 '‘Az‘hu,
1007 1033 1080 1073 καί
1106 1032 1180 1085 τῆς
1207 1033 1252 1072 ἐν
1279 1031 1356 1088 βίῳ
1383 1034 1504 1085 φιλο-

57 1098 212 1152 σοφίας
240 1090 392 1150 ἤκουεν
420 1097 654 1149 ἐπιθυμίαν
681 1098 753 1137 καί
780 1097 978 1152 θορύβων
1008 1096 1078 1138 καὶ
1099 1094 1351 1151 πραγμάτων
1370 1096 1506 1136 ἀπαλ-

59 1163 210 1216 λαγῆς,
250 1159 405 1215 πολλὴν
450 1161 626 1217 ἀφιλίαν
653 1162 893 1218 κατηγόρει,
937 1158 998 1204 ὅτι
1025 1161 1077 1205 τὰ
1109 1163 1309 1204 δοκοῦντα
1340 1166 1506 1203 λυσιτε-

61 1228 146 1284 ,ὶεῖν
176 1228 309 1281 ζητῶν
336 1227 448 1285 ἰδίᾳ,
480 1228 563 1268 τῶν
590 1229 736 1268 κοινῶν
765 1230 1009 1281 καταμελῶ,
1064 1226 1137 1269 καί
1161 1226 1288 1280 μόνον
1318 1226 1507 1268 καταλεί-

15 1301 17 1303 ’
58 1309 149 1334 πων
177 1291 249 1334 ἐπὶ
274 1294 469 1334 τοσοῦτον
496 1290 749 1348 πραγμάτων
782 1286 918 1346 ὄχλον,
949 1292 1079 1342 αὐτὸς
1105 1294 1314 1347 βούλομαι
1343 1293 1506 1346 ἀναχω-

60 1362 152 1414 ρεῖν
191 1356 264 1399 καὶ
302 1354 528 1399 ἀπολαύειν
555 1359 628 1413 τῆς
655 1355 846 1413 γαλήνης.
904 1357 1129 1413 ἠγανάκτει
1166 1358 1312 1401 τεκαὶ
1339 1358 1535 1400 ἀδικίανΒ

10 1467 11 1470 Ἰ
60 1422 110 1469 τὸ
140 1425 310 1478 πρᾶγμα
357 1421 554 1464 ἀπεκάλει
589 1425 663 1465 καί
693 1426 767 1478 τῆς
810 1422 916 1479 πρὸς
955 1420 1079 1466 αὖτόν
1121 1424 1322 1479 ἀθέτησιν
1351 1422 1506 1480 φιλίας.

30 1505 33 1506 ’
61 1490 169 1542 ’ἐμοῦ
199 1490 244 1531 δὲ
274 1488 320 1530 τὸ
351 1487 451 1542 περὶ
475 1491 619 1543 ψυχῆς
647 1487 720 1530 τὸν
748 1486 866 1543 λόγον
894 1492 1150 1544 πεποιῆσθαι
1171 1491 1510 1544 ἰσχυριζομένου,

63 1557 137 1598 καί
163 1555 294 1609 μηδὲν
323 1554 537 1605 ἀξιοῦντος
566 1552 763 1609 ἡγεῖσθαι
789 1554 1106 1610 προτιμότερον,
1139 1555 1386 1609 καὶμᾶλλον
1405 1557 1511 1597 ἐκεῖ·

64 1635 134 1663 νον
186 1617 507 1669 ἀποδεικνύντος
547 1616 729 1674 ἀδικεῖν,
768 1623 808 1662 εἰ
847 1623 1083 1679 βουλομένῳ
1121 1620 1274 1679 ταύτης
1310 1622 1510 1676 πρόνοιαν

49 1688 286 1728 ποιεῖσθαι
337 1683 414 1726 καί
436 1701 529 1727 τινα
570 1684 839 1741 εὐπρόσωπον
867 1686 1094 1740 ἀπολογίαν
1118 1689 1189 1729 ε’πί
1218 1689 1294 1729 τοῦ
1323 1688 1511 1743 φοβεροῦ

64 1751 222 1794 ἐκείνου
250 1747 455 1806 βήματος,
488 1753 554 1808 ἐφ’
580 1747 640 1800 οἷς
671 1752 983 1809 προσκέκρουκα
1001 1754 1101 1810 θεῷ’,
1129 1754 1314 1808 πορίζειν
1342 1753 1513 1808 ἐμαυτῷ

164 1853 215 1876 ιι.
238 1842 324 1885 βίον
348 1852 416 1875 om.
441 1841 476 1875 P.

68 1910 287 1943 monasterio
313 1921 369 1944 me
394 1909 585 1951 mandare,
615 1911 742 1957 ibique
766 1912 944 1957 reliquum
974 1922 1149 1946 annorum
1175 1920 1337 1945 meorum
1362 1909 1408 1944 ab
1435 1910 1514 1943 ina-

68 1956 179 1990 nibus
212 1956 339 1991 mundi
364 1958 701 2001 perturbationibus
742 1961 969 2005 strepituque
1010 1963 1185 1992 remotum
1228 1960 1267 1992 in
1302 1956 1512 2002 tranquilli-

69 2007 146 2038 tate
182 2012 404 2040 consumere,
475 2004 644 2039 Placebat
688 2011 808 2039 autem
850 2007 961 2049 magis
999 2005 1188 2049 Batopetlii
1240 2003 1512 2038 monasterium.

66 2049 243 2095 Moxque,
270 2049 453 2084 monachis
479 2051 553 2084 iilis
579 2051 663 2086 dato
693 2058 854 2099 argento,
877 2052 1063 2097 praecepi,
1090 2052 1274 2085 domicilia
1299 2050 1389 2084 mihi
1424 2060 1516 2083 con-

15 2111 21 2120 v*
69 2095 239 2130 struenda
267 2097 452 2139 locarent,
477 2109 570 2143 quae
596 2110 710 2145 usque
734 2110 830 2133 nunc
855 2105 996 2133 exstant
1018 2099 1298 2145 veritatemque,
1323 2107 1393 2143 qua
1418 2095 1517 2130 nihil

65 2143 151 2176 'tolo
176 2145 355 2185 sanctius,
388 2149 568 2178 testantur
597 2146 804 2180 clarissime.
856 2146 928 2179 Cur
967 2150 1088 2179 autem
1126 2156 1199 2179 non
1234 2145 1311 2178 iilic
1347 2143 1517 2178 monachi

67 2187 237 2224 habitum
264 2191 413 2225 indutus
437 2193 627 2226 mansei-im
643 2218 651 2234 ,
691 2193 753 2226 sed
776 2193 821 2226 ad
850 2195 1100 2237 imperatorem
1128 2193 1429 2237 negotiorumque
1452 2195 1516 2223 tu·—

20 2251 22 2254 ·
73 2237 211 2270 multus
237 2238 428 2279 redierim,
453 2249 521 2272 nec
545 2251 644 2273 amor
672 2239 797 2273 mundi
821 2241 860 2274 in
888 2250 995 2272 causa
1022 2240 1112 2278 fuit,
1145 2250 1213 2272 nec
1237 2237 1281 2271 ad
1307 2249 1361 2271 res
1386 2237 1517 2270 huma-

72 2292 139 2317 nas
162 2283 270 2318 laude
293 2284 417 2330 dignas
447 2291 571 2330 torpor
596 2286 762 2332 quidam,
790 2287 854 2320 sed
878 2287 1076 2332 imperator
1104 2286 1182 2331 ipse
1210 2285 1400 2318 immodice
1426 2282 1518 2316 mihi

68 2328 221 2370 ⁴affixus,
261 2335 296 2364 et
325 2333 387 2377 qui
413 2332 492 2366 sine
517 2343 574 2366 me
599 2334 706 2367 vitam
749 2332 819 2366 sibi
854 2335 1039 2367 insuavem
1074 2338 1183 2378 atque
1221 2332 1385 2365 acerbam
1408 2335 1518 2375 puta·

73 2381 142 2410 ret.
190 2377 237 2410 Ut
261 2379 357 2411 enim
382 2378 604 2419 sciscitatus,
632 2378 721 2426 quid
744 2390 801 2414 me
824 2379 917 2414 Atho
943 2380 1176 2421 adduxisset,
1220 2389 1363 2412 causam
1389 2387 1518 2423 perce·

72 2423 149 2502 pit,
182 2434 310 2469 nempe
351 2424 534 2459 liberandi
573 2436 629 2458 me
664 2437 683 2459 a
717 2428 811 2460 curis
848 2431 885 2460 et
920 2428 1148 2472 negotiorum
1188 2424 1304 2459 turbis
1344 2424 1518 2468 vitaeque

92 2477 288 2504 nnocenter
310 2471 514 2506 actitandae
540 2472 780 2514 desiderium,
817 2475 1014 2507 amicitiam
1040 2485 1059 2507 a
1092 2484 1149 2506 mc
1183 2481 1400 2518 magnopere
1436 2471 1519 2505 vio—

65 2515 186 2549 'latam
212 2524 429 2563 conquestus
458 2523 532 2559 est,
568 2519 666 2565 quod
692 2520 830 2565 privata
855 2525 993 2554 sectans
1020 2519 1231 2560 commoda,
1274 2518 1422 2564 publica
1451 2527 1520 2549 ne-

78 2562 246 2641 ?ligerem
286 2570 322 2598 et
357 2566 473 2608 ipsum
498 2566 613 2599 soium
643 2567 679 2598 in
717 2571 816 2601 tanta
841 2567 1120 2612 occupationum
1162 2565 1397 2599 multitudine
1440 2573 1521 2595 mo-

96 2610 258 2655 estisque
284 2611 504 2653 destituens,
541 2613 619 2656 ipsc
660 2614 826 2648 secedere
862 2619 899 2648 et
937 2614 1136 2660 tranquillo
1171 2613 1246 2646 otio
1273 2611 1411 2656 perfrui
1446 2620 1521 2642 mc-

81 2653 229 2690 ditarer:
257 2667 523 2703 erumpensque
549 2660 586 2692 in
609 2669 664 2693 me
689 2659 925 2702 stomachum,
950 2662 1176 2706 propositum
1197 2668 1316 2691 meum
1350 2657 1520 2691 iniuriam

26 2719 29 2722 -
83 2706 121 2735 et
144 2702 323 2736 amicitiae
350 2715 437 2738 suae
463 2710 709 2752 contemptum
732 2708 950 2753 appellabat.
998 2707 1056 2740 Me
1077 2712 1196 2740 autem
1220 2701 1520 2742 affirmante‚ani—

86 2756 179 2781 mum
204 2759 326 2783 curare
351 2750 508 2784 voluisse
524 2778 533 2792 ,
559 2758 596 2786 et
620 2764 775 2798 aequum
803 2759 992 2793 censente,
1018 2753 1112 2786 nihil
1140 2753 1206 2787 hoc
1232 2764 1304 2784 uno
1332 2754 1522 2795 praestan-

85 2793 158 2827 tius
184 2796 405 2837 existimari,
430 2800 615 2844 magisque
640 2801 756 2845 ipsum
783 2800 950 2846 iniquum
978 2811 1077 2842 esse,
1103 2799 1133 2834 si
1159 2810 1214 2832 mc
1241 2810 1283 2831 eo
1311 2795 1523 2831 incumben-

191 2862 466 2900 Canaeacuzenus
491 2866 554 2899 Ill.
1223 2876 1262 2899 ¹²
