1794 3158
416 156 490 198 AD
528 155 904 198 CANTAcUzENI
943 159 1044 198 12113.
1074 160 1107 198 1.
1379 141 1490 215 387

58 261 199 300 litteris
229 259 279 299 de
306 257 522 300 Salvatoris
550 259 675 299 nostri
702 266 794 299 ortu
823 259 916 313 legi,
945 268 1144 316 tamquam
1169 274 1328 315 sponsus
1353 275 1494 316 proee-

57 317 153 356 dens
178 315 230 355 de
257 315 429 355 thalamo
444 328 524 355 suo.
581 314 667 354 Ubi
697 328 892 354 consensu
919 314 1198 369 theologorum
1225 318 1494 358 sanctissimae

59 371 238 424 Virginis
268 370 422 408 Mariae
449 376 588 408 uterus
629 369 864 423 intelligitur
885 400 897 422 ,
941 371 982 408 in
1030 385 1111 424 quo
1159 370 1270 411 velut
1316 371 1494 412 thalamo

57 438 146 465 eam
173 424 247 464 sibi
276 424 380 463 filius
407 424 508 476 Dei,
547 437 666 464 carne
694 439 738 463 ex
767 438 813 463 ea
844 425 1031 475 indutus,
1064 439 1249 479 sponsam
1276 426 1494 479 copulavit.

56 480 112 519 Et
142 481 331 533 quoniam
372 478 671 519 Cantacuzenus
709 479 881 518 libenter
917 480 1084 520 vocibus
1125 481 1355 520 divinarum
1395 484 1494 521 scri-

56 542 269 587 pturarum
301 535 444 585 utitur,
475 534 526 574 de
550 542 678 574 matre
706 534 931 574 Andronici
967 542 1006 574 et
1029 543 1148 589 partu
1176 537 1259 575 eius
1286 537 1492 590 cogitanti,

55 589 134 629 hoc
157 589 342 636 verbum,
360 603 430 629 seu
447 588 555 629 hunc
578 591 796 644 scripturae
820 589 953 630 locum
981 593 1200 631 occurrisse
1227 592 1492 632 existimemus

53 644 158 685 licet.
186 658 362 685 rom-AN.

165 699 357 753 Pag.31,
381 714 441 740 10.
477 701 804 754 parvissima
840 699 992 739 labes
1025 701 1207 740 videri
1238 704 1496 756 sapienti-

56 754 137 794 bus
163 769 236 794 ma
247 756 351 794 xim
361 769 404 798 a.
434 754 613 797 Iuvenal.
625 761 696 795 sat.
709 754 763 795 8.:
785 754 911 794 Omne
926 756 1054 794 animi
1066 757 1208 795 vitium
1223 766 1328 797 tanto
1344 772 1497 812 eonspe-

53 811 147 849 ctius
175 812 218 850 in
243 825 283 849 se
312 809 412 850 Esse
437 809 553 859 solet,
584 818 729 863 quanto
757 811 888 849 maior
911 811 979 865 qui
1007 820 1145 865 peccat
1167 812 1343 851 habetur.
1386 813 1495 852 Bene

53 866 310 919 sapientibus,
349 879 443 904 nam
475 864 518 903 hi
543 864 662 917 longe
688 872 858 904 cernunt
884 866 1066 917 acutius,
1103 880 1226 918 quam
1256 866 1424 921 vulgus,
1457 878 1498 907 et

14 963 20 967 ¹
55 920 234 959 iudicant
259 921 405 960 verius.
460 920 570 973 Ergo
591 920 786 972 sapientes
817 934 841 958 a
869 921 1029 974 regibus
1056 921 1340 973 perfectionem
1370 923 1496 961 maxi-

54 989 162 1014 mam
195 976 421 1028 requirunt,
449 988 667 1028 eorumque
697 975 865 1028 peccatis
893 989 973 1014 non
993 976 1106 1014 facile
1134 977 1359 1029 ignoscunt.
1390 977 1498 1030 Ipse-

55 1037 139 1069 met
171 1031 473 1069 Cantacuzenus
515 1037 690 1068 extremo
730 1038 873 1082 quarto
915 1044 1000 1083 cap.
1031 1029 1099 1082 48.
1133 1045 1183 1070 en
1229 1046 1351 1085 quam
1379 1046 1496 1084 prae-

57 1085 189 1137 clare,
217 1085 315 1124 dum
342 1085 470 1123 filium
511 1085 762 1124 Matthaeum
789 1099 812 1123 a
839 1086 1053 1138 cupiditate
1088 1087 1314 1139 imperandi
1344 1086 1498 1126 abster-

57 1148 130 1180 ret.
173 1140 268 1180 Non
292 1141 397 1179 enim
429 1140 763 1195 quemadmodum
790 1141 895 1188 aliis,
923 1141 958 1179 si
997 1142 1119 1179 vitam
1148 1143 1268 1181 solute
1299 1151 1498 1195 transege-

57 1197 152 1244 rint,
181 1196 235 1234 sic
260 1197 376 1234 etiam
402 1195 698 1249 imperator-ibus
713 1197 906 1245 usuvenit,
928 1204 970 1234 ut
983 1195 1170 1235 damnum
1197 1197 1256 1235 ad
1278 1198 1382 1252 ipsos
1413 1211 1497 1236 mo-

55 1251 108 1289 do
131 1252 350 1304 pertineat,
383 1250 453 1288 sed
473 1258 513 1288 et
546 1250 647 1289 bona
684 1259 723 1288 et
755 1251 864 1289 mala
892 1252 1067 1304 ipsorum
1088 1251 1252 1290 subditis
1275 1254 1498 1291 communia

55 1314 148 1344 sunt
162 1323 175 1343 .·
227 1314 266 1344 et
307 1305 558 1358 imperatoris
593 1307 769 1343 animam
799 1307 930 1344 omnis
959 1307 1114 1344 virtutis
1146 1308 1344 1361 speculum
1383 1316 1426 1345 at
1452 1322 1498 1346 ue

54 1361 308 1415 archetypum
338 1374 420 1399 esse
438 1368 614 1414 oportet.-
644 1360 798 1415 alioqui
822 1374 900 1399 non
925 1361 1052 1399 solum
1074 1375 1191 1411 suae,
1229 1361 1301 1402 sed
1324 1370 1364 1401 et
1393 1376 1419 1401 a
1437 1363 1497 1402 io-

55 1429 142 1454 rum
161 1416 341 1468 segnitiei
354 1421 518 1470 poenas'
527 1415 737 1468 persolvet.
770 1428 941 1455 ΡΟΝΤΔΝ.

167 1471 270 1523 Pag.
299 1469 366 1520 31,
402 1469 462 1511 16.
490 1468 794 1519 ἑπιβλέψαντος
822 1470 879 1509 Μ.

163 1525 270 1578 Pag.
302 1525 368 1576 31,
392 1525 459 1564 23.
485 1522 762 1575 μεταβάλλεις
787 1523 861 1576 τῆς
881 1521 987 1576 πρὸς
1017 1523 1093 1573 ἐμὲ
1120 1539 1162 1566 π.
1188 1525 1245 1564 Μ.

165 1581 267 1634 Pag.
299 1580 369 1630 51,
398 1578 463 1630 24.
490 1580 537 1617 si
563 1579 764 1633 quidem
790 1579 1108 1619 amaritudo.
1143 1580 1189 1618 In
1210 1579 1442 1635 evangelio:
1464 1585 1502 1622 si

51 1634 576 1701 quidemfi'zwtumfioerit:
603 1635 664 1673 sin
681 1643 821 1682 autem,
839 1635 1007 1673 succides
1022 1648 1122 1673 eam.
1154 1635 1290 1674 Genus
1308 1636 1500 1690 loquendi

56 1688 321 1731 ελλειπτικόν,
377 1688 626 1727 Subauditur
653 1689 923 1739 benefactum
943 1718 954 1739 ,
985 1690 1077 1727 bene
1103 1703 1164 1727 res
1194 1691 1376 1740 habebit,
1428 1701 1499 1732 aut

55 1745 136 1784 tale
163 1745 385 1800 quidpiam.
443 1743 575 1783 Latini
597 1757 757 1796 quoque
782 1746 838 1782 sic
867 1742 1110 1797 loquuntur,
1140 1751 1260 1796 atque
1292 1746 1391 1785 adeo
1415 1748 1499 1799 ipse

54 1801 208 1843 Cicero.
263 1801 456 1839 Notatum
485 1805 544 1838 est
569 1798 715 1836 alieubi
741 1812 764 1836 a
793 1798 953 1837 Budaeo
982 1800 1023 1837 in
1050 1798 1284 1840 Pandectas.
1322 1814 1498 1843 PONTAN.

169 1857 270 1910 Pag.
304 1856 370 1904 51,
402 1852 465 1905 24.
498 1853 787 1914 προβληθξίτω
823 1853 875 1892 Μ.
906 1900 913 1917 1
989 1902 998 1916 Ι
1150 1899 1171 1916 ,Ι

164 1912 266 1964 Pag.
300 1910 370 1954 32,
402 1908 440 1951 5.
470 1911 554 1954 τοῖς
600 1906 643 1955 ἐξ
686 1906 838 1958 οργῆς,
885 1902 911 1959 ἢ
946 1908 1101 1959 λυπης,
1141 1923 1167 1959 η
1195 1922 1304 1956 τινος
1344 1901 1401 1950 ὧν
1432 1910 1499 1950 λέ-

56 1980 194 2022 γουσι,
214 1964 310 2018 μήτ’
334 1957 392 2003 ὧν
426 1961 581 2015 δρῶσιν
603 1961 647 2001 ἐν
674 1965 762 2007 τοῖς
781 1962 853 2014 τῆς
883 1962 1073 2014 ταραχῆς
1103 1967 1284 2014 καιροῖς,
1316 1979 1499 2018 παρακα-

54 2022 193 2075 τέχειν
206 2017 280 2073 τὴν
302 2015 482 2071 μνήμην.
538 2017 766 2056 Desiderari
794 2030 912 2056 voces
940 2015 1095 2070 aliquot
1122 2025 1218 2070 puto
1256 2026 1295 2058 te
1323 2034 1497 2073 mecum,

58 2077 202 2126 lector,
231 2075 467 2130 perspicere.
524 2072 602 2111 Sed
632 2073 831 2111 defectum
860 2086 951 2111 eum
980 2087 1003 2111 a
1032 2072 1148 2111 nobis
1173 2074 1268 2113 satis
1296 2075 1499 2128 expletum

54 2147 189 2186 spero.
247 2130 415 2170 Iacobus
446 2129 670 2178 Gretserus‚
700 2127 822 2166 homo
850 2128 1046 2166 societatis
1073 2134 1247 2179 nostrae,
1285 2131 1400 2169 cuius
1429 2145 1499 2170 ex-

58 2196 166 2228 stant
196 2186 342 2239 ingenii
381 2189 662 2230 monumenta,
692 2196 715 2220 a
746 2196 828 2234 quo
855 2196 919 2221 me
950 2182 1057 2220 fideli
1097 2196 1219 2235 opera
1253 2184 1499 2238 consilioque

57 2245 100 2282 in
131 2243 194 2283 his
225 2239 427 2281 laboribus
454 2240 549 2277 meis
578 2251 861 2290 saepenumero
891 2237 1074 2276 adiutum
1103 2245 1143 2276 et
1169 2238 1220 2276 ad
1245 2239 1347 2278 istuc
1381 2255 1498 2294 prae-

59 2298 213 2338 clarum
242 2310 342 2348 opus
370 2292 654 2333 maturandum
684 2293 892 2331 incitatum
927 2306 1008 2331 non
1051 2305 1215 2345 possum
1241 2296 1342 2359 :Juin
1370 2296 1499 2335 confi-

58 2360 159 2404 tear,
177 2358 306 2392 totum
335 2350 467 2388 locum
495 2349 551 2387 sic
581 2347 827 2400 integrabat:
876 2344 971 2393 τούς
996 2346 1039 2395 ἐξ
1069 2344 1208 2399 ὀργῆς,
1234 2363 1260 2400 η
1283 2362 1390 2397 τινος
1416 2350 1498 2389 τῶν

0 2427 1 2446 ;
58 2405 256 2448 τοιούτων
284 2398 542 2458 πράττοντας
569 2417 623 2452 τι,
656 2399 761 2453 μήθ’
787 2394 846 2441 ὧν
878 2401 1065 2453 λέγουσι,
1105 2400 1211 2454 μήθ’
1248 2395 1306 2443 ὧν
1341 2403 1499 2455 δρῶσιν

0 2481 3 2506 ι
60 2461 106 2502 ἐν
129 2465 216 2508 τοῖς
244 2460 319 2511 τῆς
346 2458 534 2509 ταραχῆς
562 2460 720 2509 καιροῖς
742 2456 1046 2509 παρακατέχειν
1076 2454 1151 2508 τήν
1172 2457 1337 2510 μνήμην
1361 2459 1496 2512 δῆλον.

61 2517 167 2557 Nam
198 2515 298 2555 illud
328 2518 440 2562 τοῖς,
477 2513 651 2566 primum
678 2513 873 2563 verbum,
901 2513 1115 2551 consistere
1148 2526 1240 2551 cum
1267 2513 1499 2564 παρακατέ-

61 2586 153 2623 χειν
180 2585 260 2610 non
288 2582 424 2623 posse:
459 2569 524 2606 cui
552 2568 754 2606 assentior.
791 2568 865 2606 Est
891 2575 1024 2607 autem
1053 2568 1247 2608 sententia
1273 2570 1495 2608 verissima.

0 2660 3 2671 ‚
64 2627 245 2666 Affectus
273 2627 378 2665 enim
403 2623 637 2676 impotentia
667 2622 832 2662 nebulas
860 2623 984 2663 menti
1013 2622 1184 2662 offundit
1205 2653 1217 2675 ,
1260 2631 1307 2663 ut
1334 2638 1496 2663 cernere

0 2707 8 2718 .
64 2683 160 2734 quid
191 2688 297 2733 agat,
331 2680 447 2727 dicat,
475 2692 557 2716 non
584 2685 717 2731 queat.
757 2692 927 2720 ΡοΝΤΛΝ,

150 2737 250 2788 Pag.
268 2735 331 2785 32,
351 2747 415 2775 22.
442 2734 683 2773 Lethaeis
707 2733 986 2773 volvendis
1005 2734 1154 2785 aquis
1174 2737 1496 2785 permittens.
