1794 3158
393 141 466 183 AD
507 142 874 183 CANTACUZENJ
910 143 1007 184 un.
1035 143 1088 181 11.
1362 121 1476 189 455

157 245 259 296 Pag.
278 244 369 297 329,
394 259 453 286 ιι.
481 246 537 283 in
564 257 733 282 arcem
764 243 803 282 A
818 256 1005 284 nemae.
1037 241 1231 293 Quamvis
1252 242 1402 280 Graece
1423 240 1481 287 εἰς

19 295 114 341 τὸν
141 300 216 338 τοῦ
242 298 414 348 Ἀνεμυῦ
443 295 697 347 καλούμενον
722 294 892 349 πύργον,
914 305 1048 337 tamen
1071 298 1263 347 existimo,
1291 310 1371 335 nou
1400 304 1484 335 tatu

20 353 191 395 turrim
221 353 374 404 solam,
424 368 545 407 quam
576 353 710 392 locum
738 355 965 406 quempiam
1002 353 1201 392 munitum
1244 366 1312 391 seu
1351 366 1483 392 arcem

31 407 350 462 ’,συνεκδοχικῶς
377 409 572 448 indicari:
603 409 714 447 etita
740 422 885 447 nomen
906 406 1060 461 πύργος
1083 407 1243 446 videtur
1260 406 1355 445 alibi
1379 420 1483 459 quo-

26 471 125 517 jque
151 477 362 514 usurpare,
390 463 501 516 quod
532 463 753 503 observavi.
783 464 974 502 Germani
1002 462 1194 513 dicerent,
1213 463 1256 500 in
1274 462 1340 499 die
1354 461 1482 514 But-g,

27 518 92 557 Διίῑ
119 516 188 556 die
217 517 266 557 V
258 527 404 569 estwtg.
460 518 539 557 Sed
569 520 680 571 prius
705 517 808 556 illud
839 532 862 556 a
891 519 1046 557 Graeco
1073 516 1199 568 fluxit,
1232 523 1275 555 ut
1304 515 1382 555 alia
1404 517 1490 557 liu-A

51 573 115 612 ius
141 572 301 625 linguae
329 587 450 626 quam
481 573 666 627 plurima.
695 587 866 612 PONTAN.
1488 573 1491 576 ”

19 671 21 675 ⁴
156 628 260 680 Pag.
280 628 377 682 329,
401 642 463 682 ¹9·
494 630 640 667 illum
670 642 858 667 amare.
915 627 1042 666 Amor
1070 627 1320 679 imperatoris
1350 627 1391 664 in
1419 625 1485 664 do-

23 728 29 739 ,s
48 684 258 723 mesticum
285 697 355 722 seu
386 684 705 723 Cantacuzenum
727 711 740 732 ‚
770 690 809 721 et
835 682 954 721 huius
982 684 1023 720 in
1054 681 1183 731 illum,
1216 681 1351 719 multis
1372 679 1492 730 locis„

17 766 23 790 5
49 739 283 792 praesertim
309 752 380 791 per
407 738 517 778 hunc
542 745 581 777 et
607 739 768 777 tertium
790 737 938 775 librum
962 743 1231 776 memoratur:
1276 736 1352 774 suit
1380 737 1488 774 enim

19 846 22 848 v
46 792 276 846 singularis,
299 800 338 832 et
362 801 526 846 possunt
553 793 596 832 hi
625 795 730 831 inter
757 792 825 830 illa
854 793 966 844 paria
991 792 1206 839 numerari,
1236 805 1407 842 quorum
1433 790 1494 831 obl

50 848 265 898 amicitiam
291 848 526 888 immortalis
555 855 613 887 est
639 848 843 890 memoria.
872 848 1046 886 Rursum
1077 860 1162 898 cap.
1177 859 1219 898 9.
1240 845 1310 882 lib.
1331 846 1368 887 5.
1396 860 1428 887 c.
1449 847 1486 888 3,

34 901 94 954 ,4.
123 903 162 943 6.
198 901 262 954 14.
295 917 360 946 22.
395 903 458 954 24.
488 904 553 945 53.
583 901 648 956 74.
678 903 746 944 82.
766 915 835 955 99.
858 901 929 940 lib.
952 903 1095 954 [μειερ.
1125 900 1210 940 ι.5.
1238 901 1300 947 24.
1331 901 1487 943 Omitto

49 956 162 998 locos
188 956 283 997 libri
313 959 463 1011 primi,
492 966 532 997 et
558 959 751 1010 insignem
779 956 894 995 illum
923 971 968 995 ex
997 955 1222 996 testimonio
1250 955 1388 994 matris
1416 955 1488 993 do-

33 1014 207 1063 ·mestiei
237 1027 324 1064 cap.
355 1013 424 1053 28.
455 1013 632 1053 eiusdem
661 1011 769 1051 libri.
802 1025 977 1050 PONTAN.

158 1069 263 1121 Pag.
284 1068 381 1119 530,
401 1081 438 1110 a.
467 1065 530 1107 ἔτι
557 1066 603 1106 δὲ
630 1066 674 1106 τὲ
701 1065 740 1105 εἰ
753 1068 826 1115 Μ.,
856 1065 987 1105 deleto
1016 1072 1152 1106 tamen
1181 1062 1228 1103 δὲ
1256 1079 1280 1103 a
1308 1077 1430 1102 manu
1450 1077 1488 1107 2.

159 1124 266 1176 Pag.
289 1123 385 1174 330,
405 1124 441 1164 3.
469 1120 629 1169 πάντως
652 1123 711 1161 M.

158 1178 265 1230 Pag.
287 1177 385 1229 530,
404 1177 444 1217 6.
472 1171 603 1217 αῧτὸν
632 1177 692 1215 Μ.

159 1233 265 1285 Pag.
290 1233 384 1281 350,
411 1233 474 1273 15.
501 1233 725 1271 πεπεῖσθαι
752 1244 834 1270 om.
860 1230 918 1270 M.

160 1287 267 1340 Pag.
293 1288 389 1338 350,
415 1287 472 1327 15.
503 1281 777 1337 ἀναβαθμούς
808 1286 866 1328 Μ,

159 1342 267 1395 Pag.
288 1343 382 1392 531,
405 1356 440 1384 2.
473 1342 543 1394 τῆς
571 1339 734 1394 εἱρκτῆς
764 1341 866 1379 adde
897 1354 943 1379 ex
971 1340 1028 1382 M.
1059 1345 1153 1378 ante
1181 1336 1466 1390 ἀπολυθῆναι.

159 1396 383 1450 Pag.551‚
409 1396 468 1436 18.
495 1411 521 1435 a
549 1397 748 1451 poetis
786 1404 842 1433 et
877 1395 1231 1436 historicis.
1288 1395 1324 1431 A
1366 1394 1494 1445 poetis

50 1451 216 1506 quidem
244 1451 468 1491 celebratur
496 1452 672 1490 amicitia
699 1448 863 1503 Pyladis
890 1457 929 1488 et
959 1450 1142 1500 Orestis,
1181 1449 1325 1487 Thesei
1353 1455 1392 1486 et
1419 1447 1494 1486 Pi-

53 1508 193 1558 rithoi,
221 1507 392 1547 Achillis
418 1515 458 1546 et
488 1506 680 1554 Patrocli,
709 1505 796 1544 Nisi
828 1513 866 1544 et
896 1504 1077 1557 Euryali.
1134 1503 1203 1543 Ab
1230 1503 1428 1542 historicis
1456 1509 1497 1541 et

53 1562 142 1602 aliis
162 1562 423 1615 scrIptoribus
451 1561 668 1600 Alexandri
701 1562 833 1612 magni
858 1567 898 1598 ct
932 1559 1252 1612 Hephaestionis,
1265 1558 1436 1612 Pythiae
1455 1563 1497 1596 et

52 1618 264 1669 Damonis,
298 1616 602 1670 Epaminondae
629 1623 667 1654 et
688 1614 919 1666 Pelopidae,
941 1614 1136 1667 Scipionis
1166 1621 1205 1652 et
1233 1612 1371 1652 Laelii.
1411 1612 1495 1650 Nec

50 1672 241 1726 ignobilis
274 1679 332 1710 est
357 1674 400 1710 in
436 1671 581 1710 divinis
613 1671 756 1713 litteris
787 1669 955 1707 Davidis
983 1677 1022 1708 et
1051 1669 1245 1708 lonathae
1276 1668 1498 1706 arctissima

49 1727 300 1767 familiaritas
349 1735 389 1766 et
427 1727 582 1779 irrupta
621 1724 775 1778 copula.
835 1724 955 1773 Quod
999 1732 1131 1762 autem
1172 1723 1322 1761 amicus
1351 1722 1499 1760 dicitur

41 1784 159 1822 -aller
188 1795 292 1833 6²30,
332 1782 574 1820 Plutarchus
617 1781 903 1819 commentario
946 1776 1046 1830 περὶ
1082 1776 1359 1830 πολυφιλίας,
1396 1773 1498 1814 nihil

55 1837 170 1877 aliud
199 1837 274 1876 sibi
304 1835 409 1876 velle
437 1837 509 1886 ait,
543 1850 664 1889 quam
693 1836 888 1873 binarium
910 1849 988 1871 esse
1020 1834 1223 1872 amicitiae
1256 1845 1495 1870 mensnram.

51 1891 188 1933 Paulo
218 1899 329 1944 post:
367 1892 508 1946 Itaque
528 1892 647 1929 valde
681 1904 820 1928 amare
851 1898 889 1927 et
912 1890 1049 1926 amari
1070 1889 1172 1926 inter
1202 1887 1342 1925 multos
1369 1886 1498 1923 locam

38 1961 135 1991 vnon
166 1948 280 1986 habet
295 1961 307 1981 -·
341 1948 415 1985 sed
444 1948 542 1985 sicut
565 1959 700 1985 amnes
741 1946 783 1983 in
820 1944 958 1982 multos
980 1944 1105 1981 divisi
1135 1943 1280 1991 alveos,
1315 1940 1503 1978 imbecilli

41 2001 182 2058 fluunt
214 2016 266 2041 ac
293 2010 421 2041 tenues
436 2020 448 2040 :
485 2003 539 2040 sic
578 2003 781 2039 vehemens
813 2013 928 2038 amor·
959 1999 1001 2037 in
1028 1999 1183 2046 animo,
1223 1997 1258 2035 si
1290 1995 1503 2048 dissipetur

55 2059 100 2096 in
130 2057 284 2107 multos,
311 2065 531 2098 enervatur.
562 2069 730 2094 Pomm.

168 2112 273 2165 Pag.
293 2112 386 2162 552,
406 2111 447 2151 6.
480 2110 771 2163 ἰσχυροτέρως
800 2101 842 2160 ἢ,
874 2102 898 2145 ὅ
929 2119 1075 2160 φασιν,
1106 2098 1304 2156 ἀνάγκαις
1341 2116 1498 2156 γεωμε-

58 2170 230 2220 τρικαῖς.
286 2166 496 2207 Vocantur
535 2161 711 2216 ἀνάγκαι
752 2165 915 2202 Graecis
955 2162 1209 2213 probationes
1237 2159 1356 2206 illae,
1396 2172 1500 2211 quae

58 2223 281 2262 necessario
309 2222 583 2272 concludunt,
628 2233 726 2273 quas
755 2226 894 2257 contra
922 2217 1054 2256 afferri
1083 2214 1184 2254 nihil
1214 2221 1363 2266 potest:
1397 2228 1501 2265 quae

60 2275 306 2317 intellectum
334 2278 592 2317 convincunt.
651 2275 863 2314 Anacreon
907 2273 1004 2310 dixit
1037 2270 1121 2311 τῶν
1152 2266 1340 2322 ῥητόρων
1373 2263 1501 2319 ἀνάγ-

61 2345 179 2382 καις,
210 2332 280 2371 ubi
317 2339 414 2384 puto
440 2332 647 2370 rhetorum
676 2331 837 2367 nomine
865 2327 1091 2367 dialecticos
1118 2324 1367 2377 accipiendos
1390 2353 1401 2372 ‚
1432 2337 1502 2360 seu

62 2401 148 2426 csse
177 2401 388 2426 commune
416 2401 559 2425 nomen
589 2386 639 2424 ad
668 2384 847 2424 rhetores
876 2385 1032 2436 proprie
1061 2381 1190 2419 dictos
1236 2387 1274 2418 et
1320 2377 1500 2416 dialecti-

63 2456 155 2481 cos:
197 2444 432 2495 praesertim
473 2457 564 2480 cum
601 2439 807 2479 dialectica
852 2439 1034 2477 Ciceroni
1062 2436 1221 2474 dicatur
1249 2434 1410 2472 astricta
1463 2439 1502 2470 et

63 2504 267 2536 contracta
294 2497 490 2550 quaedam
517 2497 766 2549 eloquentia:
798 2502 843 2532 ut
862 2494 1034 2534 vicissim
1055 2491 1297 2531 rhetoricam
1320 2488 1502 2527 latiorem

64 2559 104 2591 et
136 2553 263 2592 susam
292 2553 539 2591 dialecticam
567 2550 768 2604 appellare
805 2548 933 2590 liceat.
989 2549 1091 2587 Sunt
1128 2546 1237 2584 cniin
1275 2543 1415 2583 ambae
1461 2544 1502 2579 iu

65 2606 293 2647 disserendo
323 2609 482 2660 positae.
512 2621 683 2647 romum.

176 2662 277 2714 Pag.
298 2663 394 2714 532,
415 2678 452 2717 7,
480 2656 790 2710 (ἐπεδειξάμεθα
824 2660 879 2702 Μ.

176 2718 278 2770 Pag.
301 2717 394 2770 552,
424 2733 480 2762 ιυ.
514 2719 674 2759 talem
705 2730 823 2767 erga
853 2715 1020 2756 Deum
1051 2711 1347 2750 carnatem.
1380 2709 1500 2746 Fozte
