<?xml version="1.0" encoding="UTF-8"?>
<!DOCTYPE html PUBLIC "-//W3C//DTD XHTML 1.0 Transitional//EN"
    "http://www.w3.org/TR/xhtml1/DTD/xhtml1-transitional.dtd">
<html xmlns="http://www.w3.org/1999/xhtml" xml:lang="en" lang="en">
 <head>
  <title>
</title>
<meta http-equiv="Content-Type" content="text/html;charset=utf-8" />
  <meta name='ocr-system' content='tesseract 3.04.00' />
  <meta name='ocr-capabilities' content='ocr_page ocr_carea ocr_par ocr_line ocrx_word'/>
</head>
<body>
  <div class='ocr_page' id='page_1' title='image "./corpusscriptorum25niebuoft_0453.png"; bbox 0 0 1794 3158; ppageno 0'>
   <div class='ocr_carea' id='block_1_1' title="bbox 417 125 1492 194">
    <p class='ocr_par' dir='ltr' id='par_1_1' title="bbox 417 125 1492 194">
     <span class='ocr_line' id='line_1_1' title="bbox 417 125 1492 194; baseline -0.004 -6"><span class='ocrx_word' id='word_1_1' title='bbox 417 146 490 188; x_wconf 86' lang='lat' dir='ltr'>AD</span> <span class='ocrx_word' id='word_1_2' title='bbox 527 145 900 188; x_wconf 79' lang='lat' dir='ltr'>CANTACUZENI</span> <span class='ocrx_word' id='word_1_3' title='bbox 938 146 1036 186; x_wconf 78' lang='lat' dir='ltr'>Lm.</span> <span class='ocrx_word' id='word_1_4' title='bbox 1073 147 1110 186; x_wconf 86' lang='lat'>1.</span> <span class='ocrx_word' id='word_1_5' title='bbox 1379 125 1492 194; x_wconf 78' lang='grc'>443</span> 
     </span>
    </p>
   </div>
   <div class='ocr_carea' id='block_1_2' title="bbox 20 243 1510 2788">
    <p class='ocr_par' dir='ltr' id='par_1_2' title="bbox 20 243 1510 2788">
     <span class='ocr_line' id='line_1_2' title="bbox 91 243 1497 300; baseline 0 -14"><span class='ocrx_word' id='word_1_6' title='bbox 91 258 159 288; x_wconf 84' lang='lat' dir='ltr'>nes</span> <span class='ocrx_word' id='word_1_7' title='bbox 180 253 230 287; x_wconf 60' lang='lat' dir='ltr'>et</span> <span class='ocrx_word' id='word_1_8' title='bbox 259 245 301 286; x_wconf 89' lang='lat' dir='ltr'>id</span> <span class='ocrx_word' id='word_1_9' title='bbox 331 260 455 300; x_wconf 83' lang='lat' dir='ltr'>genus</span> <span class='ocrx_word' id='word_1_10' title='bbox 483 246 573 296; x_wconf 87' lang='lat' dir='ltr'>alia,</span> <span class='ocrx_word' id='word_1_11' title='bbox 603 260 746 285; x_wconf 90' lang='lat' dir='ltr'>verum</span> <span class='ocrx_word' id='word_1_12' title='bbox 774 247 894 285; x_wconf 90' lang='lat' dir='ltr'>etiam</span> <span class='ocrx_word' id='word_1_13' title='bbox 932 245 984 285; x_wconf 88' lang='lat' dir='ltr'>ab</span> <span class='ocrx_word' id='word_1_14' title='bbox 1011 245 1108 299; x_wconf 85' lang='lat' dir='ltr'>ipsis</span> <span class='ocrx_word' id='word_1_15' title='bbox 1127 243 1403 285; x_wconf 75' lang='lat' dir='ltr'>schismaticis·</span> <span class='ocrx_word' id='word_1_16' title='bbox 1425 253 1497 286; x_wconf 87' lang='lat' dir='ltr'>aut</span> 
     </span>
     <span class='ocr_line' id='line_1_3' title="bbox 49 261 1502 355; baseline -0.001 -13"><span class='ocrx_word' id='word_1_17' title='bbox 49 261 260 342; x_wconf 55' lang='lat' dir='ltr'>{hereticis</span> <span class='ocrx_word' id='word_1_18' title='bbox 287 309 522 355; x_wconf 85' lang='lat' dir='ltr'>patrentur,</span> <span class='ocrx_word' id='word_1_19' title='bbox 563 303 648 341; x_wconf 87' lang='lat' dir='ltr'>sine</span> <span class='ocrx_word' id='word_1_20' title='bbox 677 315 813 340; x_wconf 90' lang='lat' dir='ltr'>rerum</span> <span class='ocrx_word' id='word_1_21' title='bbox 841 301 892 340; x_wconf 89' lang='lat' dir='ltr'>ad</span> <span class='ocrx_word' id='word_1_22' title='bbox 926 300 1131 341; x_wconf 87' lang='lat' dir='ltr'>ecclesiam</span> <span class='ocrx_word' id='word_1_23' title='bbox 1161 314 1298 340; x_wconf 89' lang='lat' dir='ltr'>veram</span> <span class='ocrx_word' id='word_1_24' title='bbox 1337 303 1502 354; x_wconf 80' lang='lat' dir='ltr'>proprie</span> 
     </span>
     <span class='ocr_line' id='line_1_4' title="bbox 49 355 1497 411; baseline -0.001 -14"><span class='ocrx_word' id='word_1_25' title='bbox 49 359 337 411; x_wconf 86' lang='lat' dir='ltr'>pertinentium</span> <span class='ocrx_word' id='word_1_26' title='bbox 365 358 600 396; x_wconf 86' lang='lat' dir='ltr'>ministerio.</span> <span class='ocrx_word' id='word_1_27' title='bbox 657 356 860 409; x_wconf 83' lang='lat' dir='ltr'>Equidem</span> <span class='ocrx_word' id='word_1_28' title='bbox 886 370 968 395; x_wconf 90' lang='lat' dir='ltr'>non</span> <span class='ocrx_word' id='word_1_29' title='bbox 1004 358 1168 410; x_wconf 86' lang='lat' dir='ltr'>ignoro,</span> <span class='ocrx_word' id='word_1_30' title='bbox 1211 355 1360 395; x_wconf 88' lang='lat' dir='ltr'>multos</span> <span class='ocrx_word' id='word_1_31' title='bbox 1405 358 1497 409; x_wconf 89' lang='lat' dir='ltr'>pie-</span> 
     </span>
     <span class='ocr_line' id='line_1_5' title="bbox 47 412 1495 465; baseline -0.001 -13"><span class='ocrx_word' id='word_1_32' title='bbox 47 419 130 452; x_wconf 84' lang='lat' dir='ltr'><strong>tate</strong></span> <span class='ocrx_word' id='word_1_33' title='bbox 157 420 197 452; x_wconf 90' lang='lat' dir='ltr'>et</span> <span class='ocrx_word' id='word_1_34' title='bbox 223 412 405 451; x_wconf 86' lang='lat' dir='ltr'>doctrina</span> <span class='ocrx_word' id='word_1_35' title='bbox 432 419 676 465; x_wconf 80' lang='lat' dir='ltr'><strong>praestantes</strong></span> <span class='ocrx_word' id='word_1_36' title='bbox 695 413 805 451; x_wconf 89' lang='lat' dir='ltr'>viros</span> <span class='ocrx_word' id='word_1_37' title='bbox 831 425 929 459; x_wconf 89' lang='lat' dir='ltr'>esse,</span> <span class='ocrx_word' id='word_1_38' title='bbox 963 414 1033 465; x_wconf 88' lang='lat' dir='ltr'>qui</span> <span class='ocrx_word' id='word_1_39' title='bbox 1057 413 1363 464; x_wconf 86' lang='lat' dir='ltr'>putent,Deum</span> <span class='ocrx_word' id='word_1_40' title='bbox 1383 425 1495 450; x_wconf 89' lang='lat' dir='ltr'>nun-</span> 
     </span>
     <span class='ocr_line' id='line_1_6' title="bbox 27 465 1496 521; baseline -0.001 -15"><span class='ocrx_word' id='word_1_41' title='bbox 27 466 173 521; x_wconf 67' lang='lat' dir='ltr'>vquam</span> <span class='ocrx_word' id='word_1_42' title='bbox 217 467 301 506; x_wconf 91' lang='lat' dir='ltr'>ullo</span> <span class='ocrx_word' id='word_1_43' title='bbox 339 468 539 507; x_wconf 86' lang='lat' dir='ltr'>haeretico</span> <span class='ocrx_word' id='word_1_44' title='bbox 578 474 648 506; x_wconf 85' lang='lat' dir='ltr'>aut</span> <span class='ocrx_word' id='word_1_45' title='bbox 675 467 924 505; x_wconf 89' lang='lat' dir='ltr'>schismatico</span> <span class='ocrx_word' id='word_1_46' title='bbox 968 468 1029 506; x_wconf 84' lang='lat' dir='ltr'>uti</span> <span class='ocrx_word' id='word_1_47' title='bbox 1057 468 1099 506; x_wconf 91' lang='lat' dir='ltr'>in</span> <span class='ocrx_word' id='word_1_48' title='bbox 1128 465 1334 507; x_wconf 85' lang='lat' dir='ltr'>effectione</span> <span class='ocrx_word' id='word_1_49' title='bbox 1370 467 1496 506; x_wconf 89' lang='lat' dir='ltr'>mira-</span> 
     </span>
     <span class='ocr_line' id='line_1_7' title="bbox 48 521 1493 576; baseline -0.001 -14"><span class='ocrx_word' id='word_1_50' title='bbox 48 522 255 571; x_wconf 88' lang='lat' dir='ltr'>culorum,</span> <span class='ocrx_word' id='word_1_51' title='bbox 286 537 332 562; x_wconf 91' lang='lat' dir='ltr'>ac</span> <span class='ocrx_word' id='word_1_52' title='bbox 364 523 532 576; x_wconf 81' lang='lat' dir='ltr'>proinde</span> <span class='ocrx_word' id='word_1_53' title='bbox 565 522 762 576; x_wconf 91' lang='lat' dir='ltr'>quidquid</span> <span class='ocrx_word' id='word_1_54' title='bbox 808 524 850 560; x_wconf 91' lang='lat' dir='ltr'>in</span> <span class='ocrx_word' id='word_1_55' title='bbox 878 521 954 560; x_wconf 90' lang='lat' dir='ltr'>hoc</span> <span class='ocrx_word' id='word_1_56' title='bbox 985 536 1127 576; x_wconf 85' lang='lat' dir='ltr'><strong>genere</strong></span> <span class='ocrx_word' id='word_1_57' title='bbox 1153 522 1325 570; x_wconf 87' lang='lat' dir='ltr'>iactent,</span> <span class='ocrx_word' id='word_1_58' title='bbox 1357 522 1400 561; x_wconf 89' lang='lat' dir='ltr'>id</span> <span class='ocrx_word' id='word_1_59' title='bbox 1428 529 1493 561; x_wconf 84' lang='lat' dir='ltr'>to-</span> 
     </span>
     <span class='ocr_line' id='line_1_8' title="bbox 46 576 1493 626; baseline -0.001 -9"><span class='ocrx_word' id='word_1_60' title='bbox 46 585 136 617; x_wconf 79' lang='lat' dir='ltr'>tum</span> <span class='ocrx_word' id='word_1_61' title='bbox 164 579 481 617; x_wconf 89' lang='lat' dir='ltr'>commentitium</span> <span class='ocrx_word' id='word_1_62' title='bbox 501 608 518 626; x_wconf 88' lang='lat'>,</span> <span class='ocrx_word' id='word_1_63' title='bbox 555 591 705 618; x_wconf 86' lang='lat' dir='ltr'>vanum</span> <span class='ocrx_word' id='word_1_64' title='bbox 739 584 779 615; x_wconf 86' lang='lat' dir='ltr'>et</span> <span class='ocrx_word' id='word_1_65' title='bbox 809 576 1003 617; x_wconf 89' lang='lat' dir='ltr'>frivolum</span> <span class='ocrx_word' id='word_1_66' title='bbox 1047 592 1142 617; x_wconf 89' lang='lat' dir='ltr'>esse.</span> <span class='ocrx_word' id='word_1_67' title='bbox 1197 577 1493 622; x_wconf 87' lang='lat' dir='ltr'>Praedicabant</span> 
     </span>
     <span class='ocr_line' id='line_1_9' title="bbox 47 632 1502 683; baseline 0.001 -11"><span class='ocrx_word' id='word_1_68' title='bbox 47 633 284 673; x_wconf 82' lang='lat' dir='ltr'><strong>Donatistae</strong></span> <span class='ocrx_word' id='word_1_69' title='bbox 313 635 425 674; x_wconf 89' lang='lat' dir='ltr'>varia</span> <span class='ocrx_word' id='word_1_70' title='bbox 452 632 668 683; x_wconf 88' lang='lat' dir='ltr'>miracula,</span> <span class='ocrx_word' id='word_1_71' title='bbox 711 632 781 671; x_wconf 93' lang='lat' dir='ltr'>sed</span> <span class='ocrx_word' id='word_1_72' title='bbox 814 647 861 671; x_wconf 93' lang='lat' dir='ltr'>ea</span> <span class='ocrx_word' id='word_1_73' title='bbox 887 633 1022 671; x_wconf 89' lang='lat' dir='ltr'>omnia</span> <span class='ocrx_word' id='word_1_74' title='bbox 1048 632 1114 673; x_wconf 86' lang='lat' dir='ltr'>vel</span> <span class='ocrx_word' id='word_1_75' title='bbox 1142 639 1188 674; x_wconf 90' lang='lat' dir='ltr'>ut</span> <span class='ocrx_word' id='word_1_76' title='bbox 1215 633 1352 672; x_wconf 87' lang='lat' dir='ltr'>inania</span> <span class='ocrx_word' id='word_1_77' title='bbox 1379 647 1502 674; x_wconf 34' lang='lat' dir='ltr'>com-s</span> 
     </span>
     <span class='ocr_line' id='line_1_10' title="bbox 48 688 1496 740; baseline 0 -12"><span class='ocrx_word' id='word_1_78' title='bbox 48 696 199 737; x_wconf 86' lang='lat' dir='ltr'>menta,</span> <span class='ocrx_word' id='word_1_79' title='bbox 232 688 297 729; x_wconf 89' lang='lat' dir='ltr'>vel</span> <span class='ocrx_word' id='word_1_80' title='bbox 324 696 370 728; x_wconf 89' lang='lat' dir='ltr'>ut</span> <span class='ocrx_word' id='word_1_81' title='bbox 397 703 502 728; x_wconf 87' lang='lat' dir='ltr'>vana</span> <span class='ocrx_word' id='word_1_82' title='bbox 531 688 707 727; x_wconf 91' lang='lat' dir='ltr'>ludibria</span> <span class='ocrx_word' id='word_1_83' title='bbox 727 688 863 727; x_wconf 89' lang='lat' dir='ltr'>reiecit</span> <span class='ocrx_word' id='word_1_84' title='bbox 890 695 1051 726; x_wconf 91' lang='lat' dir='ltr'>sanctus</span> <span class='ocrx_word' id='word_1_85' title='bbox 1076 689 1341 740; x_wconf 83' lang='lat' dir='ltr'>Augustinus,</span> <span class='ocrx_word' id='word_1_86' title='bbox 1376 702 1496 728; x_wconf 90' lang='lat' dir='ltr'>vero-</span> 
     </span>
     <span class='ocr_line' id='line_1_11' title="bbox 48 742 1503 796; baseline -0.001 -13"><span class='ocrx_word' id='word_1_87' title='bbox 48 757 142 784; x_wconf 85' lang='lat' dir='ltr'>rum</span> <span class='ocrx_word' id='word_1_88' title='bbox 181 743 467 783; x_wconf 86' lang='lat' dir='ltr'>miraculorum</span> <span class='ocrx_word' id='word_1_89' title='bbox 506 742 684 796; x_wconf 88' lang='lat' dir='ltr'>alioquin</span> <span class='ocrx_word' id='word_1_90' title='bbox 722 743 1096 782; x_wconf 86' lang='lat' dir='ltr'>observantissimus</span> <span class='ocrx_word' id='word_1_91' title='bbox 1145 750 1184 782; x_wconf 89' lang='lat' dir='ltr'>et</span> <span class='ocrx_word' id='word_1_92' title='bbox 1224 744 1503 783; x_wconf 17' lang='lat' dir='ltr'>severissimus*</span> 
     </span>
     <span class='ocr_line' id='line_1_12' title="bbox 47 797 1495 851; baseline -0.001 -13"><span class='ocrx_word' id='word_1_93' title='bbox 47 799 209 847; x_wconf 81' lang='lat' dir='ltr'>vindex,</span> <span class='ocrx_word' id='word_1_94' title='bbox 241 806 287 838; x_wconf 91' lang='lat' dir='ltr'>ut</span> <span class='ocrx_word' id='word_1_95' title='bbox 317 813 363 838; x_wconf 87' lang='lat' dir='ltr'>ex</span> <span class='ocrx_word' id='word_1_96' title='bbox 393 798 464 838; x_wconf 92' lang='lat' dir='ltr'>lib.</span> <span class='ocrx_word' id='word_1_97' title='bbox 495 813 561 838; x_wconf 83' lang='lat'>22.</span> <span class='ocrx_word' id='word_1_98' title='bbox 593 800 643 837; x_wconf 92' lang='lat' dir='ltr'>de</span> <span class='ocrx_word' id='word_1_99' title='bbox 677 799 838 838; x_wconf 87' lang='lat' dir='ltr'>civitate</span> <span class='ocrx_word' id='word_1_100' title='bbox 869 799 946 837; x_wconf 88' lang='lat' dir='ltr'>Dei</span> <span class='ocrx_word' id='word_1_101' title='bbox 975 797 1118 851; x_wconf 87' lang='lat' dir='ltr'>liquet.</span> <span class='ocrx_word' id='word_1_102' title='bbox 1173 797 1239 836; x_wconf 95' lang='lat' dir='ltr'>Ab</span> <span class='ocrx_word' id='word_1_103' title='bbox 1276 798 1362 841; x_wconf 51' lang='lat' dir='ltr'>¹hac</span> <span class='ocrx_word' id='word_1_104' title='bbox 1401 813 1495 837; x_wconf 87' lang='lat' dir='ltr'>sen-</span> 
     </span>
     <span class='ocr_line' id='line_1_13' title="bbox 48 853 1495 907; baseline 0.001 -15"><span class='ocrx_word' id='word_1_105' title='bbox 48 855 174 894; x_wconf 80' lang='lat' dir='ltr'>tentia</span> <span class='ocrx_word' id='word_1_106' title='bbox 202 861 308 894; x_wconf 88' lang='lat' dir='ltr'>stare</span> <span class='ocrx_word' id='word_1_107' title='bbox 332 854 492 894; x_wconf 88' lang='lat' dir='ltr'>videtur</span> <span class='ocrx_word' id='word_1_108' title='bbox 535 855 801 907; x_wconf 82' lang='lat' dir='ltr'>experientia:</span> <span class='ocrx_word' id='word_1_109' title='bbox 844 868 937 893; x_wconf 92' lang='lat' dir='ltr'>cum</span> <span class='ocrx_word' id='word_1_110' title='bbox 977 855 1085 892; x_wconf 91' lang='lat' dir='ltr'>enim</span> <span class='ocrx_word' id='word_1_111' title='bbox 1124 853 1327 892; x_wconf 89' lang='lat' dir='ltr'>innumeri</span> <span class='ocrx_word' id='word_1_112' title='bbox 1368 867 1495 906; x_wconf 77' lang='lat' dir='ltr'>prope</span> 
     </span>
     <span class='ocr_line' id='line_1_14' title="bbox 48 907 1502 963; baseline 0 -15"><span class='ocrx_word' id='word_1_113' title='bbox 48 908 238 948; x_wconf 88' lang='lat' dir='ltr'>haeretici</span> <span class='ocrx_word' id='word_1_114' title='bbox 266 924 291 949; x_wconf 90' lang='lat' dir='ltr'>a</span> <span class='ocrx_word' id='word_1_115' title='bbox 318 911 449 963; x_wconf 89' lang='lat' dir='ltr'>primo</span> <span class='ocrx_word' id='word_1_116' title='bbox 477 909 674 963; x_wconf 85' lang='lat' dir='ltr'>evangelii</span> <span class='ocrx_word' id='word_1_117' title='bbox 701 917 794 948; x_wconf 91' lang='lat' dir='ltr'>ortu</span> <span class='ocrx_word' id='word_1_118' title='bbox 823 910 1070 960; x_wconf 87' lang='lat' dir='ltr'>exstiterint,</span> <span class='ocrx_word' id='word_1_119' title='bbox 1107 908 1174 947; x_wconf 85' lang='lat' dir='ltr'>vix</span> <span class='ocrx_word' id='word_1_120' title='bbox 1201 915 1335 947; x_wconf 89' lang='lat' dir='ltr'>tamen</span> <span class='ocrx_word' id='word_1_121' title='bbox 1362 907 1502 954; x_wconf 63' lang='lat' dir='ltr'>ullum,</span> 
     </span>
     <span class='ocr_line' id='line_1_15' title="bbox 47 964 1497 1018; baseline -0.002 -14"><span class='ocrx_word' id='word_1_122' title='bbox 47 966 309 1018; x_wconf 82' lang='lat' dir='ltr'><strong>reperiemus,</strong></span> <span class='ocrx_word' id='word_1_123' title='bbox 329 979 450 1018; x_wconf 90' lang='lat' dir='ltr'>quem</span> <span class='ocrx_word' id='word_1_124' title='bbox 477 964 765 1004; x_wconf 83' lang='lat' dir='ltr'>miraculorum</span> <span class='ocrx_word' id='word_1_125' title='bbox 796 966 924 1018; x_wconf 86' lang='lat' dir='ltr'>gratia</span> <span class='ocrx_word' id='word_1_126' title='bbox 966 964 1156 1003; x_wconf 87' lang='lat' dir='ltr'>claruisse</span> <span class='ocrx_word' id='word_1_127' title='bbox 1198 970 1382 1002; x_wconf 88' lang='lat' dir='ltr'>veterum</span> <span class='ocrx_word' id='word_1_128' title='bbox 1420 978 1497 1007; x_wconf 85' lang='lat' dir='ltr'>an-</span> 
     </span>
     <span class='ocr_line' id='line_1_16' title="bbox 47 1017 1496 1073; baseline 0 -14"><span class='ocrx_word' id='word_1_129' title='bbox 47 1019 158 1060; x_wconf 83' lang='lat' dir='ltr'>nales</span> <span class='ocrx_word' id='word_1_130' title='bbox 185 1027 382 1059; x_wconf 84' lang='lat' dir='ltr'><strong>testentur</strong></span> <span class='ocrx_word' id='word_1_131' title='bbox 399 1050 411 1071; x_wconf 93' lang='lat'>,</span> <span class='ocrx_word' id='word_1_132' title='bbox 461 1027 532 1059; x_wconf 86' lang='lat' dir='ltr'>aut</span> <span class='ocrx_word' id='word_1_133' title='bbox 574 1022 606 1059; x_wconf 93' lang='lat' dir='ltr'>si</span> <span class='ocrx_word' id='word_1_134' title='bbox 646 1020 781 1073; x_wconf 89' lang='lat' dir='ltr'>aliqua</span> <span class='ocrx_word' id='word_1_135' title='bbox 808 1018 1002 1058; x_wconf 90' lang='lat' dir='ltr'>miracula</span> <span class='ocrx_word' id='word_1_136' title='bbox 1030 1017 1215 1058; x_wconf 88' lang='lat' dir='ltr'>nonnulli</span> <span class='ocrx_word' id='word_1_137' title='bbox 1243 1018 1382 1058; x_wconf 88' lang='lat' dir='ltr'>fecisse</span> <span class='ocrx_word' id='word_1_138' title='bbox 1420 1019 1496 1059; x_wconf 90' lang='lat' dir='ltr'>visi</span> 
     </span>
     <span class='ocr_line' id='line_1_17' title="bbox 48 1074 1497 1128; baseline -0.001 -14"><span class='ocrx_word' id='word_1_139' title='bbox 48 1083 168 1127; x_wconf 81' lang='lat' dir='ltr'>sunt,</span> <span class='ocrx_word' id='word_1_140' title='bbox 213 1074 274 1114; x_wconf 89' lang='lat' dir='ltr'>illi</span> <span class='ocrx_word' id='word_1_141' title='bbox 303 1082 392 1128; x_wconf 90' lang='lat' dir='ltr'>post</span> <span class='ocrx_word' id='word_1_142' title='bbox 420 1074 650 1128; x_wconf 87' lang='lat' dir='ltr'><strong>diligentem</strong></span> <span class='ocrx_word' id='word_1_143' title='bbox 694 1075 991 1128; x_wconf 85' lang='lat' dir='ltr'>inquisitionem</span> <span class='ocrx_word' id='word_1_144' title='bbox 1021 1082 1061 1113; x_wconf 88' lang='lat' dir='ltr'>et</span> <span class='ocrx_word' id='word_1_145' title='bbox 1089 1075 1376 1126; x_wconf 87' lang='lat' dir='ltr'>inspectionem</span> <span class='ocrx_word' id='word_1_146' title='bbox 1413 1087 1497 1113; x_wconf 90' lang='lat' dir='ltr'>non</span> 
     </span>
     <span class='ocr_line' id='line_1_18' title="bbox 47 1129 1500 1182; baseline 0 -13"><span class='ocrx_word' id='word_1_147' title='bbox 47 1130 338 1170; x_wconf 84' lang='lat' dir='ltr'>miraculorum</span> <span class='ocrx_word' id='word_1_148' title='bbox 369 1129 598 1179; x_wconf 88' lang='lat' dir='ltr'>effectores,</span> <span class='ocrx_word' id='word_1_149' title='bbox 645 1130 715 1170; x_wconf 90' lang='lat' dir='ltr'>sed</span> <span class='ocrx_word' id='word_1_150' title='bbox 742 1130 971 1170; x_wconf 88' lang='lat' dir='ltr'>seductores</span> <span class='ocrx_word' id='word_1_151' title='bbox 1007 1137 1046 1168; x_wconf 87' lang='lat' dir='ltr'>et</span> <span class='ocrx_word' id='word_1_152' title='bbox 1074 1130 1309 1181; x_wconf 86' lang='lat' dir='ltr'>impostores</span> <span class='ocrx_word' id='word_1_153' title='bbox 1350 1129 1500 1182; x_wconf 51' lang='lat' dir='ltr'>depre-¹</span> 
     </span>
     <span class='ocr_line' id='line_1_19' title="bbox 48 1185 1501 1237; baseline 0 -12"><span class='ocrx_word' id='word_1_154' title='bbox 48 1185 163 1225; x_wconf 90' lang='lat' dir='ltr'>hensi</span> <span class='ocrx_word' id='word_1_155' title='bbox 191 1193 300 1236; x_wconf 87' lang='lat' dir='ltr'>sunt,</span> <span class='ocrx_word' id='word_1_156' title='bbox 332 1200 424 1224; x_wconf 87' lang='lat' dir='ltr'>cum</span> <span class='ocrx_word' id='word_1_157' title='bbox 451 1186 491 1225; x_wconf 91' lang='lat' dir='ltr'>in</span> <span class='ocrx_word' id='word_1_158' title='bbox 522 1186 687 1225; x_wconf 90' lang='lat' dir='ltr'>ecclesia</span> <span class='ocrx_word' id='word_1_159' title='bbox 716 1185 912 1224; x_wconf 88' lang='lat' dir='ltr'>catholica</span> <span class='ocrx_word' id='word_1_160' title='bbox 938 1193 978 1224; x_wconf 90' lang='lat' dir='ltr'>et</span> <span class='ocrx_word' id='word_1_161' title='bbox 992 1185 1175 1223; x_wconf 86' lang='lat' dir='ltr'>Romana</span> <span class='ocrx_word' id='word_1_162' title='bbox 1199 1185 1365 1237; x_wconf 86' lang='lat' dir='ltr'>perenni</span> <span class='ocrx_word' id='word_1_163' title='bbox 1397 1186 1501 1225; x_wconf 78' lang='lat' dir='ltr'>serie.</span> 
     </span>
     <span class='ocr_line' id='line_1_20' title="bbox 48 1241 1495 1295; baseline -0.001 -15"><span class='ocrx_word' id='word_1_164' title='bbox 48 1254 257 1295; x_wconf 89' lang='lat' dir='ltr'>nunquam</span> <span class='ocrx_word' id='word_1_165' title='bbox 286 1241 499 1290; x_wconf 86' lang='lat' dir='ltr'>defuerint,</span> <span class='ocrx_word' id='word_1_166' title='bbox 531 1243 600 1294; x_wconf 92' lang='lat' dir='ltr'>qui</span> <span class='ocrx_word' id='word_1_167' title='bbox 632 1255 695 1280; x_wconf 89' lang='lat' dir='ltr'>res</span> <span class='ocrx_word' id='word_1_168' title='bbox 728 1248 837 1279; x_wconf 88' lang='lat' dir='ltr'>extra</span> <span class='ocrx_word' id='word_1_169' title='bbox 865 1254 1026 1280; x_wconf 90' lang='lat' dir='ltr'>omnem</span> <span class='ocrx_word' id='word_1_170' title='bbox 1046 1247 1213 1278; x_wconf 88' lang='lat' dir='ltr'>naturae</span> <span class='ocrx_word' id='word_1_171' title='bbox 1241 1246 1495 1291; x_wconf 88' lang='lat' dir='ltr'>potestatem,</span> 
     </span>
     <span class='ocr_line' id='line_1_21' title="bbox 49 1294 1496 1350; baseline -0.002 -15"><span class='ocrx_word' id='word_1_172' title='bbox 49 1298 333 1350; x_wconf 88' lang='lat' dir='ltr'>omnipotentis</span> <span class='ocrx_word' id='word_1_173' title='bbox 349 1296 486 1335; x_wconf 81' lang='lat' dir='ltr'>dextra</span> <span class='ocrx_word' id='word_1_174' title='bbox 504 1297 646 1346; x_wconf 88' lang='lat' dir='ltr'>adiuti,</span> <span class='ocrx_word' id='word_1_175' title='bbox 666 1295 879 1335; x_wconf 88' lang='lat' dir='ltr'>efficerent.</span> <span class='ocrx_word' id='word_1_176' title='bbox 910 1296 993 1334; x_wconf 92' lang='lat' dir='ltr'>Nec</span> <span class='ocrx_word' id='word_1_177' title='bbox 1010 1295 1143 1334; x_wconf 86' lang='lat' dir='ltr'>obstat</span> <span class='ocrx_word' id='word_1_178' title='bbox 1160 1294 1260 1333; x_wconf 91' lang='lat' dir='ltr'>illud</span> <span class='ocrx_word' id='word_1_179' title='bbox 1273 1294 1420 1338; x_wconf 82' lang='lat' dir='ltr'>Matth.</span> <span class='ocrx_word' id='word_1_180' title='bbox 1432 1295 1496 1335; x_wconf 84' lang='lat'>8.:</span> 
     </span>
     <span class='ocr_line' id='line_1_22' title="bbox 48 1350 1499 1401; baseline -0.001 -10"><span class='ocrx_word' id='word_1_181' title='bbox 48 1351 173 1391; x_wconf 75' lang='lat' dir='ltr'>Multi</span> <span class='ocrx_word' id='word_1_182' title='bbox 199 1353 332 1391; x_wconf 80' lang='lat' dir='ltr'>dicent</span> <span class='ocrx_word' id='word_1_183' title='bbox 364 1353 465 1390; x_wconf 75' lang='lat' dir='ltr'>mihi</span> <span class='ocrx_word' id='word_1_184' title='bbox 491 1353 534 1390; x_wconf 85' lang='lat' dir='ltr'>in</span> <span class='ocrx_word' id='word_1_185' title='bbox 576 1353 656 1391; x_wconf 79' lang='lat' dir='ltr'>illa</span> <span class='ocrx_word' id='word_1_186' title='bbox 689 1351 781 1389; x_wconf 81' lang='lat' dir='ltr'>die.-</span> <span class='ocrx_word' id='word_1_187' title='bbox 811 1351 1014 1401; x_wconf 83' lang='lat' dir='ltr'>Domine,</span> <span class='ocrx_word' id='word_1_188' title='bbox 1045 1350 1250 1398; x_wconf 83' lang='lat' dir='ltr'>Domine,</span> <span class='ocrx_word' id='word_1_189' title='bbox 1302 1364 1430 1389; x_wconf 82' lang='lat' dir='ltr'>nonne</span> <span class='ocrx_word' id='word_1_190' title='bbox 1455 1351 1499 1390; x_wconf 84' lang='lat' dir='ltr'>in</span> 
     </span>
     <span class='ocr_line' id='line_1_23' title="bbox 48 1404 1498 1461; baseline -0.002 -15"><span class='ocrx_word' id='word_1_191' title='bbox 48 1408 208 1446; x_wconf 83' lang='lat' dir='ltr'>nomine</span> <span class='ocrx_word' id='word_1_192' title='bbox 240 1415 304 1446; x_wconf 83' lang='lat' dir='ltr'>tuo</span> <span class='ocrx_word' id='word_1_193' title='bbox 336 1408 662 1461; x_wconf 81' lang='lat' dir='ltr'>prophetavimus</span> <span class='ocrx_word' id='word_1_194' title='bbox 700 1415 738 1445; x_wconf 79' lang='lat' dir='ltr'>ec</span> <span class='ocrx_word' id='word_1_195' title='bbox 767 1408 810 1445; x_wconf 85' lang='lat' dir='ltr'>in</span> <span class='ocrx_word' id='word_1_196' title='bbox 842 1406 1005 1445; x_wconf 84' lang='lat' dir='ltr'>nomine</span> <span class='ocrx_word' id='word_1_197' title='bbox 1040 1414 1104 1444; x_wconf 77' lang='lat' dir='ltr'>tuo</span> <span class='ocrx_word' id='word_1_198' title='bbox 1134 1404 1352 1444; x_wconf 83' lang='lat' dir='ltr'>daemonia</span> <span class='ocrx_word' id='word_1_199' title='bbox 1381 1406 1498 1443; x_wconf 80' lang='lat' dir='ltr'>eieci-</span> 
     </span>
     <span class='ocr_line' id='line_1_24' title="bbox 50 1460 1501 1516; baseline -0.003 -14"><span class='ocrx_word' id='word_1_200' title='bbox 50 1476 135 1502; x_wconf 81' lang='lat' dir='ltr'>mus</span> <span class='ocrx_word' id='word_1_201' title='bbox 150 1471 189 1502; x_wconf 85' lang='lat' dir='ltr'>et</span> <span class='ocrx_word' id='word_1_202' title='bbox 200 1463 361 1501; x_wconf 78' lang='lat' dir='ltr'>virtutes</span> <span class='ocrx_word' id='word_1_203' title='bbox 388 1462 529 1501; x_wconf 82' lang='lat' dir='ltr'>multas</span> <span class='ocrx_word' id='word_1_204' title='bbox 532 1463 710 1516; x_wconf 66' lang='lat' dir='ltr'>ficimzoe</span> <span class='ocrx_word' id='word_1_205' title='bbox 730 1468 807 1501; x_wconf 87' lang='lat' dir='ltr'>etc.</span> <span class='ocrx_word' id='word_1_206' title='bbox 866 1460 1024 1512; x_wconf 87' lang='lat' dir='ltr'>Quibus</span> <span class='ocrx_word' id='word_1_207' title='bbox 1055 1460 1236 1500; x_wconf 88' lang='lat' dir='ltr'>dicetur:</span> <span class='ocrx_word' id='word_1_208' title='bbox 1278 1460 1501 1514; x_wconf 48' lang='lat' dir='ltr'>Nunquam,</span> 
     </span>
     <span class='ocr_line' id='line_1_25' title="bbox 49 1515 1494 1570; baseline -0.001 -14"><span class='ocrx_word' id='word_1_209' title='bbox 49 1517 146 1557; x_wconf 82' lang='lat' dir='ltr'>novi</span> <span class='ocrx_word' id='word_1_210' title='bbox 179 1529 384 1556; x_wconf 75' lang='lat' dir='ltr'>vos:‘nou</span> <span class='ocrx_word' id='word_1_211' title='bbox 416 1519 523 1555; x_wconf 89' lang='lat' dir='ltr'>enim</span> <span class='ocrx_word' id='word_1_212' title='bbox 554 1517 790 1570; x_wconf 84' lang='lat' dir='ltr'>intelligitur</span> <span class='ocrx_word' id='word_1_213' title='bbox 817 1516 868 1555; x_wconf 92' lang='lat' dir='ltr'>de</span> <span class='ocrx_word' id='word_1_214' title='bbox 900 1516 1109 1555; x_wconf 86' lang='lat' dir='ltr'>haereticis</span> <span class='ocrx_word' id='word_1_215' title='bbox 1141 1523 1181 1554; x_wconf 88' lang='lat' dir='ltr'>et</span> <span class='ocrx_word' id='word_1_216' title='bbox 1221 1515 1494 1564; x_wconf 85' lang='lat' dir='ltr'>schismaticis,</span> 
     </span>
     <span class='ocr_line' id='line_1_26' title="bbox 49 1570 1500 1625; baseline -0.002 -14"><span class='ocrx_word' id='word_1_217' title='bbox 49 1572 120 1612; x_wconf 85' lang='lat' dir='ltr'>sed</span> <span class='ocrx_word' id='word_1_218' title='bbox 147 1571 197 1612; x_wconf 91' lang='lat' dir='ltr'>de</span> <span class='ocrx_word' id='word_1_219' title='bbox 224 1572 455 1611; x_wconf 85' lang='lat' dir='ltr'>orthodoxis</span> <span class='ocrx_word' id='word_1_220' title='bbox 486 1572 579 1624; x_wconf 88' lang='lat' dir='ltr'>illis,</span> <span class='ocrx_word' id='word_1_221' title='bbox 608 1575 691 1625; x_wconf 90' lang='lat' dir='ltr'>qui,</span> <span class='ocrx_word' id='word_1_222' title='bbox 716 1574 801 1611; x_wconf 88' lang='lat' dir='ltr'>vita</span> <span class='ocrx_word' id='word_1_223' title='bbox 826 1572 1008 1624; x_wconf 89' lang='lat' dir='ltr'>improbe</span> <span class='ocrx_word' id='word_1_224' title='bbox 1033 1578 1250 1621; x_wconf 84' lang='lat' dir='ltr'>transacta,</span> <span class='ocrx_word' id='word_1_225' title='bbox 1267 1570 1365 1609; x_wconf 86' lang='lat' dir='ltr'>hinc</span> <span class='ocrx_word' id='word_1_226' title='bbox 1388 1577 1500 1609; x_wconf 87' lang='lat' dir='ltr'>extra</span> 
     </span>
     <span class='ocr_line' id='line_1_27' title="bbox 49 1625 1497 1680; baseline -0.001 -14"><span class='ocrx_word' id='word_1_227' title='bbox 49 1628 200 1680; x_wconf 86' lang='lat' dir='ltr'>gratiae</span> <span class='ocrx_word' id='word_1_228' title='bbox 235 1634 382 1666; x_wconf 87' lang='lat' dir='ltr'>statum</span> <span class='ocrx_word' id='word_1_229' title='bbox 422 1628 609 1680; x_wconf 85' lang='lat' dir='ltr'>migrant.</span> <span class='ocrx_word' id='word_1_230' title='bbox 667 1625 816 1668; x_wconf 85' lang='lat' dir='ltr'>Videat</span> <span class='ocrx_word' id='word_1_231' title='bbox 851 1626 976 1666; x_wconf 83' lang='lat' dir='ltr'>lector</span> <span class='ocrx_word' id='word_1_232' title='bbox 1015 1625 1258 1665; x_wconf 85' lang='lat' dir='ltr'>cardinalem</span> <span class='ocrx_word' id='word_1_233' title='bbox 1287 1625 1497 1665; x_wconf 89' lang='lat' dir='ltr'>Bellarmi-</span> 
     </span>
     <span class='ocr_line' id='line_1_28' title="bbox 49 1679 1496 1735; baseline -0.001 -14"><span class='ocrx_word' id='word_1_234' title='bbox 49 1696 149 1722; x_wconf 90' lang='lat' dir='ltr'>num</span> <span class='ocrx_word' id='word_1_235' title='bbox 178 1681 281 1721; x_wconf 92' lang='lat' dir='ltr'>libro</span> <span class='ocrx_word' id='word_1_236' title='bbox 309 1681 348 1734; x_wconf 73' lang='grc'>4.</span> <span class='ocrx_word' id='word_1_237' title='bbox 393 1682 442 1721; x_wconf 91' lang='lat' dir='ltr'>de</span> <span class='ocrx_word' id='word_1_238' title='bbox 469 1682 634 1722; x_wconf 88' lang='lat' dir='ltr'>ecclesia</span> <span class='ocrx_word' id='word_1_239' title='bbox 661 1696 748 1735; x_wconf 89' lang='lat' dir='ltr'>cap.</span> <span class='ocrx_word' id='word_1_240' title='bbox 785 1681 848 1734; x_wconf 67' lang='lat'>14.</span> <span class='ocrx_word' id='word_1_241' title='bbox 934 1682 1091 1732; x_wconf 86' lang='lat' dir='ltr'>Quodsi</span> <span class='ocrx_word' id='word_1_242' title='bbox 1118 1681 1216 1720; x_wconf 90' lang='lat' dir='ltr'>haec</span> <span class='ocrx_word' id='word_1_243' title='bbox 1255 1683 1392 1734; x_wconf 91' lang='lat' dir='ltr'>opinio</span> <span class='ocrx_word' id='word_1_244' title='bbox 1421 1679 1496 1720; x_wconf 90' lang='lat' dir='ltr'>ali-</span> 
     </span>
     <span class='ocr_line' id='line_1_29' title="bbox 49 1735 1496 1791; baseline -0.002 -15"><span class='ocrx_word' id='word_1_245' title='bbox 49 1738 115 1777; x_wconf 81' lang='lat' dir='ltr'>cui</span> <span class='ocrx_word' id='word_1_246' title='bbox 145 1739 276 1777; x_wconf 90' lang='lat' dir='ltr'>minus</span> <span class='ocrx_word' id='word_1_247' title='bbox 304 1738 478 1776; x_wconf 88' lang='lat' dir='ltr'>arrideat</span> <span class='ocrx_word' id='word_1_248' title='bbox 507 1738 813 1791; x_wconf 87' lang='lat' dir='ltr'>contendatque,</span> <span class='ocrx_word' id='word_1_249' title='bbox 845 1738 978 1776; x_wconf 90' lang='lat' dir='ltr'>Deum</span> <span class='ocrx_word' id='word_1_250' title='bbox 1004 1736 1220 1790; x_wconf 84' lang='lat' dir='ltr'>aliquando</span> <span class='ocrx_word' id='word_1_251' title='bbox 1249 1738 1369 1774; x_wconf 89' lang='lat' dir='ltr'>etiam</span> <span class='ocrx_word' id='word_1_252' title='bbox 1396 1735 1496 1774; x_wconf 80' lang='lat' dir='ltr'>bae-</span> 
     </span>
     <span class='ocr_line' id='line_1_30' title="bbox 49 1791 1496 1845; baseline -0.001 -14"><span class='ocrx_word' id='word_1_253' title='bbox 49 1793 184 1832; x_wconf 83' lang='lat' dir='ltr'>reticis</span> <span class='ocrx_word' id='word_1_254' title='bbox 212 1800 251 1832; x_wconf 90' lang='lat' dir='ltr'>et</span> <span class='ocrx_word' id='word_1_255' title='bbox 287 1793 546 1832; x_wconf 83' lang='lat' dir='ltr'>schismaticis</span> <span class='ocrx_word' id='word_1_256' title='bbox 587 1807 649 1832; x_wconf 90' lang='lat' dir='ltr'>res</span> <span class='ocrx_word' id='word_1_257' title='bbox 699 1807 819 1845; x_wconf 88' lang='lat' dir='ltr'>supra</span> <span class='ocrx_word' id='word_1_258' title='bbox 857 1800 1044 1831; x_wconf 89' lang='lat' dir='ltr'>naturam</span> <span class='ocrx_word' id='word_1_259' title='bbox 1073 1791 1217 1844; x_wconf 85' lang='lat' dir='ltr'>agendi</span> <span class='ocrx_word' id='word_1_260' title='bbox 1261 1791 1496 1830; x_wconf 86' lang='lat' dir='ltr'>facultatem</span> 
     </span>
     <span class='ocr_line' id='line_1_31' title="bbox 49 1845 1495 1902; baseline -0.001 -16"><span class='ocrx_word' id='word_1_261' title='bbox 49 1845 203 1902; x_wconf 86' lang='lat' dir='ltr'>largiri,</span> <span class='ocrx_word' id='word_1_262' title='bbox 237 1849 270 1887; x_wconf 90' lang='lat' dir='ltr'>is</span> <span class='ocrx_word' id='word_1_263' title='bbox 302 1850 358 1887; x_wconf 88' lang='lat' dir='ltr'>ita</span> <span class='ocrx_word' id='word_1_264' title='bbox 387 1850 530 1887; x_wconf 87' lang='lat' dir='ltr'>sentiat</span> <span class='ocrx_word' id='word_1_265' title='bbox 558 1849 671 1888; x_wconf 90' lang='lat' dir='ltr'>lieet:</span> <span class='ocrx_word' id='word_1_266' title='bbox 712 1855 893 1887; x_wconf 87' lang='lat' dir='ltr'>auctores</span> <span class='ocrx_word' id='word_1_267' title='bbox 923 1850 1028 1886; x_wconf 91' lang='lat' dir='ltr'>enim</span> <span class='ocrx_word' id='word_1_268' title='bbox 1054 1877 1064 1894; x_wconf 97' lang='lat'>,</span> <span class='ocrx_word' id='word_1_269' title='bbox 1105 1845 1254 1898; x_wconf 89' lang='lat' dir='ltr'>quibus</span> <span class='ocrx_word' id='word_1_270' title='bbox 1286 1860 1327 1886; x_wconf 90' lang='lat' dir='ltr'>se</span> <span class='ocrx_word' id='word_1_271' title='bbox 1355 1846 1495 1884; x_wconf 89' lang='lat' dir='ltr'>defen-</span> 
     </span>
     <span class='ocr_line' id='line_1_32' title="bbox 49 1901 1492 1956; baseline -0.002 -14"><span class='ocrx_word' id='word_1_272' title='bbox 49 1903 132 1954; x_wconf 88' lang='lat' dir='ltr'>dat,</span> <span class='ocrx_word' id='word_1_273' title='bbox 163 1903 312 1942; x_wconf 90' lang='lat' dir='ltr'>habere</span> <span class='ocrx_word' id='word_1_274' title='bbox 341 1903 501 1943; x_wconf 87' lang='lat' dir='ltr'>videtur</span> <span class='ocrx_word' id='word_1_275' title='bbox 527 1911 709 1943; x_wconf 88' lang='lat' dir='ltr'>sanctum</span> <span class='ocrx_word' id='word_1_276' title='bbox 739 1904 1072 1956; x_wconf 87' lang='lat' dir='ltr'>Chrysostomum</span> <span class='ocrx_word' id='word_1_277' title='bbox 1098 1908 1137 1940; x_wconf 91' lang='lat' dir='ltr'>et</span> <span class='ocrx_word' id='word_1_278' title='bbox 1165 1901 1433 1955; x_wconf 87' lang='lat' dir='ltr'>Euthymium</span> <span class='ocrx_word' id='word_1_279' title='bbox 1451 1901 1492 1940; x_wconf 91' lang='lat' dir='ltr'>in</span> 
     </span>
     <span class='ocr_line' id='line_1_33' title="bbox 49 1956 1494 2012; baseline -0.001 -16"><span class='ocrx_word' id='word_1_280' title='bbox 49 1971 134 2012; x_wconf 91' lang='lat' dir='ltr'>cap.</span> <span class='ocrx_word' id='word_1_281' title='bbox 166 1972 207 2011; x_wconf 89' lang='lat'>7.</span> <span class='ocrx_word' id='word_1_282' title='bbox 251 1959 462 2007; x_wconf 86' lang='lat' dir='ltr'>Matthaei,</span> <span class='ocrx_word' id='word_1_283' title='bbox 493 1959 643 1998; x_wconf 89' lang='lat' dir='ltr'>Bedam</span> <span class='ocrx_word' id='word_1_284' title='bbox 672 1966 711 1998; x_wconf 88' lang='lat' dir='ltr'>et</span> <span class='ocrx_word' id='word_1_285' title='bbox 737 1957 1087 2011; x_wconf 85' lang='lat' dir='ltr'>Theophylactum</span> <span class='ocrx_word' id='word_1_286' title='bbox 1117 1956 1159 1995; x_wconf 89' lang='lat' dir='ltr'>in</span> <span class='ocrx_word' id='word_1_287' title='bbox 1187 1971 1270 2009; x_wconf 86' lang='lat' dir='ltr'>cap.</span> <span class='ocrx_word' id='word_1_288' title='bbox 1299 1971 1340 2011; x_wconf 86' lang='lat'>9.</span> <span class='ocrx_word' id='word_1_289' title='bbox 1365 1956 1494 1995; x_wconf 89' lang='lat' dir='ltr'>Marci</span> 
     </span>
     <span class='ocr_line' id='line_1_34' title="bbox 49 2012 1493 2068; baseline -0.001 -16"><span class='ocrx_word' id='word_1_290' title='bbox 49 2020 89 2052; x_wconf 88' lang='lat' dir='ltr'>et</span> <span class='ocrx_word' id='word_1_291' title='bbox 117 2019 299 2053; x_wconf 90' lang='lat' dir='ltr'>sanctum</span> <span class='ocrx_word' id='word_1_292' title='bbox 328 2014 601 2068; x_wconf 86' lang='lat' dir='ltr'>Augustinum</span> <span class='ocrx_word' id='word_1_293' title='bbox 629 2013 700 2056; x_wconf 88' lang='lat' dir='ltr'>lib.</span> <span class='ocrx_word' id='word_1_294' title='bbox 713 2014 754 2063; x_wconf 74' lang='grc'>4.</span> <span class='ocrx_word' id='word_1_295' title='bbox 779 2014 829 2052; x_wconf 89' lang='lat' dir='ltr'>de</span> <span class='ocrx_word' id='word_1_296' title='bbox 857 2027 1052 2052; x_wconf 89' lang='lat' dir='ltr'>consensu</span> <span class='ocrx_word' id='word_1_297' title='bbox 1069 2012 1316 2065; x_wconf 84' lang='lat' dir='ltr'>Evangelist.</span> <span class='ocrx_word' id='word_1_298' title='bbox 1336 2025 1424 2064; x_wconf 87' lang='lat' dir='ltr'>cap.</span> <span class='ocrx_word' id='word_1_299' title='bbox 1440 2012 1493 2060; x_wconf 71' lang='lat'>5„</span> 
     </span>
     <span class='ocr_line' id='line_1_35' title="bbox 49 2068 1493 2123; baseline -0.001 -16"><span class='ocrx_word' id='word_1_300' title='bbox 49 2069 119 2121; x_wconf 86' lang='lat' dir='ltr'>qui</span> <span class='ocrx_word' id='word_1_301' title='bbox 142 2069 390 2108; x_wconf 88' lang='lat' dir='ltr'>arbitrantur</span> <span class='ocrx_word' id='word_1_302' title='bbox 427 2069 569 2120; x_wconf 91' lang='lat' dir='ltr'>illum,</span> <span class='ocrx_word' id='word_1_303' title='bbox 608 2071 678 2123; x_wconf 89' lang='lat' dir='ltr'>qui</span> <span class='ocrx_word' id='word_1_304' title='bbox 714 2068 842 2107; x_wconf 88' lang='lat' dir='ltr'>Marci</span> <span class='ocrx_word' id='word_1_305' title='bbox 870 2083 909 2121; x_wconf 87' lang='lat'>9.</span> <span class='ocrx_word' id='word_1_306' title='bbox 945 2076 984 2107; x_wconf 88' lang='lat' dir='ltr'>et</span> <span class='ocrx_word' id='word_1_307' title='bbox 1014 2069 1148 2107; x_wconf 90' lang='lat' dir='ltr'>Lucae</span> <span class='ocrx_word' id='word_1_308' title='bbox 1176 2081 1216 2120; x_wconf 87' lang='lat'>9.</span> <span class='ocrx_word' id='word_1_309' title='bbox 1253 2068 1293 2106; x_wconf 90' lang='lat' dir='ltr'>in</span> <span class='ocrx_word' id='word_1_310' title='bbox 1327 2068 1493 2106; x_wconf 90' lang='lat' dir='ltr'>nomine</span> 
     </span>
     <span class='ocr_line' id='line_1_36' title="bbox 49 2122 1492 2177; baseline -0.001 -15"><span class='ocrx_word' id='word_1_311' title='bbox 49 2123 200 2163; x_wconf 89' lang='lat' dir='ltr'>Christi</span> <span class='ocrx_word' id='word_1_312' title='bbox 225 2124 432 2164; x_wconf 89' lang='lat' dir='ltr'>daemonia</span> <span class='ocrx_word' id='word_1_313' title='bbox 458 2125 642 2164; x_wconf 88' lang='lat' dir='ltr'>eiiciehat</span> <span class='ocrx_word' id='word_1_314' title='bbox 667 2132 706 2164; x_wconf 89' lang='lat' dir='ltr'>et</span> <span class='ocrx_word' id='word_1_315' title='bbox 742 2124 794 2163; x_wconf 83' lang='lat' dir='ltr'>ab</span> <span class='ocrx_word' id='word_1_316' title='bbox 814 2124 1000 2177; x_wconf 90' lang='lat' dir='ltr'>apostolis</span> <span class='ocrx_word' id='word_1_317' title='bbox 1033 2122 1261 2176; x_wconf 90' lang='lat' dir='ltr'>prohibitus</span> <span class='ocrx_word' id='word_1_318' title='bbox 1284 2122 1383 2172; x_wconf 83' lang='lat' dir='ltr'>fuit,</span> <span class='ocrx_word' id='word_1_319' title='bbox 1418 2136 1492 2161; x_wconf 87' lang='lat' dir='ltr'>nec</span> 
     </span>
     <span class='ocr_line' id='line_1_37' title="bbox 47 2179 1492 2233; baseline -0.002 -15"><span class='ocrx_word' id='word_1_320' title='bbox 47 2179 127 2218; x_wconf 83' lang='lat' dir='ltr'>fide</span> <span class='ocrx_word' id='word_1_321' title='bbox 147 2194 220 2219; x_wconf 90' lang='lat' dir='ltr'>nec</span> <span class='ocrx_word' id='word_1_322' title='bbox 249 2194 418 2233; x_wconf 89' lang='lat' dir='ltr'>corpore</span> <span class='ocrx_word' id='word_1_323' title='bbox 440 2180 589 2220; x_wconf 90' lang='lat' dir='ltr'>Christi</span> <span class='ocrx_word' id='word_1_324' title='bbox 617 2179 868 2232; x_wconf 91' lang='lat' dir='ltr'>disciplinam</span> <span class='ocrx_word' id='word_1_325' title='bbox 895 2186 1076 2218; x_wconf 90' lang='lat' dir='ltr'>secutum</span> <span class='ocrx_word' id='word_1_326' title='bbox 1107 2192 1207 2218; x_wconf 87' lang='lat' dir='ltr'>esse.</span> <span class='ocrx_word' id='word_1_327' title='bbox 1265 2179 1492 2230; x_wconf 86' lang='lat' dir='ltr'>Utcumque</span> 
     </span>
     <span class='ocr_line' id='line_1_38' title="bbox 49 2233 1492 2290; baseline -0.002 -17"><span class='ocrx_word' id='word_1_328' title='bbox 49 2233 114 2282; x_wconf 82' lang='lat' dir='ltr'>sit,</span> <span class='ocrx_word' id='word_1_329' title='bbox 146 2234 224 2274; x_wconf 92' lang='lat' dir='ltr'>hoc</span> <span class='ocrx_word' id='word_1_330' title='bbox 242 2235 364 2275; x_wconf 89' lang='lat' dir='ltr'>fixum</span> <span class='ocrx_word' id='word_1_331' title='bbox 398 2243 611 2290; x_wconf 86' lang='lat' dir='ltr'>ratumque</span> <span class='ocrx_word' id='word_1_332' title='bbox 636 2242 809 2282; x_wconf 87' lang='lat' dir='ltr'>maneat,</span> <span class='ocrx_word' id='word_1_333' title='bbox 842 2249 929 2275; x_wconf 90' lang='lat' dir='ltr'>eam</span> <span class='ocrx_word' id='word_1_334' title='bbox 958 2241 1196 2288; x_wconf 85' lang='lat' dir='ltr'>potestatem</span> <span class='ocrx_word' id='word_1_335' title='bbox 1220 2247 1302 2272; x_wconf 90' lang='lat' dir='ltr'>non</span> <span class='ocrx_word' id='word_1_336' title='bbox 1327 2233 1492 2272; x_wconf 90' lang='lat' dir='ltr'>concedi</span> 
     </span>
     <span class='ocr_line' id='line_1_39' title="bbox 48 2287 1492 2343; baseline -0.001 -15"><span class='ocrx_word' id='word_1_337' title='bbox 48 2289 91 2328; x_wconf 85' lang='lat' dir='ltr'>in</span> <span class='ocrx_word' id='word_1_338' title='bbox 113 2290 454 2330; x_wconf 83' lang='lat' dir='ltr'>confirmationem</span> <span class='ocrx_word' id='word_1_339' title='bbox 477 2292 675 2343; x_wconf 89' lang='lat' dir='ltr'>falsitatis,</span> <span class='ocrx_word' id='word_1_340' title='bbox 702 2290 766 2330; x_wconf 91' lang='lat' dir='ltr'>vel</span> <span class='ocrx_word' id='word_1_341' title='bbox 787 2292 829 2329; x_wconf 91' lang='lat' dir='ltr'>in</span> <span class='ocrx_word' id='word_1_342' title='bbox 859 2290 1133 2329; x_wconf 87' lang='lat' dir='ltr'>testimonium</span> <span class='ocrx_word' id='word_1_343' title='bbox 1156 2288 1375 2328; x_wconf 88' lang='lat' dir='ltr'>sanctitatis</span> <span class='ocrx_word' id='word_1_344' title='bbox 1395 2287 1492 2326; x_wconf 89' lang='lat' dir='ltr'>hae-</span> 
     </span>
     <span class='ocr_line' id='line_1_40' title="bbox 49 2344 1510 2405; baseline -0.002 -21"><span class='ocrx_word' id='word_1_345' title='bbox 49 2346 161 2384; x_wconf 85' lang='lat' dir='ltr'>retici</span> <span class='ocrx_word' id='word_1_346' title='bbox 189 2353 260 2385; x_wconf 88' lang='lat' dir='ltr'>aut</span> <span class='ocrx_word' id='word_1_347' title='bbox 285 2346 542 2397; x_wconf 87' lang='lat' dir='ltr'>schismatici,</span> <span class='ocrx_word' id='word_1_348' title='bbox 571 2347 642 2400; x_wconf 87' lang='lat' dir='ltr'>qui</span> <span class='ocrx_word' id='word_1_349' title='bbox 678 2360 724 2385; x_wconf 90' lang='lat' dir='ltr'>ea</span> <span class='ocrx_word' id='word_1_350' title='bbox 746 2359 866 2397; x_wconf 84' lang='lat' dir='ltr'>opera</span> <span class='ocrx_word' id='word_1_351' title='bbox 895 2345 1065 2399; x_wconf 87' lang='lat' dir='ltr'>perficit,</span> <span class='ocrx_word' id='word_1_352' title='bbox 1097 2358 1191 2383; x_wconf 88' lang='lat' dir='ltr'>cum</span> <span class='ocrx_word' id='word_1_353' title='bbox 1214 2344 1325 2382; x_wconf 89' lang='lat' dir='ltr'>nulla</span> <span class='ocrx_word' id='word_1_354' title='bbox 1345 2344 1510 2405; x_wconf 39' lang='lat' dir='ltr'>sancti-7&lt;</span> 
     </span>
     <span class='ocr_line' id='line_1_41' title="bbox 47 2397 1493 2454; baseline -0.002 -15"><span class='ocrx_word' id='word_1_355' title='bbox 47 2406 130 2440; x_wconf 87' lang='lat' dir='ltr'>tate</span> <span class='ocrx_word' id='word_1_356' title='bbox 159 2401 210 2440; x_wconf 87' lang='lat' dir='ltr'>sit</span> <span class='ocrx_word' id='word_1_357' title='bbox 239 2402 458 2454; x_wconf 88' lang='lat' dir='ltr'>praeditus,</span> <span class='ocrx_word' id='word_1_358' title='bbox 492 2402 562 2441; x_wconf 91' lang='lat' dir='ltr'>sed</span> <span class='ocrx_word' id='word_1_359' title='bbox 589 2402 675 2441; x_wconf 87' lang='lat' dir='ltr'>dari</span> <span class='ocrx_word' id='word_1_360' title='bbox 699 2415 723 2440; x_wconf 91' lang='lat' dir='ltr'>a</span> <span class='ocrx_word' id='word_1_361' title='bbox 753 2402 840 2440; x_wconf 90' lang='lat' dir='ltr'>Deo</span> <span class='ocrx_word' id='word_1_362' title='bbox 873 2401 924 2440; x_wconf 91' lang='lat' dir='ltr'>ad</span> <span class='ocrx_word' id='word_1_363' title='bbox 957 2401 1133 2454; x_wconf 88' lang='lat' dir='ltr'>aliquam</span> <span class='ocrx_word' id='word_1_364' title='bbox 1156 2399 1359 2452; x_wconf 84' lang='lat' dir='ltr'>publicam</span> <span class='ocrx_word' id='word_1_365' title='bbox 1387 2397 1493 2436; x_wconf 90' lang='lat' dir='ltr'>utili-</span> 
     </span>
     <span class='ocr_line' id='line_1_42' title="bbox 46 2454 1491 2510; baseline -0.001 -16"><span class='ocrx_word' id='word_1_366' title='bbox 46 2461 184 2506; x_wconf 82' lang='lat' dir='ltr'>tatem,</span> <span class='ocrx_word' id='word_1_367' title='bbox 215 2464 262 2496; x_wconf 91' lang='lat' dir='ltr'>ut</span> <span class='ocrx_word' id='word_1_368' title='bbox 293 2464 352 2496; x_wconf 86' lang='lat' dir='ltr'>est</span> <span class='ocrx_word' id='word_1_369' title='bbox 379 2458 506 2510; x_wconf 87' lang='lat' dir='ltr'>gratia</span> <span class='ocrx_word' id='word_1_370' title='bbox 529 2458 724 2503; x_wconf 88' lang='lat' dir='ltr'>sanitatis,</span> <span class='ocrx_word' id='word_1_371' title='bbox 759 2457 997 2496; x_wconf 79' lang='lat' dir='ltr'>nominatim</span> <span class='ocrx_word' id='word_1_372' title='bbox 1028 2456 1098 2495; x_wconf 88' lang='lat' dir='ltr'>illa</span> <span class='ocrx_word' id='word_1_373' title='bbox 1118 2454 1287 2494; x_wconf 88' lang='lat' dir='ltr'>curandi</span> <span class='ocrx_word' id='word_1_374' title='bbox 1319 2461 1491 2492; x_wconf 85' lang='lat' dir='ltr'>strumas</span> 
     </span>
     <span class='ocr_line' id='line_1_43' title="bbox 48 2508 1491 2566; baseline -0.002 -17"><span class='ocrx_word' id='word_1_375' title='bbox 48 2523 233 2551; x_wconf 87' lang='lat' dir='ltr'>concessa</span> <span class='ocrx_word' id='word_1_376' title='bbox 259 2513 417 2565; x_wconf 82' lang='lat' dir='ltr'>regibus</span> <span class='ocrx_word' id='word_1_377' title='bbox 445 2513 642 2552; x_wconf 88' lang='lat' dir='ltr'>Franciae</span> <span class='ocrx_word' id='word_1_378' title='bbox 663 2519 702 2552; x_wconf 91' lang='lat' dir='ltr'>et</span> <span class='ocrx_word' id='word_1_379' title='bbox 731 2511 916 2566; x_wconf 86' lang='lat' dir='ltr'>Angliae,</span> <span class='ocrx_word' id='word_1_380' title='bbox 947 2526 1051 2565; x_wconf 87' lang='lat' dir='ltr'>quae</span> <span class='ocrx_word' id='word_1_381' title='bbox 1079 2510 1211 2549; x_wconf 90' lang='lat' dir='ltr'>adhuc</span> <span class='ocrx_word' id='word_1_382' title='bbox 1243 2510 1363 2548; x_wconf 83' lang='lat' dir='ltr'>etiam</span> <span class='ocrx_word' id='word_1_383' title='bbox 1384 2508 1491 2561; x_wconf 88' lang='lat' dir='ltr'>apud</span> 
     </span>
     <span class='ocr_line' id='line_1_44' title="bbox 47 2563 1493 2621; baseline -0.002 -17"><span class='ocrx_word' id='word_1_384' title='bbox 47 2579 130 2604; x_wconf 87' lang='lat' dir='ltr'>non</span> <span class='ocrx_word' id='word_1_385' title='bbox 173 2567 388 2607; x_wconf 86' lang='lat' dir='ltr'>catholicos</span> <span class='ocrx_word' id='word_1_386' title='bbox 432 2568 660 2607; x_wconf 89' lang='lat' dir='ltr'>Britanniae</span> <span class='ocrx_word' id='word_1_387' title='bbox 708 2581 819 2621; x_wconf 86' lang='lat' dir='ltr'>reges</span> <span class='ocrx_word' id='word_1_388' title='bbox 860 2567 1006 2607; x_wconf 84' lang='lat' dir='ltr'>durare</span> <span class='ocrx_word' id='word_1_389' title='bbox 1050 2566 1222 2615; x_wconf 83' lang='lat' dir='ltr'>dicitur,</span> <span class='ocrx_word' id='word_1_390' title='bbox 1266 2571 1312 2602; x_wconf 89' lang='lat' dir='ltr'>ut</span> <span class='ocrx_word' id='word_1_391' title='bbox 1354 2563 1493 2607; x_wconf 88' lang='lat' dir='ltr'>scribit</span> 
     </span>
     <span class='ocr_line' id='line_1_45' title="bbox 47 2618 1492 2671; baseline -0.002 -12"><span class='ocrx_word' id='word_1_392' title='bbox 47 2620 293 2662; x_wconf 85' lang='lat' dir='ltr'>wilhelmus</span> <span class='ocrx_word' id='word_1_393' title='bbox 323 2624 505 2663; x_wconf 86' lang='lat' dir='ltr'>Toocker</span> <span class='ocrx_word' id='word_1_394' title='bbox 534 2625 576 2663; x_wconf 91' lang='lat' dir='ltr'>in</span> <span class='ocrx_word' id='word_1_395' title='bbox 608 2623 728 2671; x_wconf 80' lang='lat' dir='ltr'>libro,</span> <span class='ocrx_word' id='word_1_396' title='bbox 765 2624 832 2662; x_wconf 91' lang='lat' dir='ltr'>cui</span> <span class='ocrx_word' id='word_1_397' title='bbox 875 2623 1016 2662; x_wconf 89' lang='lat' dir='ltr'>titulus</span> <span class='ocrx_word' id='word_1_398' title='bbox 1046 2621 1255 2660; x_wconf 75' lang='lat' dir='ltr'>charisma</span> <span class='ocrx_word' id='word_1_399' title='bbox 1306 2619 1388 2658; x_wconf 89' lang='lat' dir='ltr'>sive</span> <span class='ocrx_word' id='word_1_400' title='bbox 1419 2618 1492 2657; x_wconf 87' lang='lat' dir='ltr'>do-</span> 
     </span>
     <span class='ocr_line' id='line_1_46' title="bbox 20 2673 1493 2728; baseline -0.003 -14"><span class='ocrx_word' id='word_1_401' title='bbox 20 2679 142 2714; x_wconf 77' lang='lat' dir='ltr'>&#39;rucm</span> <span class='ocrx_word' id='word_1_402' title='bbox 169 2679 404 2728; x_wconf 75' lang='lat' dir='ltr'>sanationis,</span> <span class='ocrx_word' id='word_1_403' title='bbox 448 2678 542 2718; x_wconf 87' lang='lat' dir='ltr'>licet</span> <span class='ocrx_word' id='word_1_404' title='bbox 570 2679 854 2718; x_wconf 86' lang='lat' dir='ltr'>Genebrardus</span> <span class='ocrx_word' id='word_1_405' title='bbox 888 2680 930 2717; x_wconf 93' lang='lat' dir='ltr'>in</span> <span class='ocrx_word' id='word_1_406' title='bbox 965 2675 1222 2727; x_wconf 87' lang='lat' dir='ltr'>chronologia</span> <span class='ocrx_word' id='word_1_407' title='bbox 1257 2675 1389 2720; x_wconf 87' lang='lat' dir='ltr'>dicat,</span> <span class='ocrx_word' id='word_1_408' title='bbox 1419 2673 1493 2710; x_wconf 93' lang='lat' dir='ltr'>do-</span> 
     </span>
     <span class='ocr_line' id='line_1_47' title="bbox 49 2727 1492 2788; baseline -0.001 -19"><span class='ocrx_word' id='word_1_409' title='bbox 49 2742 148 2770; x_wconf 89' lang='lat' dir='ltr'>num</span> <span class='ocrx_word' id='word_1_410' title='bbox 175 2730 252 2772; x_wconf 88' lang='lat' dir='ltr'>hoc</span> <span class='ocrx_word' id='word_1_411' title='bbox 275 2732 426 2788; x_wconf 73' lang='lat' dir='ltr'>aliquot</span> <span class='ocrx_word' id='word_1_412' title='bbox 460 2735 653 2775; x_wconf 80' lang='lat' dir='ltr'>duntaxat</span> <span class='ocrx_word' id='word_1_413' title='bbox 686 2748 827 2788; x_wconf 79' lang='lat' dir='ltr'>regum</span> <span class='ocrx_word' id='word_1_414' title='bbox 860 2747 961 2787; x_wconf 87' lang='lat' dir='ltr'>esse,</span> <span class='ocrx_word' id='word_1_415' title='bbox 986 2746 1068 2773; x_wconf 85' lang='lat' dir='ltr'>non</span> <span class='ocrx_word' id='word_1_416' title='bbox 1101 2731 1295 2775; x_wconf 83' lang='lat' dir='ltr'>omnium.</span> <span class='ocrx_word' id='word_1_417' title='bbox 1349 2727 1429 2770; x_wconf 86' lang='lat' dir='ltr'>Sed</span> <span class='ocrx_word' id='word_1_418' title='bbox 1442 2727 1492 2767; x_wconf 91' lang='lat' dir='ltr'>sit</span> 
     </span>
    </p>
   </div>
  </div>
 </body>
</html>
