1794 3158
324 115 431 170 522
884 136 1298 179 Assoi-Ancum

320 248 419 277 otor
437 230 575 288 ἔλεγον
594 229 699 276 εἶναι
716 266 728 285 ,
756 236 796 276 εἶ
819 233 932 289 παρὰ
967 237 1040 290 τῆς
1065 237 1354 290 αἰχμαλωσίας
1381 238 1454 278 καί
1477 236 1559 278 τῶν
1585 234 1756 291 βαρβά-ι,

321 305 406 343 ρων
440 289 621 346 μελῳδοί
654 289 727 331 καί
761 291 940 331 τοιοῦτοι
974 290 1219 345 κατάγονται
1250 295 1348 344 παρ’
1364 292 1518 340 αὐτοῖς.
1574 294 1666 334 ἐπεὶ
1701 294 1757 334 δὲ

319 346 393 398 τῆς
415 342 510 399 νηὸς
537 346 596 392 εἰς
632 342 708 399 τὴν
747 347 823 399 γῆν
858 345 1080 400 κατιούσης
1119 347 1159 387 Γ
1157 343 1346 400 ρηγόριος
1392 343 1413 386 ὃ
1449 350 1562 394 θεῖος
1597 345 1750 400 σύναγε

320 401 376 465 τῷ
398 397 647 453 πληρώματι
675 401 757 440 τῶν
789 402 953 441 ναυτῶν
985 401 1274 453 ἀποβαίνοντες
1317 403 1569 454 καθωρῶντο
1602 402 1750 453 μόνοι,

320 469 409 496 τοτε
457 451 507 506 δὴ
546 454 620 494 καί
652 452 690 495 οἱ
722 457 796 507 τῆς
824 453 946 509 ἱερᾶς
979 457 1133 511 ἐκείνης
1167 456 1277 513 (ιόὃῆς
1315 455 1517 510 ἀκροαταὶ
1555 457 1630 497 καί
1668 459 1753 498 τῶν

321 506 464 560 ὕμνων
488 509 695 562 συνῆκαν,
733 510 790 558 ὥς
846 511 921 550 οὐκ
955 511 1241 564 ἀνθρωπίνης,
1285 510 1372 552 ἀλλ’
1397 511 1611 564 α’γγελικῆς
1644 506 1757 566 ἦσαν

261 615 267 622 ‚
321 563 458 604 ἐκεῖνα
490 562 704 614 δυνάμεως
730 563 854 620 ἔργα,
893 568 972 606 τοῦ
999 567 1102 606 θεοῦ
1139 567 1397 617 θαυμαστῶς
1434 561 1652 606 κάνταῦθα
1682 564 1758 606 τὸν

321 614 480 658 ἑαυτοῦ
505 620 760 671 βουλομένου
783 617 971 670 δοξάζειν
993 618 1242 675 θεράποντα.
1301 622 1410 662 Haec
1439 621 1679 662 Philotheus
1704 621 1757 660 de

321 673 489 714 Palama
507 703 518 723 ‚
560 689 663 729 quae
705 677 841 716 credat
889 677 1059 716 Iudaeus
1103 676 1268 730 Apella,
1311 691 1391 716 non
1420 691 1492 730 ego
1510 707 1521 725 ‚
1571 679 1664 730 quia
1694 675 1759 715 vel

321 737 546 770 commenta
575 729 640 770 vel
671 731 868 772 malorum
895 735 1106 787 spirituum
1134 733 1392 772 schismaticis
1413 731 1667 773 illudentium
1695 730 1760 771 lu-

323 784 452 824 dibria
486 799 641 825 censeo.

430 841 591 880 Graecis
604 841 794 881 miracula
814 841 1050 882 iactantibus
1064 848 1104 882 et
1115 841 1314 882 miraculis
1331 841 1500 882 schisma
1519 854 1636 882 suum
1654 841 1760 880 tueri

322 902 362 935 et
389 909 575 935 excusare
604 897 895 946 adnitentibus,
929 897 1034 937 idem
1061 897 1381 951 respondendum
1412 904 1472 937 est
1491 926 1502 943 ,
1522 895 1630 950 quod
1661 895 1759 936 olim

320 959 480 990 sanctus
493 951 739 1004 Augustinus
754 952 958 1006 respondit
980 951 1177 992 Petiliano
1190 952 1294 991 libro
1311 953 1360 991 de
1392 953 1543 991 unitate
1555 951 1759 999 ecclesiae,

321 1021 410 1060 cap.
431 1006 518 1046 16.:
552 1006 716 1046 Omissis
740 1009 822 1046 istis
852 1022 1052 1047 morarum
1081 1008 1286 1047 tendiculis
1302 1037 1315 1057 ,
1341 1007 1519 1047 ostendat
1544 1006 1761 1058 (schisma-

320 1063 443 1114 ticus)
473 1062 675 1101 ecclesiam
700 1063 770 1102 vel
787 1064 829 1102 in
855 1064 940 1102 sola
962 1062 1107 1116 Africa
1131 1063 1346 1114 (Graecia)
1360 1063 1530 1117 perditis
1552 1070 1608 1100 tot
1636 1062 1764 1113 genti-

323 1117 393 1155 bus
423 1117 673 1156 retinendam
691 1147 702 1168 ,
744 1119 812 1157 vel
842 1133 895 1157 ex
916 1117 1063 1171 Africa
1105 1119 1316 1168 (Graecia)
1335 1119 1376 1156 in
1398 1117 1574 1156 omnihus
1591 1115 1763 1168 gentibus

325 1172 590 1226 reparandam
615 1181 652 1211 et
666 1171 968 1227 adimplendam
986 1203 996 1222 ,
1020 1182 1057 1212 et
1081 1175 1136 1212 sic
1156 1174 1346 1222 ostendat,
1368 1181 1410 1211 ut
1427 1186 1506 1211 non.
1531 1171 1644 1210 dicat
1663 1200 1675 1221 ,
1693 1185 1763 1209 ve-

324 1241 412 1266 rum
437 1236 492 1266 est
507 1257 517 1274 ,
539 1229 636 1280 quia
668 1228 739 1266 hoc
766 1243 836 1280 ego
857 1229 946 1268 dico
958 1258 974 1276 ,
991 1236 1060 1267 aut
1080 1229 1176 1283 quia
1196 1230 1272 1267 hoc
1289 1228 1401 1267 dixit
1417 1227 1486 1265 ille
1509 1226 1659 1277 collega
1679 1240 1763 1264 me-

326 1297 369 1321 us
386 1312 396 1329 ‚
429 1291 500 1321 aut
523 1283 589 1320 illi
611 1284 785 1335 collegae
803 1285 882 1322 mei
908 1292 978 1322 aut
1004 1284 1072 1322 illi
1105 1284 1280 1339 episcopi
1300 1283 1367 1322 vel
1401 1282 1535 1320 clerici
1568 1281 1637 1320 vel
1666 1281 1768 1326 laici

325 1338 475 1383 nostri,
504 1346 572 1376 aut
597 1338 684 1376 ideo
708 1353 844 1377 verum
873 1349 951 1389 est,
988 1339 1083 1394 quia
1128 1339 1202 1377 illa
1249 1347 1287 1377 et
1322 1337 1397 1376 illa
1433 1336 1633 1375 mirabilia
1657 1336 1766 1387 fecit

327 1392 503 1432 Donatus
525 1393 592 1431 vel
613 1393 778 1431 Pontius
800 1393 1005 1441 (Palamas
1024 1392 1086 1432 vel
1100 1393 1358 1443 Philotheus)
1376 1393 1444 1430 vel
1459 1391 1618 1446 quilibet
1635 1391 1762 1439 alius,

323 1457 394 1486 aut
414 1449 509 1502 quia
552 1449 725 1486 homines
749 1448 810 1486 ad
841 1450 1049 1488 memorias
1076 1457 1316 1487 mortuorum
1345 1455 1564 1485 nostrorum
1597 1447 1766 1495 (mona-

323 1502 490 1541 chorum
519 1504 663 1542 montis
683 1502 814 1554 Atho)
835 1513 951 1542 orant
963 1512 1000 1542 et
1022 1503 1313 1553 exaudiuntur,
1336 1510 1404 1540 aut
1423 1502 1518 1555 quia
1537 1501 1611 1539 illa
1634 1510 1672 1539 et
1692 1500 1768 1539 illa

324 1558 383 1596 ibi
401 1560 648 1610 contingunt,
685 1566 754 1596 aut
780 1559 878 1612 quia
906 1559 975 1597 ille
987 1556 1124 1610 frater
1149 1567 1278 1597 noster
1300 1565 1372 1595 aut
1393 1570 1505 1595 soror
1530 1564 1662 1594 nostra
1687 1555 1769 1593 tale

324 1614 454 1652 visum
484 1614 658 1666 vigilans
688 1613 813 1661 vidit,
845 1615 914 1652 vel
937 1614 1015 1652 tale
1049 1613 1175 1651 visum
1206 1613 1406 1652 dormiens
1434 1612 1657 1651 somniavit.
1688 1610 1770 1648 Re-

323 1677 561 1707 moveantur
581 1669 656 1706 ista
692 1669 759 1706 vel
768 1668 969 1721 figmenta
997 1667 1250 1707 mendacium
1279 1668 1477 1706 hominum
1514 1666 1580 1704 vel
1601 1673 1767 1719 porten-

323 1732 363 1762 ta
368 1723 590 1774 fallacium
615 1723 820 1777 spirituum
838 1742 848 1762 .·
880 1733 947 1762 aut
974 1725 1081 1762 enim
1111 1737 1189 1762 non
1223 1731 1309 1761 sunt
1331 1735 1448 1770 vera,
1484 1735 1584 1776 quae
1624 1721 1769 1759 dicun-

324 1787 413 1829 tur,
434 1787 502 1817 aut
521 1779 556 1816 si
580 1778 872 1817 haereticorum
900 1781 960 1830 (et
979 1773 1343 1827 schismaticorum)
1372 1777 1511 1831 aliqua
1528 1775 1633 1814 mira
1644 1775 1770 1826 jacta

322 1842 435 1884 sunt,
466 1834 594 1886 magis
623 1847 768 1872 cavere
794 1834 972 1872 debemus
1003 1841 1078 1875 etc.
1137 1833 1268 1872 Porro
1296 1833 1331 1871 si
1361 1832 1504 1886 aliquis
1531 1831 1574 1868 in
1601 1831 1771 1868 haereti-

323 1902 459 1928 corum
492 1890 554 1938 (et
574 1888 939 1939 schismaticorum)
969 1888 1170 1927 memoriis
1201 1902 1320 1926 orans
1344 1886 1584 1935 exauditur,
1599 1899 1678 1924 non
1688 1898 1773 1938 pro

324 1944 466 1982 merito
479 1944 576 1991 loci,
595 1943 666 1982 sed
685 1957 763 1997 pro
791 1945 930 1983 merito
954 1943 1147 1982 desiderii
1164 1944 1226 1981 sui
1245 1943 1385 1996 recipit
1407 1942 1490 1979 sive
1517 1940 1666 1979 malum
1682 1941 1769 1977 sive

325 1997 466 2037 bonum
483 2005 557 2037 etc.
593 1998 734 2037 Nonne
749 1999 913 2051 legimus
936 1999 989 2038 ab
1003 1999 1087 2052 ipso
1102 1998 1276 2037 Domino
1305 1998 1393 2036 Deo
1407 1995 1615 2034 nonnullos
1645 2007 1774 2037 exau-ff

324 2053 427 2092 ditos
454 2055 497 2092 in
524 2054 687 2092 excelsis
708 2055 894 2092 montium
914 2053 1089 2093 Iudaeae
1109 2083 1119 2100 ,
1136 2067 1235 2108 quae
1262 2061 1397 2091 tamen
1425 2050 1581 2089 excelsa
1599 2051 1660 2088 ita
1686 2049 1773 2087 dis-

321 2108 523 2162 plicebant
551 2109 662 2158 Deo,
704 2118 747 2147 ut
771 2123 877 2161 reges
891 2138 902 2158 ‚
940 2109 1009 2163 qui
1036 2122 1087 2147 ea
1116 2123 1194 2146 non
1224 2114 1466 2152 everterent,
1506 2105 1771 2158 culparentur,

325 2171 364 2201 et
391 2163 460 2217 qui
483 2171 717 2213 everterent,
745 2164 1018 2202 laudarentur.
1070 2162 1182 2202 Unde
1211 2162 1453 2213 intelligitur,
1488 2161 1614 2212 magis
1642 2159 1776 2197 valere

321 2218 486 2272 petentis
513 2216 718 2270 affectum,
754 2232 878 2272 quam
899 2220 1098 2272 petitionis
1125 2219 1263 2257 locum.
1322 2217 1384 2255 De
1409 2216 1503 2254 visis
1530 2223 1657 2252 autem
1674 2214 1776 2264 fal-

327 2272 475 2310 lacibus
500 2272 654 2324 legant,
682 2287 783 2328 quae
811 2275 958 2327 scrzpta
985 2283 1072 2312 sunt
1089 2303 1099 2320 ‚
1140 2282 1179 2311 et
1204 2273 1299 2326 quia
1327 2273 1408 2325 ipse
1441 2270 1619 2308 Satanas
1646 2277 1777 2307 trans-

307 2327 474 2383 figurat
498 2340 539 2365 se
571 2335 772 2380 tamquam
799 2329 983 2380 angelum
1026 2329 1121 2366 lucis
1136 2357 1147 2378 ,
1187 2336 1225 2365 et
1250 2328 1344 2381 quia
1371 2326 1510 2364 multos
1540 2323 1779 2362 seduxerunt

324 2383 478 2422 somnia
509 2396 579 2420 sua
595 2412 606 2431 ‚
640 2382 812 2420 audiant
837 2385 956 2422 etiam
972 2413 983 2432 ,
1023 2397 1122 2437 quae
1151 2390 1313 2421 narrent
1348 2381 1501 2435 pagani
1541 2379 1590 2417 de
1620 2378 1777 2430 templis

324 2446 363 2476 et
387 2437 465 2475 diis
491 2437 570 2475 suis
597 2437 833 2474 mirabiliter
856 2439 924 2475 vel
933 2438 1057 2488 sacta
1075 2439 1143 2476 vel
1167 2439 1280 2484 visa,
1303 2445 1342 2475 et
1371 2445 1502 2474 tamen
1521 2433 1585 2471 dii
1601 2433 1775 2484 genitium

324 2492 536 2531 daemonia
552 2521 564 2539 ,
602 2490 797 2530 Dominus
833 2501 961 2530 autem
1004 2494 1130 2531 coelos
1159 2493 1284 2543 fecit.
1344 2489 1633 2528 Exaudiuntur
1679 2500 1776 2537 ergo

326 2547 442 2585 multi
477 2556 515 2585 et
539 2547 670 2585 multis
710 2547 804 2584 locis
817 2575 829 2594 ,
882 2561 961 2584 non
996 2548 1118 2585 solum
1160 2546 1374 2584 Christiani
1398 2543 1612 2591 catholici,
1639 2541 1710 2579 sed
1734 2549 1774 2580 et

326 2602 483 2655 pagani
520 2609 559 2639 et
586 2601 728 2640 Iudaei
756 2610 793 2639 et
821 2602 1006 2639 haeretici
1043 2602 1168 2639 variis
1196 2601 1387 2638 erroribus
1425 2607 1463 2636 et
1493 2597 1773 2650 szqyerstitioni-

326 2656 392 2694 bus
421 2655 562 2697 dediti.
619 2656 904 2694 Eaeaudiuntur
929 2665 1054 2694 autem
1092 2656 1158 2694 vel
1183 2670 1209 2693 a
1246 2653 1446 2708 spiritibus
1483 2651 1746 2690 seductoribus
1759 2680 1778 2700 ,

335 2712 404 2765 qui
437 2720 573 2750 tamen
614 2712 716 2750 nillil
741 2712 905 2763 fizciunt
924 2739 936 2763 ,
976 2712 1054 2750 nisi
1087 2711 1390 2763 permittantur,
1436 2708 1521 2746 Deo
1561 2707 1778 2745 sublimiter
