1800 3164
488 158 863 204 msTomARUM
901 163 972 203 ιν.
1003 164 1044 208 7.
1420 143 1494 217 47

64 264 165 315 ἔνιοι
183 266 230 308 δὲ
261 263 409 317 αὐτῶν,
440 259 553 313 ὅσοις
580 262 601 305 ὃ
628 267 717 318 βίος
743 265 930 319 ταραχῆς
957 264 1172 311 α’νάπλεως
1200 265 1274 305 καί
1306 261 1499 319 1θορυβοίη
1511 269 1598 303 ΑΟ.
1616 270 1700 315 ι347

45 320 140 387 ’δης
167 326 218 385 ἦν
237 364 247 382 ,
284 328 573 386 ἧσυχάσαντες
599 332 671 372 ἐπὶ
694 329 874 386 μικρὸν,
902 329 1044 371 ἔπειτα
1072 331 1305 371 Ματθαῖον
1331 328 1500 371 ἔπεισαν

62 396 137 440 τὸν
162 398 368 451 βασιλέως
394 393 508 447 υἱὸν,
535 395 840 449 Διδυμότειχον
864 394 939 436 καί
971 395 1046 450 τὴν
1069 396 1289 450 Ἀδριανοῦ
1327 395 1401 436 καί
1425 393 1502 444 τοὶς

62 461 163 519 περὶ
187 460 294 505 αὐτὰ
323 463 518 515 πολίχνας
546 467 786 515 κατασχεῖν,
808 462 920 503 ἰδίαν
940 462 1251 516 συστησάμενον
1277 460 1500 515 ἡγεμονίαν

23 530 52 572 {5
62 531 150 582 μετ’
165 529 316 570 αὐτῶν.
350 525 559 582 πρόφασις
581 528 627 568 δὲ
653 522 707 581 ἧν
725 529 800 577 καί
825 525 930 581 πρὸς
958 530 1111 568 ἐκεῖνον
1139 527 1212 582 τῆς
1241 526 1501 576 ἅποστασίας

62 599 148 643 τοῖς
175 599 469 644 στασιασταῖς,
509 589 574 634 ὅτι
606 590 807 646 βασιλεύς
839 591 860 633 ὁ
887 590 1024 647 πατηρ
1052 592 1157 645 μετὰ
1197 591 1294 642 τούς
1320 596 1501 648 μυρίους

30 699 44 705 ..
59 659 211 708 πόνους
238 661 310 701 καί
336 658 555 708 κινδύνους
582 657 656 700 καί
679 657 753 715 την
779 657 935 714 πολλὴν
957 655 1172 708 ἀπόδειξιν
1189 661 1265 713 τῆς
1292 662 1350 709 εἰς
1370 657 1499 702 αὐτὸν

61 724 245 779 εὐνοίας,
266 724 360 767 ἐπεὶ
385 727 664 780 περιεγένοντο
684 727 767 767 τῶν
786 723 995 778 πολεμίων
1007 727 1080 780 ,τῇ
1108 725 1207 781 περί
1217 728 1393 778 βασιλέα
1409 726 1498 769 Ἰω-

56 791 188 846 ὀἱννην
205 789 279 833 τὸν
295 786 485 847 γαμβρόν
502 792 643 848 εὐνοία
661 787 712 832 οὗ
728 789 857 844 μόνον
878 792 1047 844 ἐκεῖνον,
1063 786 1168 832 ἀλλὰ
1192 790 1265 832 καί
1284 791 1381 841 τούς
1402 790 1500 847 περὶ
1510 799 1540 831 D

0 873 48 908 10
61 858 194 903 αὐτὸν
216 853 403 908 ἅπαντας
434 858 715 913 προτιμήσαι,
731 856 804 899 καὶ
820 855 870 899 τά
895 872 939 898 τε
970 851 1068 899 ὄντα
1079 857 1226 906 αὐτοῖς
1245 855 1321 898 ὑπ’
1331 858 1499 900 ἐκείνων

56 923 254 981 πρότερον
280 924 552 979 ἡρπασμένα,
581 924 658 965 ούκ
682 923 844 966 ἐάσειεν
871 917 1316 977 α’πολαμβάνειν,οἷλλ’
1327 923 1498 978 ἔχοντας

17 1042 19 1045 .
55 991 269 1048 περιορᾷν,
294 986 517 1044 ἴνόἷλγῶσι
547 994 721 1044 μᾶλλον,
751 992 823 1032 καί
841 991 980 1032 πᾶσαν
1006 988 1207 1045 πρόνοιαν
1233 996 1393 1032 ποιοῖτο
1421 990 1496 1046 τήν

55 1059 304 1100 δυναστείαν
329 1058 386 1115 τῷ
420 1058 496 1114 νέῳ
522 1060 694 1110 βασιλεῖ’
719 1062 974 1112 περιποιεῖν·
1006 1054 1054 1107 ὃς
1078 1056 1153 1098 καί
1177 1060 1252 1099 νῦν
1279 1056 1383 1111 μετὰ
1414 1059 1496 1100 τῶν

54 1122 362 1179 προσκειμένων
395 1122 606 1178 ἀθετήσας
642 1120 742 1172 τούς
784 1119 935 1179 ὅρκους
955 1154 967 1173 ,
1010 1120 1253 1176 βουλεύσειε
1293 1125 1499 1179 δρασμόν.

0 1185 86 1234 ιόοἳ
112 1189 153 1230 εἰ
176 1187 420 1243 προύχώρει
451 1187 556 1230 κατὰ
585 1188 776 1244 γνώμην,
798 1190 922 1231 ου’δὲν
949 1184 1001 1230 ἂν
1026 1186 1207 1230 ἐκώλυεν
1234 1183 1363 1239 αὖθις
1388 1186 1498 1232 εἶναι

53 1255 100 1296 ἐν
126 1256 323 1307 πολέμοις
349 1256 423 1296 καί
448 1255 701 1297 κινδυνεύειν
729 1256 804 1296 καί
837 1254 934 1311 περὶ
958 1256 1031 1310 τῆς
1059 1257 1272 1310 σωτηρίας
1300 1251 1431 1298 αὖτόν
1453 1271 1498 1298 τε

53 1321 126 1362 καί
164 1318 328 1369 πάντας
365 1318 519 1369 αὐτούς
556 1318 722 1373 ὁμοίως.
779 1317 809 1362 ἂ
847 1323 1036 1363 ἐκέλευον
1061 1319 1191 1364 αὐτὸν
1219 1322 1265 1363 ἐν
1302 1324 1498 1378 φροντίδι

51 1387 247 1438 niffen-fiae,
274 1387 349 1428 καί
388 1384 449 1441 μή
480 1381 615 1435 οὕτως
642 1386 955 1443 ἀπερισκέπτως
983 1389 1066 1429 τῶν
1090 1385 1296 1430 κινδύνων
1325 1392 1498 1446 περιμέ-

51 1466 137 1494 νειν
162 1450 233 1494 τὸν
256 1450 431 1507 καιρὸν,
464 1451 707 1509 πράττοντα
725 1454 857 1508 μηδὲν
884 1452 956 1494 ὑπ’
974 1453 1178 1506 α’βουλιῖις
1191 1486 1204 1506 ,
1247 1453 1353 1497 ἄλλα
1391 1457 1494 1512 πρό-
1505 1462 1539 1497 Ρ.
1555 1475 1623 1510 729

0 1515 169 1563 ιονοιάν
207 1533 301 1559 τινα
341 1519 476 1560 αὐτοῦ
517 1521 731 1560 ποιεῖσθαι
771 1519 845 1560 καί
881 1513 1044 1571 αὐτῶν,
1073 1520 1138 1572 ἵν’,
1167 1520 1206 1561 εἰ
1230 1520 1430 1574 βασιλεὺς
1473 1521 1496 1565 ὃ

51 1583 242 1638 γαμβρὸς
269 1585 425 1637 γένοιτο
454 1586 527 1639 τῆς
556 1584 691 1640 ἀρχῆς
718 1583 885 1640 ἁπάσης
911 1582 1140 1642 ἐγκρατής,
1176 1580 1204 1640 ἢ
1232 1587 1310 1627 τοῦ
1339 1587 1500 1643 πατρὸς

14 1701 18 1704 ⁴
49 1651 256 1701 βασιλέως
282 1646 624 1704 τελευτήσαντος,
656 1645 684 1706 ἢ
711 1649 851 1709 τρόπῳ
884 1651 936 1706 δή
963 1667 1049 1693 τινι
1077 1649 1227 1710 ἑτέρῳ,
1249 1649 1329 1704 ἔξω
1356 1654 1497 1695 κινδύ-

50 1729 132 1755 νων
161 1712 291 1762 αύτὸς
321 1714 427 1767 μετὰ
455 1717 539 1756 τῶν
567 1718 701 1771 φίλων
729 1715 808 1771 εἴη.
861 1719 970 1772 μηδὲ
997 1716 1077 1771 γὰρ
1109 1715 1278 1760 οἴεσθαί
1298 1733 1398 1761 ποτε
1426 1721 1499 1761 εὕ-

51 1777 213 1834 νοησειν
258 1779 372 1836 αὐτῷ
406 1783 584 1833 βασιλέα
618 1782 690 1822 τὸν
717 1781 936 1835 γαμβρὸν,
965 1783 1057 1823 ἀλλ’
1076 1783 1334 1836 ἀμυνεῖσθαι
1358 1782 1497 1827 πάντα

149 1863 199 1886 ιο.
216 1853 451 1899 προτιμήσοι
473 1853 507 1886 Ρ.
589 1853 638 1886 15.
663 1853 827 1887 ἐκώλυον
852 1855 885 1887 Ρ.
965 1856 1014 1889 ι6.
1041 1857 1104 1888 καὶ
1129 1860 1213 1889 ante
1243 1856 1333 1901 περὶ
1355 1866 1425 1888 om.
1446 1857 1495 1891 M.

51 1918 130 1957 alii,
158 1915 322 1950 homines
351 1916 389 1948 in
417 1917 514 1950 omni
541 1917 612 1950 vita
636 1917 842 1950 turbulenti
869 1928 910 1950 ac
934 1917 1121 1958 seditiosi,
1146 1928 1226 1950 cum
1253 1928 1399 1961 pausam
1427 1919 1496 1952 ali-

52 1970 223 2011 quantam
249 1963 431 2003 fecissent,
459 1963 683 1997 Matthacum
710 1963 826 1997 fllium
852 1964 1096 2004 induxerunt,
1123 1969 1163 1997 ut
1186 1964 1496 2008 Didymotichum,

51 2010 325 2054 Adrianopolim
361 2014 396 2042 et
432 2011 470 2045 in
509 2010 662 2043 circuitu
705 2010 880 2056 oppidula
925 2017 1136 2055 occuparet,
1186 2013 1350 2058 ipsisque
1387 2013 1494 2046 adiu-

50 2057 241 2099 vantibus,
280 2058 465 2101 proprium
498 2058 742 2102 principatum
768 2057 948 2090 fundaret.
998 2058 1173 2091 Factiosis
1207 2058 1253 2090 ad
1289 2059 1393 2091 illum
1429 2059 1494 2092 de-

51 2103 194 2138 ficiendi
229 2104 504 2138 invitamentum
540 2108 577 2136 et
608 2106 749 2138 occasio
789 2109 884 2141 erat,
921 2103 1019 2150 quod
1054 2111 1157 2148 pater
1186 2106 1384 2149 imperator
1410 2111 1494 2150 post

50 2151 149 2184 mille
174 2149 316 2183 labores
342 2156 452 2195 atque
482 2150 644 2196 pericula
682 2156 719 2184 et
749 2161 904 2184 amorem
938 2152 1173 2195 praecipuum
1209 2162 1291 2196 erga
1329 2162 1391 2185 eos
1423 2152 1493 2186 de-

50 2201 310 2237 monstratum,
333 2196 499 2231 hostibus
526 2197 694 2237 devictis,
733 2199 908 2231 loannem
934 2208 1124 2239 generum,
1163 2209 1229 2231 nec
1253 2199 1356 2232 illum
1385 2198 1492 2232 dum-

48 2249 161 2284 taxat,
187 2244 249 2277 sed
274 2243 470 2278 familiares
495 2245 572 2278 eius
598 2255 722 2277 omnes
746 2244 1001 2278 benevolentia
1026 2244 1236 2288 praeferret,
1265 2257 1332 2279 nec
1356 2246 1492 2280 sineret

50 2290 160 2330 hona,
188 2290 321 2337 quibus
346 2296 466 2324 essent
489 2290 534 2324 ab
560 2292 636 2324 illis
661 2291 839 2331 mulctati,
864 2291 1046 2334 recipere,
1072 2291 1135 2324 sed
1166 2293 1323 2326 retinere
1355 2303 1396 2325 ea
1428 2304 1494 2338 pa-

50 2343 206 2375 teretur,
245 2338 422 2380 despectis
449 2338 514 2379 iis,
547 2338 610 2383 qui
634 2338 842 2377 amiserant,
868 2342 909 2371 ut
931 2337 1099 2371 dolerent
1123 2338 1298 2382 amplius,
1324 2345 1360 2372 et
1384 2342 1493 2373 enixe

50 2384 255 2422 laboraret,
283 2389 323 2416 ut
348 2384 558 2430 imperatori
587 2385 723 2418 iuniori
749 2384 941 2428 imperium
967 2391 1207 2425 conservaret,
1234 2387 1298 2430 qui
1324 2391 1360 2419 et
1382 2398 1492 2428 nunc,

51 2431 180 2475 spretis
204 2430 427 2470 iuramentis,
451 2442 530 2465 cum
556 2437 660 2464 coetu
686 2441 750 2463 suo
781 2432 898 2476 fugam
915 2431 1171 2465 meditaretur:
1214 2431 1317 2475 Quae
1344 2433 1374 2466 si
1396 2433 1494 2466 irent

50 2487 94 2510 ex
117 2478 307 2515 sententia,
339 2477 435 2511 nihil
458 2477 695 2518 obstiturum,
719 2478 810 2523 quin
836 2478 967 2510 iterum
996 2477 1134 2510 henum
1160 2478 1341 2519 habeant,
1365 2480 1492 2524 perin-

51 2522 96 2556 de
126 2534 192 2562 ue,
221 2527 262 2555 ut
288 2529 393 2557 antea
410 2548 419 2564 ,
443 2535 523 2558 cum
562 2525 641 2568 ipso
667 2535 790 2558 omnes
818 2524 863 2558 de
887 2524 1004 2558 salute
1030 2525 1255 2558 contendant
1291 2526 1345 2559 De
1367 2526 1426 2559 -his
1453 2531 1494 2559 ut

50 2569 206 2603 solicite
238 2570 423 2614 cogitaret,
458 2581 524 2603 nec
555 2571 593 2603 in
623 2571 698 2605 otio
733 2571 844 2604 stulto
872 2570 1139 2605 inconsiderate
1167 2572 1320 2616 periculi
1349 2577 1491 2616 tempus

50 2620 283 2659 exspectaret,
307 2618 525 2658 monebant,
553 2616 616 2649 scd
653 2617 800 2651 sibimet
836 2618 986 2662 illisque
1019 2618 1260 2662 prospiceret,
1287 2623 1340 2659 ut,
1365 2619 1394 2651 si
1423 2621 1493 2651 im-

50 2666 205 2706 perator,
231 2663 380 2696 maritus
398 2665 544 2703 sororis,
569 2664 626 2697 vel
648 2669 790 2697 mortuo
816 2671 931 2708 patre,
955 2665 1011 2697 vel
1035 2665 1108 2697 alio
1132 2664 1289 2710 quodam
1308 2665 1413 2699 modo
1435 2671 1491 2697 to—

51 2706 124 2740 tius
149 2708 289 2753 imperii
314 2715 442 2754 potens
468 2710 662 2750 evaderet,
685 2711 762 2755 ipse
787 2722 866 2743 cum
894 2712 1016 2744 amicis
1043 2715 1142 2744 extra
1168 2711 1361 2744 discrimen
1386 2715 1491 2744 esset.

51 2752 106 2787 Ne
133 2754 228 2788 enim
249 2755 435 2800 loannem,
457 2758 711 2804 imperatorem
736 2762 774 2793 ct
797 2757 950 2801 affinem,
977 2768 1136 2803 unquam
1158 2758 1228 2792 sibi
1243 2759 1395 2792 amicum
1413 2756 1490 2791 fore
