1794 3158
318 137 430 196 506
759 174 764 180 ⁴
871 159 1288 202 ANNOTA‘noNsss

313 267 503 314 piomptu
535 268 594 302 est
624 262 849 315 responsio·
878 262 1015 300 variae
1044 268 1137 300 sunt
1166 262 1415 315 operationes
1445 262 1553 311 Dei,
1585 260 1738 299 virtua-

314 314 406 356 liter
435 324 475 356 et
516 317 669 356 ratione
709 317 914 355 variorum
948 315 1196 355 effectuum·
1186 345 1198 366 ‚
1238 331 1319 356 una
1355 324 1487 355 autem
1530 322 1588 355 est
1619 329 1743 367 eaque

312 370 598 423 simplicissima
625 373 778 410 ratione
803 385 896 410 suae
922 372 1122 419 entitatis,
1153 381 1256 424 quae
1276 385 1368 410 cum
1396 371 1545 409 infinita
1571 371 1637 416 sit,
1659 383 1739 407 non

313 433 375 465 &st
401 440 528 479 opus,
561 433 607 465 ut
634 425 947 479 multiplicetur,
979 428 1126 480 quippe
1163 440 1266 480 quae
1305 425 1474 465 sufficiat
1510 425 1562 463 ad
1602 437 1741 464 omnes

313 482 479 520 omnino
511 481 670 520 effectus
695 481 998 534 producendos,
1031 493 1131 536 quos
1163 480 1447 536 multiplicatae
1480 482 1522 520 in
1548 480 1741 520 creaturis

313 538 562 589 operationes
590 536 808 590 producere
834 544 999 590 queunt.

423 590 514 631 Alia
547 592 768 633 Hieremiae
787 598 1019 646 argumenta
1046 591 1252 632 brevitatis
1293 603 1410 631 causa
1445 595 1664 642 praetereo,
1691 594 1738 627 ut

314 652 354 685 et
375 644 576 686 Philothei
599 654 638 687 et
662 647 832 686 aliorum
853 676 865 698 ‚
893 661 995 700 quae
1021 649 1177 701 copiose
1208 646 1354 685 refutat
1373 645 1587 698 Gregorius
1619 642 1741 681 Acin-

313 700 447 754 dynus
477 701 589 742 libris
613 702 768 742 duobus
804 703 853 741 de
890 704 1057 742 essentia
1088 710 1128 741 et
1158 704 1387 756 operatione
1422 700 1525 748 Dei,
1563 699 1633 751 qui
1670 710 1738 736 ex-

312 763 420 795 stant
447 758 488 795 in
516 756 757 796 bibliotheca
785 758 1001 806 Bavarica3
1041 758 1110 809 qui
1144 771 1235 796 cum
1276 756 1362 795 aliis
1390 762 1494 795 necte
1522 760 1560 792 et
1598 751 1742 792 ortho-

313 810 414 850 doxe
438 811 487 850 de
520 812 596 851 hoc
626 820 860 876 aigumento
890 814 1009 852 sensit
1036 819 1075 851 et
1102 813 1283 865 scripsit,
1330 811 1519 848 nimirum
1550 808 1744 860 operatio·

313 879 383 905 nes
410 867 484 905 Dei
521 867 603 906 sola
640 869 794 906 ratione
837 867 889 905 ab
930 867 1051 920 ipsius
1085 866 1255 905 essentia
1296 865 1508 917 distingui,
1555 861 1738 914 nihilque

313 923 588 973 operationum
620 923 662 961 in
684 923 771 961 Deo
796 935 879 961 esse
895 951 906 969 ‚
936 921 1043 975 quod
1083 935 1162 960 non
1190 923 1241 960 sit
1266 920 1485 959 substantia
1512 924 1551 956 et
1576 917 1745 957 essentia

313 977 421 1024 Dei,
453 977 573 1030 idque
601 991 646 1015 ex
674 977 926 1030 simplicitate
952 977 1029 1015 Dei
1076 977 1200 1029 probe
1230 974 1421 1015 deducit.
1479 986 1608 1025 neque
1637 972 1746 1010 enim

312 1031 484 1086 effugere
511 1039 675 1086 possunt
701 1032 783 1082 alii,
809 1034 906 1085 quin
936 1032 1262 1084 compositionem
1299 1032 1339 1068 in
1367 1030 1454 1068 Deo
1480 1033 1679 1071 statuant,
1711 1027 1745 1064 si

311 1089 491 1139 operatio
521 1089 596 1126 Dei
618 1101 697 1126 non
721 1095 779 1126 est
805 1087 1024 1127 substantia
1055 1087 1144 1127 Dei.
1200 1086 1380 1124 Conatur
1413 1082 1575 1136 quidem
1604 1080 1745 1120 Philo-

312 1141 429 1182 theus
458 1142 562 1181 libro
588 1150 730 1182 octavo
764 1149 903 1181 contia
932 1143 1168 1195 ngoxam,
1196 1139 1486 1192 simplicitatem
1513 1137 1590 1176 Dei
1626 1137 1748 1174 etiam

313 1210 406 1235 cum
434 1211 581 1250 pravae
620 1198 816 1250 opinionis
844 1212 940 1236 suae
969 1196 1180 1251 hypothesi
1221 1194 1434 1234 defendere
1451 1222 1463 1242 ‚
1510 1199 1551 1230 at
1580 1197 1748 1230 conatur

312 1259 483 1300 tantum,
514 1252 564 1292 de
596 1261 727 1292 cetero
765 1267 838 1291 nec
867 1252 995 1291 hilum
1036 1251 1209 1306 proficit.
1265 1250 1373 1300 Quia
1415 1260 1514 1287 vero
1540 1245 1746 1299 Acindyni

312 1305 404 1346 libri
431 1306 559 1347 lucem
588 1322 792 1361 nunquam
817 1308 1032 1358 viderunt,
1073 1305 1203 1359 placet
1229 1305 1368 1344 saltem
1395 1301 1646 1363 quorundam
1676 1314 1745 1338 ca-

311 1363 439 1414 pitum
471 1362 674 1416 periochas
703 1362 928 1401 adscribere
949 1391 961 1412 ‚
1000 1375 1102 1414 quae
1131 1361 1268 1400 lectori
1300 1358 1460 1398 erudito
1488 1357 1744 1409 perspicuum

312 1416 475 1466 facient,
506 1417 764 1471 Acindynum
791 1417 840 1455 de
859 1417 934 1455 hac
967 1417 1198 1469 quaestione
1232 1414 1338 1453 idem
1372 1412 1604 1460 tradidisse,
1636 1409 1747 1462 quod

311 1485 336 1510 a
360 1472 614 1512 scholasticae
641 1471 862 1536 theologiae
889 1471 1120 1511 doctoribus
1147 1469 1252 1509 tradi
1283 1468 1394 1532 solet:
1452 1467 1563 1519 Ergo
1611 1464 1751 1525 capitis

310 1528 418 1566 tertii
442 1528 534 1567 libri
567 1529 681 1581 primi
706 1528 910 1591 inscriptio
941 1533 1000 1565 est
1030 1528 1126 1565 ista:
1184 1519 1245 1564 ὅτι
1274 1536 1348 1561 ουκ
1372 1519 1483 1561 ε”στιν
1511 1521 1556 1559 ἐν
1581 1519 1639 1583 τῷ
1660 1517 1747 1572 θεῶ

312 1579 489 1650 δύ’ναμις
515 1578 743 1647 παθητική.
787 1596 870 1645 cap.
887 1580 929 1632 4.
959 1575 1025 1619 ὅτι
1053 1579 1178 1618 ου’σιά
1215 1579 1288 1618 τοῦ
1313 1575 1417 1616 θεοῦ
1449 1574 1538 1614 ἐστι
1562 1570 1606 1614 τό
1636 1568 1745 1612 εἶναι

313 1635 458 1676 αυτοῦ.
485 1652 572 1702 cap.
589 1638 631 1678 5.
671 1632 733 1676 ὅτι
762 1633 860 1682 θεὸς
883 1634 957 1674 οὐκ
983 1632 1095 1674 ἔστιν
1135 1629 1227 1685 ν’λη.
1283 1632 1395 1671 Libri
1415 1630 1578 1670 secundi
1605 1643 1711 1690 cap.
1706 1641 1749 1666 2.

314 1685 381 1730 ὅτι
406 1691 481 1730 ov'x
510 1690 622 1731 ἔστιν
650 1691 692 1731 ἐν
722 1691 780 1729 ‘cc-‘1'
813 1690 900 1744 θειῦ
929 1686 1139 1754 αἰσθησις.
1167 1689 1208 1727 5.
1237 1682 1303 1727 ὅτι
1329 1685 1352 1724 6
1381 1683 1480 1731 θεός
1509 1681 1599 1723 ἐστι
1629 1681 1752 1722 νοῶν.

313 1745 357 1797 4.
381 1740 447 1785 o'n
470 1742 491 1786 6
516 1742 612 1792 θεός
643 1744 734 1786 ἐστι
755 1745 905 1785 θέλων.
950 1745 990 1784 5.
1020 1740 1084 1783 ὅτι
1112 1740 1224 1783 ἐστίν
1250 1742 1295 1782 ἐν
1315 1741 1374 1796 τῶ
1402 1739 1487 1793 θεῶ
1519 1733 1641 1790 νοερὰ
1674 1751 1748 1775 και

313 1798 507 1868 θελητικὴ
540 1798 734 1849 δύναμις.
781 1799 820 1841 6.
853 1795 917 1839 ὅτι
950 1797 994 1839 αἱ
1030 1795 1134 1837 κατὰ
1173 1792 1328 1842 ταύτας
1347 1780 1438 1840 τὰς
1462 1778 1684 1857 ἐνεργείας
1705 1791 1751 1829 ἓ-

315 1857 396 1905 ξεις
427 1854 694 1895 α’ποδάῖονται
720 1854 778 1910 τῷ
805 1854 905 1910 θεῷ.
949 1868 988 1901 7.
1015 1848 1079 1892 ὅτι
1106 1850 1151 1892 αἱ
1172 1852 1365 1891 τοιαῦται
1389 1848 1592 1899 ἐνέργειαι
1611 1843 1684 1885 καί
1704 1840 1751 1883 αἶ

315 1906 420 1950 κατὰ
449 1908 607 1956 ταύτας
633 1894 766 1958 ἕξεις
774 1924 819 1948 τε
854 1895 926 1948 καί
956 1903 1155 1973 dv-vdpcetc
1197 1906 1304 1945 εἰσιν
1339 1903 1383 1944 ἐν
1409 1902 1466 1958 ττῦ
1495 1901 1582 1955 θεῶ
1611 1899 1654 1940 ἐν
1679 1896 1753 1939 καὶ

314 1962 361 2005 τὸ
393 1962 512 2009 αὐτό.
547 1964 588 2006 8.
614 1965 807 2030 λογισμοι
835 1960 919 2003 α’πό
943 1962 1018 2002 τοῦ
1044 1958 1233 2001 ἐναντίου
1258 1956 1331 1999 καί
1356 1937 1495 2004 λύσεις
1521 1952 1624 2006 μετὰ
1649 1967 1751 2017 προ-

314 2018 512 2087 θεωρίας.
561 2034 608 2087 9.
636 2016 700 2059 ἐτι
725 2016 786 2064 εἰς
806 2015 854 2058 τὸ
883 2013 1003 2057 αότό.
1056 2030 1114 2056 10.
1138 2010 1201 2054 ὅτι
1222 2009 1245 2067 ἦ
1272 2009 1395 2079 νοερὰ
1431 2012 1506 2050 τοῦ
1535 2009 1639 2049 θεοῦ
1673 2004 1751 2048 ὀύ-

314 2074 439 2139 ναμίς
464 2071 555 2115 ἐστι
581 2073 608 2127 ἢ
630 2073 753 2114 ου’σιά
777 2072 929 2113 αυτοῦ.
979 2086 1040 2113 11.
1080 2067 1143 2110 ότι
1173 2064 1206 2135 ἦ
1234 2066 1357 2131 νοερὰ
1397 2066 1474 2107 τοῦ
1504 2065 1608 2105 θεοῦΙ
1634 2063 1750 2115 ἐνέρ-

315 2125 407 2181 γειά
434 2128 547 2170 ἐστιν
577 2128 604 2183 ἦ
633 2127 757 2168 ου’σιά
789 2125 939 2167 αυτοῦ.
987 2141 1047 2168 12.
1071 2121 1136 2164 ὅτι
1163 2121 1184 2163 6
1214 2119 1310 2170 θεὸς
1336 2119 1479 2161 ου’δενι
1511 2115 1623 2184 ἄλλῳ
1653 2131 1750 2182 νον(-

314 2183 371 2237 τῶ
408 2180 511 2223 εῖδει
542 2188 648 2232 νοεῖ,
697 2177 726 2234 ἢ
744 2183 816 2246 τῇ
842 2177 997 2222 ἑαυτοῦ
1027 2177 1161 2234 ου’σία.
1214 2179 1275 2217 15.
1307 2171 1374 2216 ὅτι
1401 2175 1565 2220 τελείως
1597 2158 1621 2212 6
1655 2174 1760 2219 θεος

317 2234 442 2284 αὐτὸς
476 2235 627 2278 ἑαυτὸν
654 2250 856 2302 γινωσκει.
912 2236 973 2288 14.
1011 2231 1076 2275 ὅτι
1117 2237 1162 2274 ὲν
1196 2247 1252 2286 τῳ
1285 2230 1372 2284 θεοῖ
1410 2227 1486 2268 οὔκ
1520 2225 1634 2268 ἔστιν
1671 2227 1758 2276 ἕξις

317 2288 623 2357 ἑπιστημονική.
673 2293 733 2332 15.
780 2286 847 2331 ὅτι
889 2289 914 2343 ἦ
945 2289 1087 2357 σοφία
1101 2288 1178 2329 τοῦ
1206 2287 1308 2326 θεοῦ
1336 2288 1445 2324 ἐστιν
1477 2281 1502 2336 ἧ
1528 2279 1652 2322 ουσία
1678 2297 1756 2320 αυ-

317 2347 406 2387 τοῦ.
462 2347 520 2387 16.
553 2341 613 2386 ότι
640 2344 666 2398 ἦ
704 2342 884 2413 α’λήθεια
909 2343 1042 2385 αὐτοῦ
1067 2344 1176 2384 ἐστιν
1206 2337 1231 2393 ἡ
1269 2338 1395 2379 ου’σιά
1423 2337 1571 2378 αυτοῦ.
1608 2351 1667 2391 17.
1688 2331 1754 2376 ὅτι

318 2399 373 2466 ἢ..
376 2401 449 2442 τοῦ
478 2401 585 2441 θεου
611 2400 781 2465 θέλησίς
812 2414 922 2440 εστιν
947 2395 973 2452 ἧ
1004 2396 1127 2438 ουσία
1156 2395 1298 2436 αυτοῦ
1341 2395 1401 2436 18.
1423 2388 1490 2432 ὅτι
1527 2388 1573 2430 τὸ
1594 2391 1761 2456 πρῶτον

318 2457 373 2511 τῇ
395 2452 492 2524 θείᾳ
504 2452 688 2520 θελήσει
716 2453 893 2507 θελητόν
922 2454 1032 2494 ἐστιν
1039 2452 1080 2518 ἢ
1113 2450 1236 2491 ουσιά
1271 2448 1414 2492 αὐτοῦ
1465 2442 1756 2511 19.λογισμοι,

320 2498 376 2550 δι’
413 2526 471 2551 ων
495 2506 546 2550 ἀν
565 2509 705 2573 δοξειε
729 2510 864 2549 ταῦτα
894 2507 999 2575 πρὸς
1030 2502 1213 2573 αλληλα
1213 2503 1532 2552 ἐναντιοῦσθαι,
1563 2497 1636 2538 καί
1678 2497 1753 2539 λύ-

319 2578 406 2612 σεις
438 2564 581 2605 αυτῶν
606 2559 711 2628 μετὰ
739 2561 1014 2629 προθεωριας.
1062 2577 1126 2602 2ο.
1167 2557 1258 2600 τίνα
1287 2554 1438 2607 τρόπον
1474 2555 1583 2596 ἐστιν
1606 2551 1627 2593 6
1655 2550 1759 2600 θεὸς

319 2615 472 2683 ἑαυτῷ
489 2616 544 2665 ὥς
567 2615 741 2684 θελητὸν
785 2618 830 2658 ἐν
868 2620 926 2656 τῶ
972 2617 1148 2657 θέλοντι.
1193 2630 1260 2654 21.
1294 2610 1361 2652 ὅτι
1391 2610 1412 2651 6
1443 2608 1542 2656 θεός
1580 2609 1692 2648 ἐστιν
1725 2606 1754 2660 ἢ

320 2670 472 2715 εαυτοῦ
509 2671 621 2740 ζωή.
673 2688 752 2716 22.
789 2669 980 2723 λογισμοι
1025 2672 1070 2711 ἐκ
1115 2671 1190 2711 τοῦ
1230 2667 1418 2709 ἐναντίου
1481 2680 1548 2704 και
1602 2660 1755 2708 λύσεις.

322 2731 386 2774 23.
408 2725 471 2773 ὅτι
500 2726 537 2769 6
546 2726 643 2775 θεός
674 2728 786 2769 ἐστιν
811 2726 837 2780 ἦ
873 2725 1084 2780 α’γαθότης
1115 2723 1257 2766 αὐτοῦ.
1297 2724 1362 2773 24.
1390 2716 1453 2762 ὅτι
1481 2718 1502 2759 6
1535 2714 1633 2765 θεός
1666 2718 1756 2758 ἐστι
