1794 3158
312 128 426 197 460
827 145 1240 188 ANNOTArioNEs

422 249 528 304 Pag-
547 250 643 301 355,
668 250 728 291 16.
758 247 1070 299 κατενεχθέντος
1100 250 1156 287 Μ.
1186 262 1263 302 mg.
1289 262 1363 303 pro
1390 242 1601 296 πεσόντος.

426 265 649 358 Pag.353,
675 304 735 344 18.
765 300 935 354 ἐπέζησε
970 305 1026 341 Μ.
1059 311 1178 342 r.ecte

424 361 535 411 Pag.
553 358 648 409 554,
671 359 711 407 4.
740 357 1118 411 Sebastopulus.
1149 357 1325 407 Quidam
1352 358 1540 397 Sebastus
1566 359 1752 411 nomine;

308 428 403 454 nam
419 419 570 459 πουλος
589 420 628 452 et
644 413 797 452 πουλον
812 411 988 465 syllabae
1014 420 1106 451 sunt
1134 413 1354 452 adiectitiae
1378 415 1594 452 recentium
1621 415 1750 454 Grae-

307 484 471 517 coium,
514 468 633 520 idque
673 474 755 506 tam
794 469 835 506 in
877 466 1141 520 appellativis,
1147 482 1268 520 quam
1297 469 1466 530 propriis
1503 469 1748 517 nominibus,

311 524 413 589 njhil
466 523 744 587 significantes.
786 521 926 585 Apud
970 536 1068 575 quos
1098 522 1203 575 legas
1244 519 1476 562 αἐτόπουλα
1511 537 1585 576 pro
1623 518 1749 586 dervi,

309 574 645 641 αρχοντόπουλον
671 591 749 645 pro
778 569 987 628 α’ρχοντα,
1019 573 1376 630 στρατηγὸηουλος
1404 591 1478 630 pio
1508 574 1748 630 στρατηγὸς,

308 629 643 685 τουρκόηουλος,
697 629 1057 683 ου’μβεοτόπουλος
1102 646 1173 685 pro
1204 632 1379 683 τοῦρκος
1422 639 1461 670 et
1503 631 1749 683 ου’μβέρτος

305 686 371 725 Sic
410 686 708 750 Othonopulus‚
726 685 1002 738 Francopulus
1034 694 1108 727 etc.
1141 688 1175 725 A
1201 685 1273 725 πὲ)
1277 689 1400 726 εσθαι
1421 685 1607 725 videntur
1629 687 1750 727 ducta

306 741 443 790 ambo,
464 749 502 780 et
518 756 591 795 pro
611 738 736 788 πολὸς
754 741 991 783 dici.Plu1a
1008 741 1247 780 scholiastes
1269 740 1750 794 Cuiopalatae.1›owuv

418 797 524 849 Pag.
550 797 644 847 354,
671 797 733 838 13.
756 799 957 848 fugam
997 797 1336 835 simulabant.
1395 797 1531 835 Genus
1563 795 1644 835 doli
1672 799 1750 835 mi-

304 850 447 902 litaris,
472 866 552 904 quo
583 852 644 889 usi
677 858 770 889 sunt
802 851 1004 889 Israelitae
1033 859 1174 890 contra
1202 852 1441 890 Beniamitas
1467 850 1538 894 lib.
1567 850 1750 891 Indicum

305 920 394 959 cap.
426 920 491 945 20.
550 906 655 945 Nam
683 906 818 959 sugam
851 913 936 944 arte
964 906 1211 954 simulantes,
1244 905 1452 945 consilium
1482 907 1674 956 inierunt,
1702 913 1751 946 ut

305 960 585 1000 abstraherent
615 974 680 1000 eos
714 961 765 1000 de
805 961 964 1000 civitate
992 961 1179 1011 (Gabaa)
1219 968 1259 999 et
1290 962 1404 1014 quasi
1433 961 1653 1014 fugientes,
1697 961 1758 1000 ad·

313 1015 559 1069 supradictas
586 1017 747 1054 semitas
774 1016 1036 1068 perducerent
1064 1023 1138 1056 etc.
1166 1014 1266 1054 Tale
1283 1022 1418 1054 narrat
1434 1016 1611 1054 Zonaras
1638 1022 1751 1054 tomo

302 1070 342 1113 3.
371 1070 515 1109 Annal.
531 1072 571 1109 in
591 1071 868 1119 Constantino,
887 1070 1118 1109 Constantio
1135 1077 1175 1109 et
1193 1070 1408 1110 Constante
1427 1069 1613 1110 fratribus
1629 1071 1752 1123 impe-

303 1126 516 1167 ratoribus.
546 1126 645 1164 Nam
672 1127 742 1178 qui
771 1127 878 1164 missi
909 1132 1022 1164 erant
1050 1125 1330 1174 (aConstante
1354 1132 1494 1164 contra
1519 1125 1748 1164 Constanti-

305 1193 422 1227 num,
455 1181 526 1233 qui
555 1187 721 1233 paterna
748 1180 965 1233 partitione
994 1193 1074 1219 non
1110 1188 1335 1231 contentus,
1366 1179 1498 1219 fratris
1525 1181 1757 1232 provincias-

306 1235 525 1274 invadebat
538 1238 565 1285 ‚)
595 1249 687 1274 cum
718 1249 861 1287 parum
890 1250 914 1274 a
947 1235 1207 1274 Constantino
1235 1235 1417 1274 abessent
1439 1263 1452 1284 ‚
1494 1235 1657 1274 insidias
1687 1234 1750 1274 lo-

303 1298 427 1341 cant,
468 1303 680 1343 pugnaque
719 1291 818 1329 inita
852 1290 987 1344 fugam
1024 1290 1225 1333 simulant.
1282 1291 1395 1342 Quos
1426 1289 1522 1328 dum
1552 1290 1751 1329 Constan-

302 1346 379 1383 tini
409 1345 551 1384 milites
579 1352 890 1398 persequuntur,
931 1346 1000 1398 qui
1039 1346 1082 1384 in
1112 1346 1263 1384 insidiis
1303 1345 1485 1384 collocati
1522 1344 1694 1394 fuerant,
1723 1358 1749 1384 a

302 1406 415 1453 tergo
454 1399 664 1439 invadunt.
719 1400 785 1439 Sic
825 1400 1068 1453 fugientibus
1109 1401 1229 1438 etiam
1270 1400 1498 1450 conversis,
1543 1402 1586 1438 in
1616 1400 1749 1438 medio

303 1455 480 1493 duorum
510 1456 754 1493 exercituum
783 1455 1016 1508 intercepti,
1048 1469 1193 1508 magna
1225 1470 1268 1494 ex
1298 1461 1411 1508 parte
1438 1454 1612 1502 cadunt,
1651 1456 1750 1507 -ipso

303 1511 423 1548 etiam
452 1510 713 1549 Constantino
740 1510 963 1549 interfecto.
1021 1509 1127 1547 Vide
1159 1510 1198 1548 in
1231 1511 1306 1549 hoc
1335 1523 1478 1563 genere
1509 1516 1747 1562 strategema
1777 1539 1787 1550 .

303 1564 474 1619 Gmgiae
503 1572 639 1604 contra
681 1565 930 1604 Phoebidam
969 1563 1076 1617 apud
1102 1564 1350 1618 Polyaenum
1379 1563 1450 1604 lib.
1478 1578 1517 1608 2.
1544 1578 1719 1605 PONTAN.

409 1620 640 1672 Pag.356‚
668 1634 700 1659 1.
731 1619 990 1683 ἐπιθεμένων
1019 1620 1076 1660 Μ.
1106 1633 1184 1672 mg.

413 1649 1032 1737 Pag.357‚1.1’1a>5awv'977;
1061 1674 1120 1714 Μ.

410 1728 583 1768 Ibidem.
629 1730 851 1768 Osmani
878 1729 1060 1783 patris
1092 1729 1377 1768 orchanis
1412 1728 1623 1770 coaevi.
1681 1728 1745 1780 lta

301 1783 431 1823 scribo
452 1798 525 1837 pro
549 1784 772 1835 Atumano‚
788 1785 894 1838 quod
914 1783 1033 1822 habet
1049 1785 1226 1823 Graecus
1245 1784 1378 1823 codex.
1401 1783 1554 1837 Vulgus
1572 1783 1747 1822 othma-

301 1853 402 1878 num
431 1853 499 1878 seu
514 1838 792 1878 Othomanum
811 1840 990 1878 nominat
1007 1845 1046 1877 et
1067 1840 1149 1878 eius
1166 1846 1343 1892 posteros
1362 1838 1652 1878 othomanidas
1670 1852 1750 1891 pro

304 1894 557 1933 Osmanidis:
589 1894 763 1948 postulat
783 1894 825 1933 id
846 1894 1043 1932 Arabicae
1063 1901 1102 1932 et
1113 1895 1307 1934 Turcicae
1326 1893 1485 1948 linguae
1504 1894 1745 1946 pronuntia·
1783 1895 1788 1901 '

302 1950 378 1995 tio,
395 1956 433 1988 et
446 1951 597 1989 Graeca
616 1950 785 2003 prolatio
814 1949 1001 1996 nominis,
1033 1963 1104 2001 per
1134 1949 1168 1987 θ
1190 1950 1342 2002 scripti,
1371 1963 1453 1987 non
1482 1949 1745 1988 adversatur:

302 2004 463 2057 quando
495 2005 615 2047 istaec
644 2005 774 2046 littera
803 2018 884 2043 non
915 2003 1061 2043 latinae
1091 2013 1108 2043 t
1138 2003 1201 2043 vel
1234 2006 1273 2043 tlz
1308 2003 1520 2057 respondet
1541 2033 1553 2052 ,
1600 2003 1668 2042 sed
1698 2017 1744 2042 ex

302 2072 379 2101 usu
395 2059 638 2099 Graecorum
667 2062 824 2113 gemino
854 2061 987 2112 potius
1006 2073 1043 2097 ss
1073 2073 1163 2097 cum
1185 2058 1302 2097 sibilo
1333 2058 1510 2112 quodam
1544 2071 1743 2111 expresso.

305 2113 585 2156 Leunclavius.
641 2115 704 2154 De
741 2115 895 2167 origine
925 2121 1058 2153 autem
1084 2114 1203 2152 huius
1233 2114 1400 2152 Osmani
1431 2127 1501 2152 seu
1534 2114 1740 2164 Osmanis‚

303 2175 344 2207 et
373 2171 658 2222 piopagatione
684 2170 852 2223 imperii
870 2170 957 2208 Tm
958 2183 1043 2218 0101,
1071 2183 1118 2208 ex
1144 2168 1332 2207 Sultanm
1335 2183 1403 2207 um
1429 2167 1747 2207 Osmanidarum

301 2236 374 2262 seu
415 2223 595 2262 Turcicis
634 2225 858 2264 Annalibus
909 2225 1004 2263 audi
1042 2225 1266 2271 somnium,
1319 2237 1399 2261 non
1441 2222 1629 2262 dissimile
1666 2222 1746 2276 illi,

302 2277 410 2331 quod
440 2278 632 2331 Astyages
663 2294 729 2319 lex
761 2280 975 2319 Medorum
1005 2278 1054 2318 de
1083 2279 1164 2318 filia
1192 2293 1262 2317 sua
1294 2277 1444 2331 Cyrum
1471 2279 1654 2331 genitura
1679 2280 1744 2316 vi-

303 2333 396 2382 dit,
426 2334 615 2386 quodque
645 2334 871 2374 Herodotus
907 2342 947 2374 et
977 2335 1152 2372 lustinus
1179 2333 1416 2375 retulerunt.
1471 2332 1641 2372 Accidit
1664 2333 1749 2370 ali-

306 2387 507 2442 quando,
551 2396 594 2427 ut
622 2387 843 2428 Etrucules
879 2388 1020 2442 fessus
1059 2387 1243 2427 interdiu
1292 2395 1415 2426 semet
1458 2386 1523 2426 ad
1561 2387 1742 2440 quietem

299 2450 574 2495 compone-ret.
631 2443 699 2483 Ibi
727 2451 812 2483 tum
839 2445 879 2483 ei
901 2444 1105 2484 somnium
1128 2458 1169 2482 se
1201 2441 1418 2495 quoddam
1454 2441 1629 2497 obtulit,
1659 2454 1744 2493 quo
1787 2462 1791 2476 ι

301 2497 393 2536 viso
412 2495 503 2549 suit
529 2505 812 2552 experrectus,
869 2499 980 2537 Mox
1009 2498 1104 2537 hinc
1137 2506 1177 2537 et
1196 2497 1294 2536 inde
1327 2510 1412 2535 rem
1443 2489 1758 2547 cogitabundus,
1787 2514 1791 2533 ;

305 2551 563 2605 expendens,
594 2564 741 2606 corpus
773 2552 946 2599 abluit,
971 2566 1114 2606 preces
1142 2565 1240 2591 suas
1271 2551 1483 2598 absolvit,
1514 2550 1758 2612 habituquc1
1787 2575 1790 2597 5

301 2613 484 2655 mutato,
520 2607 697 2646 Coniam
720 2605 952 2661 profectus,
981 2609 1122 2647 urbem
1148 2605 1397 2658 ingreditur.
1450 2604 1612 2656 Agebat
1644 2604 1742 2643 istic
1786 2603 1790 2651 J

303 2660 376 2698 vir
407 2662 672 2701 auctoritatis
704 2670 744 2700 et
774 2661 996 2701 doctrinae
1025 2665 1257 2709 maximae,
1293 2661 1358 2698 cui
1386 2673 1534 2699 nomen
1564 2657 1740 2697 Edeba·
1788 2674 1794 2708 j

306 2715 379 2765 les,
415 2729 586 2770 operum
617 2724 655 2756 et
688 2717 981 2771 prodigiorum
1010 2716 1266 2758 mirabilium
1303 2714 1504 2769 effector,
1548 2715 1590 2752 in
1619 2726 1740 2766 quem
