1794 3158
307 122 421 189 458
439 172 441 175 .
865 140 1279 184 ANNOTATmNEs

305 241 406 281 salso
439 250 696 296 putaverunt,
727 242 793 283 sed
824 241 1096 296 Chrysopolis,
1154 242 1418 284 Leunclavius
1449 243 1645 284 Pandecte
1673 243 1735 283 hi-

306 300 450 337 storiae
476 299 682 340 Turcicae.
709 311 880 339 pomum.

413 354 518 405 Pag.
541 354 634 402 542,
662 353 724 392 16.
755 350 870 406 αὐτῷ
901 348 973 391 καί
1001 350 1101 404 πεζή
1131 353 1187 394 Μ.

413 408 513 460 Pag.
534 409 626 456 543,
652 407 714 446 ι6.
744 406 897 446 οἰκείαν
922 408 978 448 Μ.

409 463 513 514 Pag.
535 461 688 513 344,4.
730 476 795 501 ea:
830 463 1058 500 incursu.
1116 461 1215 500 Tale
1253 475 1375 514 genus
1414 475 1568 515 pugnae
1614 460 1738 501 babes

303 516 412 569 apud
443 519 652 556 Maronem
683 516 752 559 lib.
787 530 873 559 11.:
904 517 978 556 Bis
1010 517 1153 556 Thasci
1183 516 1342 557 Rutulos
1371 531 1480 569 egere
1505 517 1563 556 ad
1583 518 1737 556 moenia
1776 568 1779 569 ⁷

302 585 437 611 versos
468 578 542 611 etc.
572 585 743 612 ΡοΝΤΑΝ.

414 627 519 678 Pag.
543 626 638 678 344,
657 626 698 666 6.
738 628 854 666 tela
897 629 949 666 in
987 635 1209 679 tergum.
1265 626 1329 665 Sic
1373 625 1514 666 Parthi
1559 640 1738 679 pugnare

302 689 608 721 consueverant.
663 682 786 722 Unde
815 682 954 721 Horat.
987 682 1077 721 Ode
1106 696 1166 736 19.
1196 680 1266 720 lib.
1302 695 1362 721 1.:
1416 682 1472 720 Et
1497 682 1620 720 versis
1647 682 1739 720 ani—

303 750 452 775 mosum
478 738 586 791 equis
616 736 822 777 Parthum.
878 737 1113 791 Fugientes,
1147 739 1334 790 inquam,
1369 750 1414 775 ex
1446 739 1557 790 equis
1584 750 1738 788 pugna-

302 790 413 835 bant.
468 791 662 845 Virgilius
690 794 730 832 5.
761 793 892 846 Georg
909 807 921 831 ε
978 792 1259 846 Fidentemque
1275 790 1384 846 fitga
1413 791 1609 830 Parthum
1646 804 1739 829 ver-
1782 816 1785 819 -

304 847 434 902 sisque
455 849 618 899 sagittis.
647 860 820 888 PONTAN.

416 901 518 953 Pag.
540 902 634 952 544,
658 917 717 956 ¹7·
745 899 938 948 ἐλθόντες
961 903 1020 941 Μ.
1046 915 1127 955 mg.
1154 915 1228 954 pro
1256 897 1445 947 ἑστῶτες.
1744 937 1747 940 ,

412 956 515 1008 Pag.
541 957 638 1008 544,
658 956 722 1008 24.
755 965 863 996 totu
882 971 918 998 ¹12
943 971 1115 1010 paene
1139 956 1328 996 orbem.
1364 956 1500 995 lovem
1517 953 1740 1008 pollicitum

302 1026 398 1062 esse,
428 1026 449 1051 e
479 1013 662 1051 Troianis
699 1013 920 1051 nascituros
960 1012 1190 1060 Romanos,
1246 1012 1316 1066 qui
1346 1025 1480 1061 mare,
1519 1011 1588 1064 qui
1617 1019 1742 1049 terras

302 1069 411 1106 omni
437 1067 586 1106 ditione
615 1076 795 1117 tenerent,
824 1069 880 1106 ait
907 1067 1044 1106 Venus
1078 1081 1112 1109 1.
1142 1065 1310 1106 Aeneid.
1338 1066 1484 1104 Postea
1513 1065 1664 1117 Iupiter
1691 1064 1742 1103 de

302 1123 507 1171 Romanis,
531 1121 613 1161 His
641 1137 708 1174 ego
735 1137 805 1161 nec
821 1131 947 1161 metas
974 1135 1121 1171 rerum,
1152 1136 1222 1161 nec
1245 1130 1426 1175 tempora
1447 1133 1579 1175 pono:
1605 1119 1741 1173 Impe-

302 1179 407 1216 rium
439 1179 521 1216 sine
537 1178 631 1233 fine
667 1177 762 1216 dedi
792 1184 867 1220 etc.
923 1176 1027 1216 Vide
1055 1191 1156 1229 quae
1195 1178 1238 1215 in
1275 1175 1466 1230 symbolis
1506 1176 1652 1214 nostris
1691 1174 1744 1213 ad

302 1231 412 1271 hunc
445 1232 578 1271 locum
607 1233 899 1280 annotavimus,
931 1233 972 1271 in
998 1233 1144 1285 quibus
1173 1230 1242 1271 illa
1269 1246 1315 1270 ex
1347 1231 1537 1270 Cicerone
1565 1228 1743 1282 Philipp.

302 1287 372 1326 3.:
418 1288 501 1327 Nos
533 1289 736 1342 principes
764 1297 963 1326 terrarum
995 1288 1245 1340 omniumque
1269 1287 1456 1338 gentium.
1491 1283 1670 1338 Philipp.
1685 1284 1740 1326 6.:

301 1343 449 1396 Populi
499 1343 669 1382 Romani
708 1343 869 1381 victoris
920 1342 1145 1396 dominique
1185 1343 1363 1381 omnium
1405 1341 1588 1392 gentium.
1647 1339 1746 1392 Agit

302 1399 422 1436 etiam
450 1397 501 1436 de
539 1398 812 1451 magnitudine
849 1398 1022 1436 Romani
1062 1398 1219 1449 imperii
1249 1396 1456 1448 Appianus
1484 1395 1647 1449 praefat.
1677 1395 1744 1432 hi-

304 1454 450 1491 storiae
476 1467 600 1502 suae,
642 1460 680 1491 et
707 1454 865 1506 Lipsius
912 1451 1042 1502 libro,
1081 1465 1201 1504 quem
1243 1451 1494 1490 Admiranda
1530 1450 1747 1502 inscripsit.

307 1508 546 1546 Onosander
577 1507 742 1561 praefat.
781 1508 989 1560 Strategici
1017 1505 1242 1559 praeclare,
1272 1507 1466 1544 Romanos
1490 1518 1612 1560 neque
1650 1519 1741 1551 rem,

307 1577 427 1618 neque
454 1563 609 1611 civitas,
645 1578 765 1617 neque
793 1576 887 1614 gens
916 1563 999 1600 ulla
1031 1562 1191 1615 imperii
1218 1562 1482 1614 amplitudine
1526 1561 1744 1614 superavit.

307 1617 441 1657 Immo
472 1632 541 1657 nec
570 1628 719 1658 tantam
749 1620 942 1670 attingere
966 1631 1143 1672 unquam
1158 1617 1287 1671 potuit
1313 1622 1389 1655 etc.
1419 1629 1591 1658 PONTAN.

419 1672 522 1725 Pag.
545 1673 638 1722 545,
663 1674 701 1714 5.
728 1670 943 1725 ἡσσᾶσθαι
972 1673 1030 1711 M.
1058 1687 1136 1725 mg.

418 1728 523 1780 Pag.
544 1727 637 1779 345,
661 1727 727 1768 25.
751 1737 980 1781 praeter
1006 1740 1083 1777 ea,
1115 1739 1252 1782 quae
1277 1727 1436 1781 prius
1462 1725 1606 1764 nobis
1634 1726 1746 1765 abs-

311 1783 385 1822 tul
393 1797 459 1822 er.
485 1783 793 1823 Demosthenica
820 1782 939 1835 plane
967 1784 1177 1832 sententia,
1208 1796 1254 1819 ex
1292 1795 1325 1822 ι.
1355 1779 1611 1834 Olynthiaca,
1643 1778 1749 1833 πρὸς
1783 1816 1790 1832 ι.

310 1833 372 1883 οἷς
403 1835 660 1892 αφῃρήμεθα
688 1835 892 1890 πρότερον
920 1835 993 1876 ὑπ’
1024 1837 1175 1887 αὐτῶν,
1204 1835 1278 1874 καί
1301 1832 1378 1888 τήν
1413 1829 1547 1875 οὖσαν
1580 1849 1749 1888 καρπω-
1783 1866 1788 1874 .

310 1889 471 1941 udus-Q
511 1892 658 1940 ἀδεῶς.
714 1891 880 1932 Valeret
908 1892 1047 1931 eadem
1074 1892 1297 1940 sententia,
1345 1892 1468 1929 immo
1509 1897 1592 1929 tota
1619 1892 1749 1929 oratio
1779 1892 1782 1899 '

311 1947 554 2000 Olynthiaca
593 1948 661 1987 illa
689 1948 811 1988 hodie
845 1961 1085 2001 magnopere
1114 1947 1164 1985 ad
1208 1946 1457 1985 Christianos
1495 1945 1534 1983 in
1571 1946 1748 1984 Turcam

311 2003 595 2043 exhortandos:
628 2012 667 2043 et
693 2011 740 2043 ea
767 2017 862 2042 usus
896 2011 955 2042 est
986 2002 1084 2042 olim
1105 2003 1155 2040 ad
1185 2001 1371 2050 verbum,
1398 2003 1439 2040 in
1460 2000 1600 2041 eodem
1628 2014 1748 2052 argu-

310 2064 460 2104 mento,
493 2059 673 2110 pauculis
701 2072 991 2111 nonnunquam
1019 2058 1069 2096 de
1087 2071 1159 2096 suo
1182 2057 1408 2107 interiectis,
1438 2057 1645 2096 Bessarion
1657 2055 1750 2094 Car·
1785 2079 1789 2087 ι

310 2111 453 2152 dinalis
483 2114 771 2154 eruditissimus
799 2128 845 2152 ac
873 2113 1172 2154 celebernmus.
1199 2125 1374 2152 PONTAN.

421 2168 523 2221 Pag.
548 2170 641 2217 346,
663 2171 700 2210 3.
734 2165 1034 2220 κολασθήσεται
1061 2169 1120 2210 Μ.
1147 2180 1322 2220 quoque.

419 2223 527 2276 Pag.
549 2224 644 2275 546,
666 2224 1070 2276 5.fugientibus
1099 2222 1265 2261 valde
1298 2222 1518 2259 instate.
1560 2221 1749 2261 Onosan-

310 2277 382 2318 der
409 2292 495 2330 cap.
531 2292 589 2320 ιι.
610 2293 622 2316 :
663 2280 850 2319 Hostium
886 2279 1154 2326 discessiones,
1186 2278 1330 2327 inquit,
1360 2290 1512 2328 semper
1537 2286 1770 2330 szwpectae‚·

309 2349 380 2373 nec
409 2347 584 2388 unquam
615 2349 750 2388 susque
786 2335 908 2389 deque
945 2334 1167 2373 habendae.
1222 2332 1280 2370 Ec
1312 2331 1592 2370 considerandi
1616 2333 1751 2386 potius
1778 2349 1794 2379 ῃ

309 2389 499 2436 locorum,
530 2403 654 2444 quam
681 2391 847 2429 hostium
871 2391 978 2435 situs,
993 2403 1062 2427 nec
1091 2389 1216 2427 solum
1242 2401 1320 2441 qua
1339 2387 1415 2424 via
1433 2386 1604 2424 ducatur
1629 2400 1749 2424 exer-
1780 2381 1794 2416 ’ἕ

308 2446 418 2493 citas,
447 2444 778 2498 prospiciendum,
810 2445 883 2483 sed
899 2446 1022 2483 etiam
1048 2453 1089 2482 ut
1113 2442 1254 2481 eadem
1276 2441 1409 2479 reduci
1434 2441 1573 2494 possit,
1600 2441 1749 2494 provi·

309 2500 490 2539 dendum.
548 2500 608 2538 Et
638 2499 704 2538 vel
723 2501 855 2553 copias
889 2514 967 2539 non
996 2500 1192 2546 immittat,
1232 2498 1302 2536 sed
1329 2505 1507 2534 coerceat
1541 2508 1593 2534 ac
1618 2496 1746 2550 repri-
1769 2503 1788 2540 ⁴?

310 2564 415 2595 mat.-
449 2555 520 2592 vel
547 2556 582 2593 si
608 2555 812 2603 immittat,
838 2563 987 2593 caveat
1018 2555 1238 2606 diligenter,
1268 2562 1304 2591 et
1328 2551 1519 2590 montium
1536 2552 1750 2589 eacumina

311 2610 660 2664 angustiarumque
668 2611 839 2661 fauces,
875 2610 1021 2648 relictis
1047 2608 1281 2654 custodibus,
1313 2606 1504 2659 occupari
1528 2620 1555 2643 α
1578 2605 1656 2644 suis
1683 2619 1752 2643 cu·
1778 2604 1788 2655 ff

313 2674 385 2714 ret,
418 2674 459 2703 ut
485 2673 606 2704 tutum
631 2666 707 2703 iter
729 2666 899 2720 receptui
913 2674 1150 2718 praestetur.
1205 2663 1269 2701 Sic
1296 2661 1378 2700 illc.
1438 2660 1622 2713 Pyrrhus
1647 2660 1750 2712 Epi·
1779 2681 1788 2695 ι

313 2727 493 2760 rotarum
521 2734 588 2760 rex
614 2722 836 2776 praecepit,
876 2733 958 2760 non
986 2733 1068 2760 esse
1109 2719 1358 2774 pertinaciter
1388 2716 1617 2756 instandum
1642 2715 1787 2773 hostr,
