1800 3164
501 170 884 227 HISTORIARUM
923 173 995 212 lv.
1023 175 1064 216 ιι.
1447 168 1519 224 29

73 279 190 335 τρίτῃ
234 277 282 318 δὲ
308 275 384 316 Υἐπὶ
425 274 524 315 δέκα
553 273 704 314 Μαΐου
736 270 959 325 ἱσταμένου
1002 265 1105 337 ἦρος
1131 270 1207 312 τοῦ
1233 270 1363 311 αὐτοῦ
1389 270 1434 311 ἐν
1465 267 1521 324 τῷ
1531 281 1570 315 A.
1584 279 1733 327 0:347

72 345 146 400 τῆς
171 335 427 395 θεομήτορος
454 339 616 392 τεμένει
644 339 726 380 τῶν
754 339 1010 392 Βλαχερναῖν
1050 334 1253 390 βασιλεύς
1296 332 1319 376 ὅ
1348 338 1522 377 Καντα-

30 411 32 418 ’
72 406 272 464 κουζηνός
302 405 382 463 ὕπο
408 402 627 458 Ἰσιδώρου
649 406 728 446 τοῦ
747 402 1012 459 πατριάρχου
1041 403 1224 459 ἑστέφθη
1254 395 1533 455 αὖθις,’Ἀν-·.

72 491 147 530 ’νης
175 490 220 516 τε
261 475 335 528 τῆς
370 472 588 526 βασιλίδος
622 468 838 525 παρούσης
878 471 952 510 καί
992 471 1199 523 βασιλέως
1225 467 1416 517 Ἰωάννου
1444 469 1523 509 τοῦ

35 542 267 597 5γαμβροῦ
283 556 294 567 ·
354 537 427 580 καί
450 534 584 579 πάντα
612 539 788 594 ἐτελεῖτο
831 534 882 578 τοὶ
911 537 1183 589 νενομισμένα
1225 536 1270 578 ἐν
1292 537 1343 592 τῇ
1371 531 1520 591 ἑορτῇ,

74 604 248 655 οὐδενὸς
285 605 648 660 παραλειφθέντος
666 619 677 631 ·
718 600 865 644 ἔπειτα
894 601 966 643 καί
994 601 1120 652 αΰτός
1158 600 1339 658 Εἰρήνην
1368 600 1522 657 ἔστεφε

72 671 144 728 τὴν
174 672 371 726 βασιλίδα
402 668 505 712 κατὰ
534 666 580 712 τὸ
606 667 718 719 ἔθος.
773 666 846 710 καί
878 669 936 718 εἰς
965 666 1017 709 τά
1046 668 1240 721 βασίλεια
1269 666 1521 710 ἐπανελθόν-

73 753 143 788 τες
193 737 347 785 πότους
391 735 463 778 καὶ
491 736 740 792 φιλοτησίας
767 735 841 776 καί
863 732 915 776 τὰ
950 730 1057 787 ἄλλα
1088 732 1226 776 πάντα
1253 731 1518 790 ἐξεπλήρουν,
1531 741 1646 788 Ρ.7ι8

76 801 156 846 ὅσα
184 802 433 860 φαιδρύνειν
473 799 560 844 οἶδε
587 799 662 857 τὴν
693 797 852 856 ἑορτήν.
914 802 1094 855 καίτοιγε
1123 799 1251 850 αὐτὸς
1283 796 1534 856 ἐν’Ἀδρια-.

11 869 266 917 ἰονουπόλει
303 868 386 911 ὑπὸ
421 867 632 924 Λαζάρου
671 868 749 910 τοῦ
799 870 884 910 τῶν
913 864 1215 922 Ἱεροσολύμων
1253 866 1524 922 πατριάρχου

75 930 278 993 πρότερον
304 937 493 993 ἐστέφθη
521 936 594 977 καί
619 934 856 990 α’πέχρησεν
883 930 936 976 ἂν
958 933 984 989 ἦ
1008 935 1083 975 τοῦ
1115 933 1236 989 ἁγίου
1264 931 1406 989 μύρου
1427 935 1527 988 χρί-

75 1019 142 1054 σις
170 1005 304 1059 ἐκείνη
335 997 497 1058 παρέὖ
524 1003 778 1057 φρονοῦσιν·
828 1000 898 1042 ἵνα
929 1001 975 1042 δὲ
1002 998 1189 1056 μηδεμία
1219 998 1283 1054 εἴη
1314 996 1530 1054 πρόφασις
1570 999 1572 1001 ’

76 1076 163 1120 τοῖς
187 1067 458 1125 .ὖβρισταῖς,
506 1067 562 1116 ὡς
601 1063 687 1122 ἄρα
719 1066 777 1122 μή
808 1069 852 1110 ἐν
878 1068 1098 1123 Βυζαντίῳ
1130 1064 1233 1108 κατὰ
1265 1064 1312 1107 τό
1349 1066 1530 1120 ἀρχαῖον

75 1139 156 1180 τῶν
181 1137 389 1190 βασιλέων
416 1132 515 1183 ἔθος
542 1131 734 1187 ἐστεπτο,
771 1132 845 1175 καί
875 1132 923 1174 τὸ
955 1132 1149 1188 δεύτερον
1181 1127 1309 1182 αὖθις
1339 1133 1529 1174 ἐτελεῖτο.
1541 1138 1582 1173 V.
1597 1137 1667 1184 576

15 1199 202 1261 ιόὂγδόῃ
232 1203 279 1244 δὲ
307 1201 444 1258 ἡμέρα
463 1196 536 1241 ἄπ’
549 1199 708 1255 ἐκείνης
737 1198 843 1241 κατὰ
872 1197 946 1253 τήν
966 1200 1292 1242 Κωνσταντίιου
1321 1201 1394 1240 καί
1419 1198 1529 1241 Ἑλέ-

70 1258 150 1324 ’νης
179 1266 346 1323 μνήμην
371 1269 455 1308 τῶν
480 1263 673 1320 μεγάλων
696 1266 906 1318 βασιλέων
937 1267 1011 1307 καί
1031 1263 1070 1306 οἱ
1093 1267 1172 1307 τοῦ
1195 1266 1290 1307 νέου
1319 1265 1529 1318 βασιλέως
1562 1303 1566 1308 .

75 1336 288 1377 ἐτελοῦντο
316 1336 444 1388 γάμοι
474 1334 518 1374 ἐν
543 1333 599 1390 τῷ
618 1332 733 1389 αὐτῷ
759 1335 919 1384 τεμένει
945 1334 1018 1386 τῆς
1034 1330 1290 1388 θεομήτορος
1308 1333 1389 1374 τῶν
1406 1335 1528 1373 Βλα-

74 1401 250 1455 χερνῶν.
311 1398 332 1442 ὁ
358 1400 437 1455 γάρ
467 1400 539 1454 τῆς
565 1398 641 1439 τοῦ
666 1400 774 1439 θεοῦ
799 1400 979 1454 Σοφιάς,
1012 1397 1155 1439 κάλλει
1183 1413 1228 1440 τε
1255 1398 1329 1440 καί
1353 1399 1563 1452 μεγέθειΒ

78 1466 178 1516 τούς
207 1466 456 1521 ἁπανταχοῦ
483 1469 607 1509 νικῶν
635 1466 708 1508 καί
733 1463 873 1522 ὥσπερ
898 1483 939 1509 τι
961 1465 1099 1509 κοινὸν
1127 1462 1296 1522 ἄγαλμα
1325 1469 1400 1522 τῆς
1423 1465 1528 1509 Ῥω-

12 1548 66 1584 20
83 1534 223 1587 μαίων
266 1533 486 1588 ἡγεμονίας
523 1528 580 1575 (ὃν
619 1533 692 1574 καί
730 1535 880 1587 δεῖγμα
921 1535 994 1588 τῆς
1020 1536 1326 1590 μεγαλουργίας
1355 1531 1429 1575 καί
1453 1534 1530 1589 τῆς
1563 1578 1567 1581 ,

80 1603 178 1656 περὶ
206 1598 256 1641 τὰ
281 1598 387 1640 καλὰ
427 1602 694 1656 φιλοτιμίας,
724 1597 808 1641 ἔτει
837 1597 900 1641 ἔνι’
929 1597 1135 1655 πρότερον
1167 1595 1195 1655 ἢ
1226 1601 1528 1655 Καντακουζη-

78 1663 146 1708 vav
174 1664 246 1708 τὸν
274 1668 450 1719 βασιλέα
479 1665 526 1707 τὸ
559 1664 794 1717 Βυζάντιον
827 1662 935 1707 ἑλεῖν
955 1698 966 1719 ,
996 1668 1182 1719 σεισμῶν
1224 1667 1418 1717 ἐξαισίων
1459 1682 1529 1721 γε-

80 1733 276 1785 νομένων,
305 1732 568 1787 κατηνέχθη,
590 1732 639 1773 οὐ
667 1728 886 1784 καθάπαξ,
926 1727 1060 1787 ἀλλ’ἢ
1091 1749 1134 1774 τε
1154 1731 1261 1788 πρὸς
1287 1734 1345 1791 τῷ
1370 1730 1530 1788 βήματι

177 1817 209 1850 9.
236 1803 314 1838 οἶδε
340 1816 406 1850 pro
436 1806 568 1849 εἴωθε;
591 1805 663 1841 vid.
690 1802 811 1839 Reisk.
836 1804 883 1837 ad
908 1805 1096 1840 Constant.
1112 1806 1156 1840 11.
1175 1817 1208 1851 p.
1226 1809 1257 1842 5.
1354 1818 1412 1842 21.
1428 1807 1529 1841 ἔτεσι

174 1852 262 1896 δυσὶ
291 1852 348 1899 Μ..
366 1864 431 1897 mg.

79 1916 259 1960 peratrice
296 1919 333 1947 et
361 1914 494 1946 Ioanne
520 1913 736 1957 imperatore
766 1911 1034 1957 praesentibus,
1059 1920 1252 1948 coronatus
1279 1921 1352 1956 cst,
1379 1919 1528 1952 servatis

80 1961 263 2002 omnibus,
283 1971 375 2005 quae
394 1961 458 1993 illo
479 1965 551 1993 tam
576 1958 671 1992 festo
695 1959 755 1993 die
777 1961 909 1993 servari
933 1960 1094 1994 moribus
1118 1967 1302 2006 receptum
1329 1968 1391 1996 est.
1440 1964 1528 1999 Mox

81 2013 118 2043 et
151 2009 228 2053 ipse
262 2008 391 2040 Irenen
417 2006 607 2050 coniugem
632 2017 696 2051 pro
724 2006 989 2040 consuetudine
1013 2008 1222 2041 coronavit:
1249 2012 1458 2056 reversique
1486 2012 1528 2046 in

80 2056 281 2101 palatium,
309 2063 549 2099 quaecunque
573 2053 622 2086 ad
648 2053 872 2087 hilaritatem
900 2054 976 2087 diei
1002 2055 1188 2099 pertinere
1211 2061 1379 2096 nossent,
1417 2059 1461 2091 iis
1487 2069 1527 2092 se

81 2101 270 2137 dederunt.
321 2102 364 2134 Et
393 2110 610 2147 quamquam
642 2099 882 2145 Adrianopoli
919 2100 1072 2134 antehac
1098 2113 1118 2134 a
1151 2102 1293 2144 Lazaro,
1319 2104 1527 2148 patriarcha

81 2148 426 2192 Hierosolymitano‚
451 2159 582 2182 corona
606 2151 799 2181 exornatus
834 2152 949 2187 esset,
986 2148 1258 2194 suffecissetque
1290 2151 1389 2196 apud
1430 2152 1527 2186 viros

82 2197 277 2242 prudentes
304 2195 367 2228 illa
391 2205 490 2228 sacra
515 2195 658 2228 unctio:
685 2199 806 2227 tamen
821 2206 866 2228 ne
887 2194 1164 2228 oblocutoribus
1183 2207 1386 2232 sermonem
1409 2199 1526 2240 daret,

83 2243 181 2289 quod
212 2253 286 2276 non
314 2243 474 2286 Byzantii
499 2242 697 2275 secundum
722 2242 977 2286 imperatorum
997 2242 1147 2276 solenne
1174 2254 1342 2277 coronam
1366 2246 1527 2290 accepis-

82 2294 148 2330 set,
175 2289 305 2323 iterum
333 2289 496 2324 coronari
523 2289 671 2334 placuit.
723 2287 857 2322 Octavo
884 2294 1005 2322 autem
1032 2289 1093 2322 die
1118 2289 1164 2323 ab
1190 2290 1269 2331 illo,
1298 2291 1337 2325 id
1362 2298 1417 2326 est
1433 2294 1527 2328 duo-

83 2336 221 2370 decimo
247 2336 429 2371 Kalendas
454 2337 588 2377 Iunias,
613 2335 678 2381 qui
704 2335 781 2370 dies
800 2335 1031 2370 Constantini
1056 2342 1093 2370 et
1108 2337 1280 2378 Helenae,
1305 2339 1526 2374 clarissimo-

82 2395 159 2418 rum
184 2385 462 2428 imperatorum,
487 2384 683 2417 memoriae
708 2388 934 2417 consecratus
959 2387 1026 2422 est,
1051 2384 1089 2415 in
1116 2383 1244 2418 eodem
1269 2387 1405 2430 templo
1436 2388 1526 2422 Dei-

81 2441 189 2477 patae
221 2432 260 2464 in
288 2431 489 2465 Blachernis
514 2430 650 2464 iuniori
683 2430 894 2475 imperatori
927 2442 1017 2464 uxor
1052 2430 1185 2464 tradita
1219 2437 1286 2470 est,
1332 2433 1423 2466 Nam
1458 2434 1527 2468 So-

81 2478 190 2524 phiae
214 2479 403 2524 templum,
433 2478 612 2523 elegantia
638 2487 680 2510 ac
703 2477 954 2522 magnitudine
980 2488 1220 2524 quaecunque
1254 2480 1391 2525 templa
1425 2481 1526 2515 orbis

81 2530 258 2559 terrarum
283 2536 453 2570 superans
479 2531 515 2558 et
538 2525 651 2558 veluti
679 2524 861 2571 quoddam
895 2535 1084 2558 commune
1110 2526 1261 2559 Romani
1287 2526 1432 2572 imperii
1462 2528 1527 2563 de-

82 2583 144 2605 cus
170 2577 281 2617 atque
308 2577 584 2612 ornamentum,
611 2572 898 2616 magnificaeque
924 2576 1126 2605 structurae
1165 2578 1202 2607 et
1235 2572 1423 2608 ambitiosi
1463 2587 1527 2609 cu-

84 2618 222 2651 iusdam
247 2618 359 2652 studii
385 2617 628 2664 pulcherrime
652 2617 869 2652 aedificandi
895 2619 1090 2663 specimen,
1103 2631 1198 2654 anuo
1221 2625 1414 2668 antequam
1430 2622 1527 2655 Can-

83 2669 276 2698 tacuzenus
304 2666 516 2710 Byzantium
543 2671 711 2710 caperet,
737 2665 886 2699 immani
913 2670 1030 2699 terrac
1056 2671 1157 2700 motu
1182 2668 1413 2703 conciderat:
1453 2681 1527 2704 non

84 2711 176 2745 illud
201 2712 348 2757 quidem
383 2719 524 2753 totum,
560 2713 623 2747 sed
654 2723 779 2758 magna
804 2713 966 2757 porticus
1001 2723 1073 2746 una
1105 2724 1186 2747 cum
1223 2714 1458 2749 tabernaculo
1491 2721 1529 2748 et

85 2758 312 2803 tecti-partes
335 2760 418 2806 plus
444 2760 545 2794 duae.
594 2759 732 2794 Idcirco
758 2763 855 2794 sacra
881 2763 918 2794 et
941 2760 1162 2795 cerimoniae
1195 2761 1453 2809 imperatorum
1488 2763 1527 2796 in
