1800 3164
408 180 786 225 nisToRlARUM
829 180 899 220 ιν.
939 181 1010 222 22.
1348 177 1367 212 1
1382 155 1450 230 57

13 286 158 337 πόλεις
185 285 246 341 μὴ
277 280 576 340 παραδιδόναι,
598 279 708 323 ἄλλα
737 281 919 333 πόλεμον
938 278 1157 337 αἱρεῖσθαι
1174 278 1335 332 μᾶλλον
1349 272 1456 331 πρός
1469 279 1504 311 Α-
1521 278 1560 312 C·
1577 275 1661 312 ¹35⁰

13 350 365 407 Καντακουζηνὸν
391 347 465 392 τὸν
491 349 684 403 βασιλέα,
713 346 770 396 ὥς
785 344 987 401 βλάπτειν
1017 343 1297 401 δυνησόμενον
1335 342 1457 396 ὀλίγα
1482 370 1485 376 1

11 417 42 476 ἢ
71 415 209 461 οὖδέν.
270 419 347 460 νῦν
386 419 465 470 μὲν
500 413 581 470 γάρ
621 413 854 467 ἀξιόμαχον
882 413 959 454 οὐκ
986 411 1100 466 ἔχειν
1126 406 1345 467 στρατιάν·
1404 404 1458 451 ἂν

12 487 61 528 δὲ
87 483 271 542 ἐπανήκῃ
308 483 370 532 εἷς
397 480 634 534 Βυζάντιον
662 479 720 529 ὥς
747 477 1198 535 παρασκευασόμενος,
1238 475 1316 519 τόν
1357 479 1497 522 Ila-c

2 550 226 606 ’λαιολόγον
251 551 429 604 βασιλέα
455 551 615 590 πείσειν
642 544 934 601 συνθήσεσθαι
963 543 1067 600 πρὸς
1095 541 1235 595 αὐτόν,
1256 537 1284 601 ᾗ
1303 536 1354 585 ἄν
1374 539 1460 596 μα’-

9 620 131 660 λιστα
161 618 263 675 δοκῇ
282 617 377 658 καθ’
402 612 585 670 ἡδονὴν,
619 614 693 655 καί
719 612 837 669 κοινῇ
865 609 940 652 τὸν
959 610 1139 664 πόλεμον
1175 608 1277 665 πρὸς
1304 611 1461 652 ἐκεῖνον

2 683 249 725 ἀνελέσθαι.
298 682 495 737 ἡγεῖσθαι
520 677 602 735 γὰρ
632 675 789 727 αὗτούς
820 677 897 719 οὐκ
919 676 1088 719 α’νεκτὸν
1114 678 1268 719 ἐκεῖνον
1298 670 1459 730 ἄρχειν,

7 750 286 804 βασιλέαῒτῆς
313 747 512 805 πατρῴας
541 742 884 804 ἀποστερήσαντα
913 743 1062 798 α’ρχῆς.
1119 741 1194 785 καί
1230 741 1253 784 ὅ
1283 745 1461 797 Κραλης

9 814 160 856 αὐτίκα
187 812 338 863 ἔνθους
364 807 416 868 ἦν
444 810 520 869 ὑφ’
552 811 730 868 ἡδονῆς,
763 811 838 852 καί
861 807 1021 857 πολλὰς
1048 806 1255 863 ὦμολόγει
1278 806 1462 863 χάριτας

5 886 93 930 τοῖς
119 880 408 935 ἅπαγγείλασι,
436 882 610 933 βασιλεῖ
642 893 688 920 τε
715 877 984 932 ἐπηγγέλλετο
1011 874 1245 931 προθύμως
1273 875 1332 933 τῷ
1359 878 1461 917 Πα-
1518 888 1519 891 ’

4 943 211 1004 λαιολόγῳ
240 943 537 1000 συμμαχήσειν
561 941 666 986 κατὰ
694 944 900 999 κηδεστοῦ
927 944 1005 984 τοῦ
1030 943 1238 996 βασιλέως
1275 942 1350 982 καί
1377 942 1461 982 πᾶ-

4 1028 87 1056 σαν
113 1011 398 1064 ἐπιδείξεσθαι
426 1010 615 1066 σπουδὴν
633 1011 708 1052 καί
727 1005 896 1051 εὔνοιαν
915 1006 1018 1064 πρὸς
1042 1003 1185 1049 αὐτόν·
1206 1003 1300 1060 ἅμα
1326 1022 1369 1049 τε
1384 1006 1454 1066 ἕῳ,

4 1081 101 1122 ἐπεί
126 1079 263 1135 ἡμέρα
290 1073 358 1134 ἦν,
387 1079 560 1132 πέμψας
586 1075 694 1132 πρός
719 1077 915 1130 βασιλέα,
940 1072 1175 1130 α’πηγόρευε
1189 1072 1265 1129 τὴν
1284 1072 1356 1115 ἐπὶ
1373 1079 1459 1122 τοῖς

4 1145 238 1201 εἰρημένοις
256 1143 447 1201 εἰρήνην·
475 1141 566 1186 ἀλλ’
592 1145 633 1186 εἰ
657 1139 852 1198 βούλοιτο
879 1139 958 1191 τὰς
987 1137 1082 1198 ἄρτι
1113 1141 1350 1197 ληφθείσας
1381 1139 1498 1186 nti-1)

5 1215 92 1260 λεις
115 1207 246 1265 μόνας
273 1210 398 1266 ἔχειν,
427 1212 586 1266 μᾶλλον
616 1211 663 1253 δὲ
695 1207 769 1251 καί
795 1209 839 1260 ἐξ
858 1208 1027 1252 ἐκείνων
1061 1206 1302 1260 α’ποδόντα,
1348 1202 1455 1249 οὕτω

1 1279 166 1318 πείθειν
183 1275 318 1319 αὐτὸν
334 1275 394 1332 μή
410 1281 617 1330 πολεμεῖν.
645 1277 686 1318 εἰ
701 1277 748 1317 δὲ
769 1274 827 1331 μὴ
846 1272 1053 1328 βούλοιτο,
1072 1270 1456 1330 παρασκευασάμε-

0 1357 74 1386 νον
94 1341 197 1399 πρὸς
212 1342 356 1398 μάχην
379 1344 574 1395 ἐξελθεῖν·
603 1342 731 1385 αυ’τὸν
751 1340 831 1397 γὰρ
853 1341 982 1382 παντί
1009 1342 1153 1383 σθένει
1185 1337 1454 1394 πολεμήσειν.

0 1408 84 1451 τῶν
110 1411 190 1463 μὲν
216 1405 293 1451 οὖν
320 1406 476 1465 Κράλη
505 1408 639 1464 λόγων
669 1406 693 1450 ὅ
720 1406 924 1462 βασιλευς
952 1403 1092 1462 ὀλίγον
1121 1408 1300 1449 ἐποιεῖτο
1320 1406 1456 1460 λόγον,

0 1469 95 1532 ᾔδει
120 1474 200 1529 γάρ
231 1472 288 1523 ὥς
317 1474 594 1529 δυνησόμενος
629 1475 767 1517 αὐτόν
808 1472 1138 1527 καταναγκάζειν
1181 1475 1255 1515 καί
1301 1467 1455 1516 ἄκοντα

0 1538 54 1580 τά
85 1539 228 1580 δίκαια
249 1545 395 1579 ποιεῖν.
423 1538 594 1594 σφόδρα
616 1541 663 1581 δὲ
693 1535 846 1594 ἤχθετο
866 1540 973 1581 κατά
1003 1538 1223 1592 Ῥωμαίων
1249 1540 1332 1581 τῶν
1359 1541 1454 1581 ε’πι-

0 1601 287 1658 βουλευόντων
330 1604 394 1658 (ov‘
431 1603 511 1659 γὰρ
553 1603 772 1659 ἠγνόησεν,
814 1601 916 1646 ὅθεν
943 1604 970 1659 ἦ
997 1604 1254 1660 μεταβολη,)
1279 1605 1353 1648 καί
1377 1605 1453 1662 τὴν

0 1665 231 1724 διόρθωσιν
258 1672 344 1711 τῶν
372 1668 628 1726 πραγμάτων
661 1667 944 1725 ἀπεγίνωσκε,
984 1672 1178 1724 πολέμων
1219 1666 1347 1721 αὖθις
1378 1674 1454 1725 ε’μ-

0 1736 165 1792 φυλίων
194 1736 269 1777 καί
306 1735 498 1778 στάσεων
539 1735 734 1791 μεγάλων
771 1735 824 1779 τά
860 1739 1040 1778 τοιαῦτα
1086 1735 1274 1789 οἰόμενος
1302 1736 1454 1793 α’ρχήν.

0 1796 115 1854 ὅμως
149 1803 222 1844 καί
264 1799 399 1851 οὕτως
437 1800 569 1856 ἔχων,
610 1804 880 1858 ἐπηγγέλλετο
910 1803 970 1851 εἰς
1007 1801 1084 1858 τήν
1109 1803 1453 1859 ὑστεραίανζὲξε-

0 1867 228 1910 λεύσεσθαι
270 1866 375 1924 πρὸς
412 1866 570 1925 μάχην.
626 1868 805 1926 Κράλης
845 1870 892 1911 δὲ
922 1869 995 1910 καί
1032 1866 1162 1917 αὐτὸς
1191 1869 1450 1925 παρεσκευά-
1465 1879 1498 1913 P.
1524 1883 1590 1927 793

0 1994 120 2019 versus
145 1984 440 2020 Cantacuzenum
465 1986 581 2027 malit,
608 1987 685 2031 qui,
710 1998 790 2021 cum
819 1988 858 2020 in
881 1990 1084 2032 praesentia
1104 1988 1265 2023 exercitu
1298 1986 1452 2022 inferior

0 2033 65 2074 sit,
99 2043 225 2078 parum
256 2038 320 2067 aut
343 2033 439 2067 nihil
464 2033 592 2067 obesse
618 2034 743 2079 possit.
793 2035 832 2070 Si
858 2036 1068 2079 Byzantium
1106 2035 1252 2076 redeat,
1292 2041 1334 2069 ut
1369 2036 1448 2068 illic

0 2088 35 2113 se
59 2084 262 2124 comparet,
288 2079 540 2125 palaeologum
565 2080 819 2126 imperatorem
842 2089 1089 2127 permotui-os,
1127 2089 1168 2117 ut
1192 2094 1273 2117 eum
1299 2094 1342 2116 eo
1368 2084 1451 2129 qui-

0 2125 64 2160 bus
86 2126 273 2160 videbitur
309 2128 546 2171 optatissimis
582 2128 858 2163 conditionibus
890 2131 1115 2175 paciscatur,
1150 2129 1448 2175 coniunctimque

0 2171 133 2207 beilum
158 2179 283 2209 contra
310 2175 415 2208 illum
440 2175 623 2220 suscipiat.
675 2175 754 2209 Sibi
780 2178 877 2209 enim
904 2177 1138 2211 intolerabile
1162 2177 1307 2216 videri,
1331 2178 1448 2221 impc-

0 2230 74 2254 ναι-ε
103 2231 207 2262 eum,
236 2221 300 2268 qui
329 2221 499 2255 heredem
532 2223 677 2267 imperii
703 2222 905 2268 legitimum
931 2223 1135 2258 hereditate
1168 2235 1232 2259 sua
1261 2224 1447 2258 deiecerit.

0 2265 118 2301 crates
142 2269 265 2302 statim
289 2268 432 2301 laetitia
456 2269 603 2310 ebrius,
641 2269 771 2303 multas
797 2271 1006 2304 suasoribus
1045 2271 1174 2316 gratias
1203 2271 1298 2316 agit,
1331 2281 1445 2315 seque

0 2313 201 2359 imperatori
226 2315 439 2362 Palaeologo
468 2322 592 2350 contra
620 2327 781 2350 socerum
807 2323 975 2363 prompte
998 2319 1192 2351 affuturum
1207 2343 1216 2358 ,
1241 2322 1278 2352 et
1301 2327 1446 2351 omnem

0 2359 30 2394 ei
68 2360 365 2396 benevolentiam
407 2363 645 2410 studiumque
678 2364 844 2410 spondet.
920 2366 1112 2411 Postquam
1150 2365 1267 2406 luxit,
1319 2376 1446 2410 pacem

0 2412 92 2442 certa
115 2409 194 2454 lege
220 2409 453 2444 constitutam
480 2410 717 2445 renuntiavit.
769 2410 840 2445 Sed
877 2412 907 2445 si
932 2412 1022 2446 velit
1045 2412 1152 2446 urbes
1187 2423 1305 2457 nuper
1339 2423 1449 2445 occu-

0 2459 93 2502 patas
118 2456 213 2489 solas
236 2455 395 2498 habere,
433 2458 507 2492 imo
533 2469 641 2499 vero,
674 2460 703 2492 si
730 2458 839 2492 etiam
865 2459 910 2492 de
946 2460 992 2493 iis
1017 2459 1137 2493 adhuc
1162 2459 1335 2505 quasdam
1363 2458 1449 2493 red-

0 2500 77 2542 dat,
101 2502 153 2536 sic
177 2513 431 2549 persuasurum
456 2504 552 2545 sibi,
584 2509 625 2538 ut
649 2504 748 2538 bello
774 2505 980 2540 abstineat:
1015 2507 1044 2540 si
1071 2507 1186 2546 nolit,
1225 2512 1372 2551 paratus
1401 2505 1449 2539 ad

0 2547 171 2582 amelium
191 2554 318 2593 exeat3
345 2561 384 2584 se
410 2551 496 2586 totis
522 2551 660 2586 viribus
682 2559 806 2587 contra
829 2558 1086 2599 pugnaturum.
1136 2554 1337 2599 Imperator
1364 2552 1449 2586 Cra-

0 2594 39 2628 ii·
62 2595 171 2629 verba
194 2597 297 2643 parvi
328 2597 478 2632 ducere:
503 2604 611 2633 norat
639 2600 748 2639 enim,
779 2612 816 2634 sc
842 2600 946 2634 illum
971 2611 1099 2646 cogere
1124 2601 1162 2633 in
1181 2612 1304 2645 gyrum
1329 2610 1446 2645 posse.

3 2638 236 2677 Vehementer
275 2648 397 2678 autem
425 2646 593 2679 Romanis
633 2646 912 2682 insidiatoribus
948 2647 1200 2682 succensebat:
1241 2660 1316 2682 non
1349 2648 1446 2680 enim

9 2688 203 2731 gnon-aban
228 2690 325 2725 unde
350 2691 438 2725 haec
465 2693 543 2726 eius
570 2694 743 2727 mutatio:
778 2700 815 2728 et
841 2706 959 2728 rerum
987 2693 1277 2729 emendationem
1315 2694 1446 2738 despe-

4 2733 121 2774 'flbssi'u
157 2741 254 2770 ratus
277 2762 286 2777 ,
327 2736 507 2774 bellorum
543 2751 664 2774 rursus
710 2741 873 2775 civilium
906 2752 1186 2787 magnarumque
1222 2740 1446 2774 seditionum

0 2790 82 2815 iaec
111 2791 187 2816 esse
212 2784 413 2829 praeludia.
464 2787 604 2822 Tamen
619 2813 629 2829 ,
655 2789 819 2834 quamvis
844 2789 896 2823 sic
919 2791 1067 2824 affectus
1082 2813 1094 2830 ,
1131 2787 1310 2834 postridie
1335 2798 1374 2821 se
1397 2786 1445 2819 ad

0 2972 3 3073 Ι

0 3081 5 3164 ε
