<?xml version="1.0" encoding="UTF-8"?>
<!DOCTYPE html PUBLIC "-//W3C//DTD XHTML 1.0 Transitional//EN"
    "http://www.w3.org/TR/xhtml1/DTD/xhtml1-transitional.dtd">
<html xmlns="http://www.w3.org/1999/xhtml" xml:lang="en" lang="en">
 <head>
  <title>
</title>
<meta http-equiv="Content-Type" content="text/html;charset=utf-8" />
  <meta name='ocr-system' content='tesseract 3.04.00' />
  <meta name='ocr-capabilities' content='ocr_page ocr_carea ocr_par ocr_line ocrx_word'/>
</head>
<body>
  <div class='ocr_page' id='page_1' title='image "./corpusscriptorum25niebuoft_0409.png"; bbox 0 0 1794 3158; ppageno 0'>
   <div class='ocr_carea' id='block_1_1' title="bbox 423 90 1519 165">
    <p class='ocr_par' dir='ltr' id='par_1_1' title="bbox 423 90 1519 165">
     <span class='ocr_line' id='line_1_1' title="bbox 423 90 1519 165; baseline 0.005 -17"><span class='ocrx_word' id='word_1_1' title='bbox 423 107 495 148; x_wconf 82' lang='lat' dir='ltr'><strong>AD</strong></span> <span class='ocrx_word' id='word_1_2' title='bbox 532 106 907 150; x_wconf 74' lang='lat' dir='ltr'><strong>CANTAcanm</strong></span> <span class='ocrx_word' id='word_1_3' title='bbox 947 108 1044 148; x_wconf 76' lang='lat' dir='ltr'><strong>mn.</strong></span> <span class='ocrx_word' id='word_1_4' title='bbox 1074 109 1107 148; x_wconf 91' lang='lat'><strong>1.</strong></span> <span class='ocrx_word' id='word_1_5' title='bbox 1370 90 1481 165; x_wconf 83' lang='lat'><strong>399</strong></span> <span class='ocrx_word' id='word_1_6' title='bbox 1517 159 1519 161; x_wconf 74' lang='lat'>.</span> 
     </span>
    </p>
   </div>
   <div class='ocr_carea' id='block_1_2' title="bbox 0 209 1487 817">
    <p class='ocr_par' dir='ltr' id='par_1_2' title="bbox 160 209 934 268">
     <span class='ocr_line' id='line_1_2' title="bbox 160 209 934 268; baseline 0 -17"><span class='ocrx_word' id='word_1_7' title='bbox 160 211 343 268; x_wconf 73' lang='lat' dir='ltr'><strong><em>Pag.74‚</em></strong></span> <span class='ocrx_word' id='word_1_8' title='bbox 367 212 431 255; x_wconf 84' lang='lat'><strong>15.</strong></span> <span class='ocrx_word' id='word_1_9' title='bbox 458 209 691 264; x_wconf 73' lang='grc' dir='ltr'><em>χρήσεσθαι</em></span> <span class='ocrx_word' id='word_1_10' title='bbox 720 213 780 252; x_wconf 90' lang='grc' dir='ltr'><strong>Μ.</strong></span> <span class='ocrx_word' id='word_1_11' title='bbox 930 246 934 251; x_wconf 97' lang='grc'><strong>.</strong></span> 
     </span>
    </p>

    <p class='ocr_par' dir='ltr' id='par_1_3' title="bbox 38 263 1481 422">
     <span class='ocr_line' id='line_1_3' title="bbox 155 263 1480 322; baseline 0.004 -17"><span class='ocrx_word' id='word_1_12' title='bbox 155 267 256 320; x_wconf 79' lang='lat' dir='ltr'><strong>Pag.</strong></span> <span class='ocrx_word' id='word_1_13' title='bbox 276 266 345 322; x_wconf 73' lang='grc'><strong>74,</strong></span> <span class='ocrx_word' id='word_1_14' title='bbox 372 268 430 308; x_wconf 87' lang='lat'><strong>18.</strong></span> <span class='ocrx_word' id='word_1_15' title='bbox 461 263 543 321; x_wconf 77' lang='grc' dir='ltr'><strong>ὅλῳ</strong></span> <span class='ocrx_word' id='word_1_16' title='bbox 575 266 686 310; x_wconf 74' lang='grc' dir='ltr'><em>ποδί.</em></span> <span class='ocrx_word' id='word_1_17' title='bbox 742 266 1009 308; x_wconf 85' lang='lat' dir='ltr'><strong>Proverbium</strong></span> <span class='ocrx_word' id='word_1_18' title='bbox 1038 273 1112 314; x_wconf 82' lang='lat' dir='ltr'><strong>est,</strong></span> <span class='ocrx_word' id='word_1_19' title='bbox 1138 267 1263 314; x_wconf 87' lang='lat' dir='ltr'><strong>omni,</strong></span> <span class='ocrx_word' id='word_1_20' title='bbox 1293 267 1376 308; x_wconf 87' lang='lat' dir='ltr'><strong>sive</strong></span> <span class='ocrx_word' id='word_1_21' title='bbox 1402 277 1480 311; x_wconf 79' lang='lat' dir='ltr'><strong>toto</strong></span> 
     </span>
     <span class='ocr_line' id='line_1_4' title="bbox 38 320 1481 378; baseline 0.003 -18"><span class='ocrx_word' id='word_1_22' title='bbox 38 320 166 378; x_wconf 80' lang='lat' dir='ltr'><strong>pede,</strong></span> <span class='ocrx_word' id='word_1_23' title='bbox 200 336 275 375; x_wconf 88' lang='lat' dir='ltr'><strong>pro</strong></span> <span class='ocrx_word' id='word_1_24' title='bbox 317 337 364 362; x_wconf 91' lang='lat' dir='ltr'><strong>eo</strong></span> <span class='ocrx_word' id='word_1_25' title='bbox 379 352 391 374; x_wconf 90' lang='lat'><strong>‚</strong></span> <span class='ocrx_word' id='word_1_26' title='bbox 443 321 552 378; x_wconf 88' lang='lat' dir='ltr'><strong>quod</strong></span> <span class='ocrx_word' id='word_1_27' title='bbox 587 329 646 362; x_wconf 88' lang='lat' dir='ltr'><strong>est</strong></span> <span class='ocrx_word' id='word_1_28' title='bbox 684 337 840 363; x_wconf 90' lang='lat' dir='ltr'><strong>summa</strong></span> <span class='ocrx_word' id='word_1_29' title='bbox 881 324 925 363; x_wconf 85' lang='lat' dir='ltr'><strong>vi</strong></span> <span class='ocrx_word' id='word_1_30' title='bbox 961 329 1197 377; x_wconf 79' lang='lat' dir='ltr'><strong>summoque</strong></span> <span class='ocrx_word' id='word_1_31' title='bbox 1236 322 1342 362; x_wconf 90' lang='lat' dir='ltr'><strong>nisu.</strong></span> <span class='ocrx_word' id='word_1_32' title='bbox 1398 325 1481 369; x_wconf 83' lang='lat' dir='ltr'><strong>Adi</strong></span> 
     </span>
     <span class='ocr_line' id='line_1_5' title="bbox 48 376 712 422; baseline 0.011 -8"><span class='ocrx_word' id='word_1_33' title='bbox 48 376 265 418; x_wconf 81' lang='lat' dir='ltr'><strong>ehiliadas.</strong></span> <span class='ocrx_word' id='word_1_34' title='bbox 298 392 466 422; x_wconf 66' lang='lat' dir='ltr'><strong>Pon-rm.</strong></span> <span class='ocrx_word' id='word_1_35' title='bbox 709 406 712 409; x_wconf 87' lang='lat'><strong>·</strong></span> 
     </span>
    </p>

    <p class='ocr_par' dir='ltr' id='par_1_4' title="bbox 156 430 889 488">
     <span class='ocr_line' id='line_1_6' title="bbox 156 430 889 488; baseline 0 -16"><span class='ocrx_word' id='word_1_36' title='bbox 156 432 257 486; x_wconf 82' lang='lat' dir='ltr'><strong>Pag.</strong></span> <span class='ocrx_word' id='word_1_37' title='bbox 289 433 434 487; x_wconf 51' lang='lat'><strong>7423.</strong></span> <span class='ocrx_word' id='word_1_38' title='bbox 463 430 704 488; x_wconf 81' lang='grc' dir='ltr'><em>καταστήσῃ</em></span> <span class='ocrx_word' id='word_1_39' title='bbox 732 433 792 472; x_wconf 90' lang='grc' dir='ltr'><strong>Μ.</strong></span> <span class='ocrx_word' id='word_1_40' title='bbox 810 446 889 486; x_wconf 85' lang='lat' dir='ltr'><strong>mg.</strong></span> 
     </span>
    </p>

    <p class='ocr_par' dir='ltr' id='par_1_5' title="bbox 155 487 882 542">
     <span class='ocr_line' id='line_1_7' title="bbox 155 487 882 542; baseline 0.006 -16"><span class='ocrx_word' id='word_1_41' title='bbox 155 488 258 540; x_wconf 77' lang='lat' dir='ltr'><em>Pag.</em></span> <span class='ocrx_word' id='word_1_42' title='bbox 287 488 357 542; x_wconf 87' lang='lat'><strong>75,</strong></span> <span class='ocrx_word' id='word_1_43' title='bbox 393 503 425 528; x_wconf 87' lang='lat'><strong>1.</strong></span> <span class='ocrx_word' id='word_1_44' title='bbox 455 487 646 535; x_wconf 78' lang='grc' dir='ltr'><em>δουλείας</em></span> <span class='ocrx_word' id='word_1_45' title='bbox 675 490 732 528; x_wconf 94' lang='grc' dir='ltr'><strong>Μ.</strong></span> <span class='ocrx_word' id='word_1_46' title='bbox 760 495 882 531; x_wconf 84' lang='lat' dir='ltr'><strong>recte.</strong></span> 
     </span>
    </p>

    <p class='ocr_par' dir='ltr' id='par_1_6' title="bbox 151 539 794 597">
     <span class='ocr_line' id='line_1_8' title="bbox 151 539 794 597; baseline 0.005 -17"><span class='ocrx_word' id='word_1_47' title='bbox 151 542 252 595; x_wconf 80' lang='lat' dir='ltr'><strong><em>Pag.</em></strong></span> <span class='ocrx_word' id='word_1_48' title='bbox 284 545 353 597; x_wconf 85' lang='grc'><strong>75,</strong></span> <span class='ocrx_word' id='word_1_49' title='bbox 382 545 421 594; x_wconf 79' lang='grc'><strong>4.</strong></span> <span class='ocrx_word' id='word_1_50' title='bbox 451 539 551 594; x_wconf 72' lang='grc' dir='ltr'><em>ὑμῖν</em></span> <span class='ocrx_word' id='word_1_51' title='bbox 576 539 712 590; x_wconf 74' lang='grc' dir='ltr'><em>ἔξεστι</em></span> <span class='ocrx_word' id='word_1_52' title='bbox 738 543 794 583; x_wconf 90' lang='grc' dir='ltr'><strong>Μ.</strong></span> 
     </span>
    </p>

    <p class='ocr_par' dir='ltr' id='par_1_7' title="bbox 0 590 1487 817">
     <span class='ocr_line' id='line_1_9' title="bbox 154 590 1482 652; baseline 0.005 -16"><span class='ocrx_word' id='word_1_53' title='bbox 154 597 254 650; x_wconf 81' lang='lat' dir='ltr'><strong><em>Pag.</em></strong></span> <span class='ocrx_word' id='word_1_54' title='bbox 283 601 350 652; x_wconf 84' lang='lat'><strong>75,</strong></span> <span class='ocrx_word' id='word_1_55' title='bbox 375 613 439 640; x_wconf 83' lang='lat'><strong>21.</strong></span> <span class='ocrx_word' id='word_1_56' title='bbox 471 596 684 651; x_wconf 82' lang='grc' dir='ltr'><em>κατεφίλει</em></span> <span class='ocrx_word' id='word_1_57' title='bbox 711 596 788 645; x_wconf 80' lang='grc' dir='ltr'><strong>τὰς</strong></span> <span class='ocrx_word' id='word_1_58' title='bbox 813 590 946 649; x_wconf 68' lang='grc' dir='ltr'><em>ὄψεις.</em></span> <span class='ocrx_word' id='word_1_59' title='bbox 1004 599 1145 638; x_wconf 88' lang='lat' dir='ltr'><strong>Monet</strong></span> <span class='ocrx_word' id='word_1_60' title='bbox 1185 613 1250 639; x_wconf 87' lang='lat' dir='ltr'><strong>me</strong></span> <span class='ocrx_word' id='word_1_61' title='bbox 1290 613 1482 643; x_wconf 87' lang='lat' dir='ltr'><strong>numerus</strong></span> 
     </span>
     <span class='ocr_line' id='line_1_10' title="bbox 43 651 1483 707; baseline 0.003 -13.884"><span class='ocrx_word' id='word_1_62' title='bbox 43 651 336 703; x_wconf 85' lang='lat' dir='ltr'><strong>multitudinis,</strong></span> <span class='ocrx_word' id='word_1_63' title='bbox 367 661 413 693; x_wconf 89' lang='lat' dir='ltr'><strong>ut</strong></span> <span class='ocrx_word' id='word_1_64' title='bbox 440 653 490 693; x_wconf 90' lang='lat' dir='ltr'><strong>de</strong></span> <span class='ocrx_word' id='word_1_65' title='bbox 519 653 644 691; x_wconf 91' lang='lat' dir='ltr'><strong>oculis</strong></span> <span class='ocrx_word' id='word_1_66' title='bbox 675 654 893 706; x_wconf 83' lang='lat' dir='ltr'>accipiam,</span> <span class='ocrx_word' id='word_1_67' title='bbox 922 655 1080 692; x_wconf 86' lang='lat' dir='ltr'><strong>tametsi</strong></span> <span class='ocrx_word' id='word_1_68' title='bbox 1108 654 1230 707; x_wconf 87' lang='lat' dir='ltr'><strong>paulo</strong></span> <span class='ocrx_word' id='word_1_69' title='bbox 1255 655 1359 695; x_wconf 86' lang='lat' dir='ltr'><strong>infra</strong></span> <span class='ocrx_word' id='word_1_70' title='bbox 1385 657 1483 697; x_wconf 86' lang='lat' dir='ltr'><strong>dicit</strong></span> 
     </span>
     <span class='ocr_line' id='line_1_11' title="bbox 0 702 1485 759; baseline 0.004 -14"><span class='ocrx_word' id='word_1_71' title='bbox 0 721 4 745; x_wconf 71' lang='grc' dir='ltr'><strong><em>ε</em></strong></span> <span class='ocrx_word' id='word_1_72' title='bbox 38 702 282 759; x_wconf 79' lang='grc' dir='ltr'><em>πρόσωπον,</em></span> <span class='ocrx_word' id='word_1_73' title='bbox 311 710 468 759; x_wconf 86' lang='lat' dir='ltr'><strong>faciem,</strong></span> <span class='ocrx_word' id='word_1_74' title='bbox 497 708 719 747; x_wconf 85' lang='lat' dir='ltr'><strong>osculatum</strong></span> <span class='ocrx_word' id='word_1_75' title='bbox 748 722 861 759; x_wconf 87' lang='lat' dir='ltr'><strong>esse;</strong></span> <span class='ocrx_word' id='word_1_76' title='bbox 899 722 995 747; x_wconf 88' lang='lat' dir='ltr'><strong>nam</strong></span> <span class='ocrx_word' id='word_1_77' title='bbox 1023 710 1060 747; x_wconf 91' lang='lat' dir='ltr'><strong>ei</strong></span> <span class='ocrx_word' id='word_1_78' title='bbox 1089 710 1196 748; x_wconf 88' lang='lat' dir='ltr'><strong>oculi</strong></span> <span class='ocrx_word' id='word_1_79' title='bbox 1224 718 1319 749; x_wconf 83' lang='lat' dir='ltr'><strong>sunt</strong></span> <span class='ocrx_word' id='word_1_80' title='bbox 1350 712 1391 750; x_wconf 89' lang='lat' dir='ltr'><strong>in</strong></span> <span class='ocrx_word' id='word_1_81' title='bbox 1420 713 1485 751; x_wconf 83' lang='lat' dir='ltr'><strong>fa-</strong></span> 
     </span>
     <span class='ocr_line' id='line_1_12' title="bbox 0 762 1487 817; baseline 0.004 -17"><span class='ocrx_word' id='word_1_82' title='bbox 0 776 2 799; x_wconf 81' lang='lat'><em>=</em></span> <span class='ocrx_word' id='word_1_83' title='bbox 43 764 117 805; x_wconf 84' lang='lat' dir='ltr'><strong>cie.</strong></span> <span class='ocrx_word' id='word_1_84' title='bbox 173 762 298 802; x_wconf 84' lang='lat' dir='ltr'><strong>Labia</strong></span> <span class='ocrx_word' id='word_1_85' title='bbox 320 794 332 814; x_wconf 87' lang='grc'><strong>,</strong></span> <span class='ocrx_word' id='word_1_86' title='bbox 363 777 508 817; x_wconf 83' lang='lat' dir='ltr'><strong>genas,</strong></span> <span class='ocrx_word' id='word_1_87' title='bbox 537 762 676 802; x_wconf 91' lang='lat' dir='ltr'><strong>oculos</strong></span> <span class='ocrx_word' id='word_1_88' title='bbox 697 793 710 814; x_wconf 87' lang='lat'>‚</span> <span class='ocrx_word' id='word_1_89' title='bbox 737 764 908 802; x_wconf 86' lang='lat' dir='ltr'><strong>frontem</strong></span> <span class='ocrx_word' id='word_1_90' title='bbox 927 793 940 815; x_wconf 89' lang='lat'>,</span> <span class='ocrx_word' id='word_1_91' title='bbox 972 763 1142 810; x_wconf 83' lang='lat' dir='ltr'><strong>collum,</strong></span> <span class='ocrx_word' id='word_1_92' title='bbox 1190 765 1360 804; x_wconf 88' lang='lat' dir='ltr'><strong>osculari</strong></span> <span class='ocrx_word' id='word_1_93' title='bbox 1399 781 1487 807; x_wconf 87' lang='lat' dir='ltr'><strong>mos</strong></span> 
     </span>
    </p>
   </div>
   <div class='ocr_carea' id='block_1_3' title="bbox 0 0 31 3158">
    <p class='ocr_par' dir='ltr' id='par_1_8' title="bbox 0 0 31 3158">
     <span class='ocr_line' id='line_1_13' title="bbox 0 0 31 3158; baseline 0 -2535"><span class='ocrx_word' id='word_1_94' title='bbox 0 0 31 3158; x_wconf 95' lang='lat' dir='ltr'><strong>   </strong></span> 
     </span>
    </p>
   </div>
   <div class='ocr_carea' id='block_1_4' title="bbox 0 871 1490 2748">
    <p class='ocr_par' dir='ltr' id='par_1_9' title="bbox 0 871 1486 1103">
     <span class='ocr_line' id='line_1_14' title="bbox 41 871 1486 929; baseline 0.002 -17"><span class='ocrx_word' id='word_1_95' title='bbox 41 874 122 912; x_wconf 86' lang='lat' dir='ltr'><strong>sint</strong></span> <span class='ocrx_word' id='word_1_96' title='bbox 149 873 298 912; x_wconf 82' lang='lat' dir='ltr'><strong>indices</strong></span> <span class='ocrx_word' id='word_1_97' title='bbox 325 874 476 922; x_wconf 86' lang='lat' dir='ltr'><strong>animi,</strong></span> <span class='ocrx_word' id='word_1_98' title='bbox 506 873 606 925; x_wconf 85' lang='lat' dir='ltr'><strong>ipsis</strong></span> <span class='ocrx_word' id='word_1_99' title='bbox 634 871 861 912; x_wconf 85' lang='lat' dir='ltr'><strong>osculandis</strong></span> <span class='ocrx_word' id='word_1_100' title='bbox 889 874 1068 912; x_wconf 87' lang='lat' dir='ltr'><strong>animum</strong></span> <span class='ocrx_word' id='word_1_101' title='bbox 1096 875 1228 926; x_wconf 90' lang='lat' dir='ltr'><strong>ipsum</strong></span> <span class='ocrx_word' id='word_1_102' title='bbox 1254 877 1486 929; x_wconf 83' lang='lat' dir='ltr'><strong>contingere</strong></span> 
     </span>
     <span class='ocr_line' id='line_1_15' title="bbox 0 927 1485 983; baseline 0.004 -19"><span class='ocrx_word' id='word_1_103' title='bbox 0 940 2 964; x_wconf 85' lang='lat'>:</span> <span class='ocrx_word' id='word_1_104' title='bbox 39 928 117 967; x_wconf 69' lang='lat' dir='ltr'><strong>sibi</strong></span> <span class='ocrx_word' id='word_1_105' title='bbox 141 928 389 972; x_wconf 83' lang='lat' dir='ltr'><strong>viderentur.</strong></span> <span class='ocrx_word' id='word_1_106' title='bbox 444 928 508 967; x_wconf 91' lang='lat' dir='ltr'><strong>De</strong></span> <span class='ocrx_word' id='word_1_107' title='bbox 536 927 767 967; x_wconf 89' lang='lat' dir='ltr'><strong>osculorum</strong></span> <span class='ocrx_word' id='word_1_108' title='bbox 808 927 1019 982; x_wconf 85' lang='lat' dir='ltr'><strong>generibus</strong></span> <span class='ocrx_word' id='word_1_109' title='bbox 1059 929 1153 968; x_wconf 87' lang='lat' dir='ltr'><strong>vide</strong></span> <span class='ocrx_word' id='word_1_110' title='bbox 1180 930 1361 983; x_wconf 89' lang='lat' dir='ltr'><strong>Lipsium</strong></span> <span class='ocrx_word' id='word_1_111' title='bbox 1387 931 1485 970; x_wconf 86' lang='lat' dir='ltr'><strong>Ele-</strong></span> 
     </span>
     <span class='ocr_line' id='line_1_16' title="bbox 0 982 1482 1038; baseline 0.003 -17"><span class='ocrx_word' id='word_1_112' title='bbox 0 1004 2 1012; x_wconf 94' lang='lat'><em>·</em></span> <span class='ocrx_word' id='word_1_113' title='bbox 39 989 139 1022; x_wconf 72' lang='lat' dir='ltr'><strong>otor.</strong></span> <span class='ocrx_word' id='word_1_114' title='bbox 173 982 243 1022; x_wconf 87' lang='lat' dir='ltr'><strong>lib.</strong></span> <span class='ocrx_word' id='word_1_115' title='bbox 277 997 309 1024; x_wconf 92' lang='lat'><strong>1.</strong></span> <span class='ocrx_word' id='word_1_116' title='bbox 339 997 427 1038; x_wconf 80' lang='lat' dir='ltr'><strong>cap.</strong></span> <span class='ocrx_word' id='word_1_117' title='bbox 454 983 495 1026; x_wconf 88' lang='lat'><strong>6.</strong></span> <span class='ocrx_word' id='word_1_118' title='bbox 529 990 569 1022; x_wconf 86' lang='lat' dir='ltr'><strong>et</strong></span> <span class='ocrx_word' id='word_1_119' title='bbox 596 982 798 1037; x_wconf 86' lang='lat' dir='ltr'><strong>symbolas</strong></span> <span class='ocrx_word' id='word_1_120' title='bbox 829 990 987 1023; x_wconf 87' lang='lat' dir='ltr'><strong>nostras</strong></span> <span class='ocrx_word' id='word_1_121' title='bbox 1023 983 1063 1022; x_wconf 91' lang='lat' dir='ltr'><strong>in</strong></span> <span class='ocrx_word' id='word_1_122' title='bbox 1102 983 1203 1023; x_wconf 87' lang='lat' dir='ltr'><strong>illud</strong></span> <span class='ocrx_word' id='word_1_123' title='bbox 1237 999 1270 1025; x_wconf 86' lang='lat'><strong>1.</strong></span> <span class='ocrx_word' id='word_1_124' title='bbox 1308 985 1482 1026; x_wconf 88' lang='lat' dir='ltr'><strong>Aeneid.</strong></span> 
     </span>
     <span class='ocr_line' id='line_1_17' title="bbox 43 1037 1355 1103; baseline 0.002 -26"><span class='ocrx_word' id='word_1_125' title='bbox 43 1037 141 1077; x_wconf 68' lang='lat' dir='ltr'><strong>cum</strong></span> <span class='ocrx_word' id='word_1_126' title='bbox 170 1038 285 1078; x_wconf 79' lang='lat' dir='ltr'><em>dabit</em></span> <span class='ocrx_word' id='word_1_127' title='bbox 315 1039 547 1094; x_wconf 68' lang='lat' dir='ltr'><strong>amplexm,</strong></span> <span class='ocrx_word' id='word_1_128' title='bbox 583 1047 701 1103; x_wconf 74' lang='lat' dir='ltr'><strong>atque</strong></span> <span class='ocrx_word' id='word_1_129' title='bbox 727 1038 858 1078; x_wconf 76' lang='lat' dir='ltr'><strong>oscula</strong></span> <span class='ocrx_word' id='word_1_130' title='bbox 882 1039 1017 1078; x_wconf 83' lang='lat' dir='ltr'><strong>dulcia</strong></span> <span class='ocrx_word' id='word_1_131' title='bbox 1028 1037 1147 1092; x_wconf 81' lang='lat' dir='ltr'><strong>figet.</strong></span> <span class='ocrx_word' id='word_1_132' title='bbox 1181 1053 1355 1081; x_wconf 73' lang='lat' dir='ltr'>PONTAN.</span> 
     </span>
    </p>

    <p class='ocr_par' dir='ltr' id='par_1_10' title="bbox 90 1088 1415 1150">
     <span class='ocr_line' id='line_1_18' title="bbox 90 1088 1415 1150; baseline 0.003 -17"><span class='ocrx_word' id='word_1_133' title='bbox 90 1093 96 1099; x_wconf 84' lang='grc'><em>’</em></span> <span class='ocrx_word' id='word_1_134' title='bbox 151 1093 417 1148; x_wconf 81' lang='lat' dir='ltr'><strong>Pag.75‚21.</strong></span> <span class='ocrx_word' id='word_1_135' title='bbox 449 1093 526 1133; x_wconf 83' lang='grc' dir='ltr'><strong>τοῦ</strong></span> <span class='ocrx_word' id='word_1_136' title='bbox 552 1088 722 1145; x_wconf 74' lang='grc' dir='ltr'><em>ἔγγονου</em></span> <span class='ocrx_word' id='word_1_137' title='bbox 751 1093 844 1132; x_wconf 84' lang='lat' dir='ltr'><strong>add.</strong></span> <span class='ocrx_word' id='word_1_138' title='bbox 875 1095 931 1134; x_wconf 90' lang='grc' dir='ltr'><strong>Μ.</strong></span> <span class='ocrx_word' id='word_1_139' title='bbox 958 1107 1039 1147; x_wconf 87' lang='lat' dir='ltr'><strong>mg.</strong></span> <span class='ocrx_word' id='word_1_140' title='bbox 1066 1101 1158 1147; x_wconf 89' lang='lat' dir='ltr'><strong>post</strong></span> <span class='ocrx_word' id='word_1_141' title='bbox 1190 1091 1415 1150; x_wconf 71' lang='grc' dir='ltr'><em>κατεφίλει.</em></span> 
     </span>
    </p>

    <p class='ocr_par' dir='ltr' id='par_1_11' title="bbox 151 1144 958 1204">
     <span class='ocr_line' id='line_1_19' title="bbox 151 1144 958 1204; baseline 0.001 -17"><span class='ocrx_word' id='word_1_142' title='bbox 151 1148 254 1202; x_wconf 83' lang='lat' dir='ltr'><em>Pag.</em></span> <span class='ocrx_word' id='word_1_143' title='bbox 271 1149 336 1204; x_wconf 87' lang='lat'><strong>76,</strong></span> <span class='ocrx_word' id='word_1_144' title='bbox 349 1151 389 1197; x_wconf 72' lang='grc'><strong>4.</strong></span> <span class='ocrx_word' id='word_1_145' title='bbox 415 1147 640 1201; x_wconf 83' lang='grc' dir='ltr'><em>βασιλείων</em></span> <span class='ocrx_word' id='word_1_146' title='bbox 659 1161 704 1187; x_wconf 84' lang='grc' dir='ltr'><em>τε</em></span> <span class='ocrx_word' id='word_1_147' title='bbox 731 1144 870 1187; x_wconf 80' lang='grc' dir='ltr'><em>οἴκαδε</em></span> <span class='ocrx_word' id='word_1_148' title='bbox 899 1149 958 1189; x_wconf 86' lang='grc' dir='ltr'><strong>Μ.</strong></span> 
     </span>
    </p>

    <p class='ocr_par' dir='ltr' id='par_1_12' title="bbox 150 1197 1119 1259">
     <span class='ocr_line' id='line_1_20' title="bbox 150 1197 1119 1259; baseline 0 -16"><span class='ocrx_word' id='word_1_149' title='bbox 150 1205 254 1257; x_wconf 80' lang='lat' dir='ltr'><strong>Pag.</strong></span> <span class='ocrx_word' id='word_1_150' title='bbox 272 1205 339 1259; x_wconf 88' lang='grc'><strong>76,</strong></span> <span class='ocrx_word' id='word_1_151' title='bbox 360 1219 424 1258; x_wconf 87' lang='lat'><strong>¹9·</strong></span> <span class='ocrx_word' id='word_1_152' title='bbox 458 1203 532 1243; x_wconf 86' lang='grc' dir='ltr'>καί</span> <span class='ocrx_word' id='word_1_153' title='bbox 557 1199 690 1243; x_wconf 70' lang='grc' dir='ltr'><em>αὐτὸν</em></span> <span class='ocrx_word' id='word_1_154' title='bbox 717 1197 842 1242; x_wconf 77' lang='grc' dir='ltr'><em>αὐτὸν</em></span> <span class='ocrx_word' id='word_1_155' title='bbox 870 1204 928 1246; x_wconf 90' lang='grc' dir='ltr'><strong>Μ.</strong></span> <span class='ocrx_word' id='word_1_156' title='bbox 944 1217 1119 1259; x_wconf 86' lang='lat' dir='ltr'><strong>quoque.</strong></span> 
     </span>
    </p>

    <p class='ocr_par' dir='ltr' id='par_1_13' title="bbox 152 1254 859 1315">
     <span class='ocr_line' id='line_1_21' title="bbox 152 1254 859 1315; baseline 0.001 -16"><span class='ocrx_word' id='word_1_157' title='bbox 152 1259 255 1312; x_wconf 78' lang='lat' dir='ltr'><strong><em>Pag.</em></strong></span> <span class='ocrx_word' id='word_1_158' title='bbox 272 1275 341 1315; x_wconf 83' lang='lat'><strong>77,</strong></span> <span class='ocrx_word' id='word_1_159' title='bbox 356 1259 394 1311; x_wconf 75' lang='grc'><strong>4.</strong></span> <span class='ocrx_word' id='word_1_160' title='bbox 423 1254 769 1311; x_wconf 74' lang='grc' dir='ltr'><em>ἐπιτροπεύσαντι</em></span> <span class='ocrx_word' id='word_1_161' title='bbox 795 1258 859 1300; x_wconf 92' lang='grc' dir='ltr'><strong>Μ.</strong></span> 
     </span>
    </p>

    <p class='ocr_par' dir='ltr' id='par_1_14' title="bbox 151 1314 676 1370">
     <span class='ocr_line' id='line_1_22' title="bbox 151 1314 676 1370; baseline -0.002 -15"><span class='ocrx_word' id='word_1_162' title='bbox 151 1315 253 1367; x_wconf 78' lang='lat' dir='ltr'><em>Pag.</em></span> <span class='ocrx_word' id='word_1_163' title='bbox 275 1331 344 1370; x_wconf 88' lang='grc'><strong>77,</strong></span> <span class='ocrx_word' id='word_1_164' title='bbox 362 1314 398 1355; x_wconf 82' lang='grc'><strong>5.</strong></span> <span class='ocrx_word' id='word_1_165' title='bbox 427 1314 587 1366; x_wconf 80' lang='grc' dir='ltr'><em>γένοιτο</em></span> <span class='ocrx_word' id='word_1_166' title='bbox 617 1314 676 1355; x_wconf 94' lang='grc' dir='ltr'><strong>Μ.</strong></span> 
     </span>
    </p>

    <p class='ocr_par' dir='ltr' id='par_1_15' title="bbox 151 1361 1009 1425">
     <span class='ocr_line' id='line_1_23' title="bbox 151 1361 1009 1425; baseline -0.001 -17"><span class='ocrx_word' id='word_1_167' title='bbox 151 1368 253 1423; x_wconf 83' lang='lat' dir='ltr'><em>Pag.</em></span> <span class='ocrx_word' id='word_1_168' title='bbox 271 1386 340 1425; x_wconf 82' lang='lat'><strong>77,</strong></span> <span class='ocrx_word' id='word_1_169' title='bbox 363 1369 423 1422; x_wconf 72' lang='grc'><strong>14.</strong></span> <span class='ocrx_word' id='word_1_170' title='bbox 454 1361 511 1409; x_wconf 74' lang='grc' dir='ltr'><strong>ὧν</strong></span> <span class='ocrx_word' id='word_1_171' title='bbox 540 1367 808 1420; x_wconf 80' lang='grc' dir='ltr'><em>ἐπιτέταγμαι</em></span> <span class='ocrx_word' id='word_1_172' title='bbox 837 1369 895 1412; x_wconf 85' lang='grc' dir='ltr'><strong>Μ.</strong></span> <span class='ocrx_word' id='word_1_173' title='bbox 928 1383 1009 1423; x_wconf 73' lang='lat' dir='ltr'><strong>mg·</strong></span> 
     </span>
    </p>

    <p class='ocr_par' dir='ltr' id='par_1_16' title="bbox 151 1422 670 1479">
     <span class='ocr_line' id='line_1_24' title="bbox 151 1422 670 1479; baseline -0.002 -14"><span class='ocrx_word' id='word_1_174' title='bbox 151 1425 253 1478; x_wconf 84' lang='lat' dir='ltr'><em>Pag.</em></span> <span class='ocrx_word' id='word_1_175' title='bbox 277 1440 298 1479; x_wconf 91' lang='grc'><strong>7</strong></span> <span class='ocrx_word' id='word_1_176' title='bbox 333 1454 344 1474; x_wconf 87' lang='grc'><strong>,</strong></span> <span class='ocrx_word' id='word_1_177' title='bbox 365 1427 426 1467; x_wconf 85' lang='lat'><strong>15.</strong></span> <span class='ocrx_word' id='word_1_178' title='bbox 455 1422 583 1475; x_wconf 76' lang='grc' dir='ltr'><em>τάχος</em></span> <span class='ocrx_word' id='word_1_179' title='bbox 611 1425 670 1464; x_wconf 85' lang='grc' dir='ltr'><strong>Μ.</strong></span> 
     </span>
    </p>

    <p class='ocr_par' dir='ltr' id='par_1_17' title="bbox 153 1441 1488 1535">
     <span class='ocr_line' id='line_1_25' title="bbox 153 1441 1488 1535; baseline 0.001 -16"><span class='ocrx_word' id='word_1_180' title='bbox 153 1479 254 1533; x_wconf 78' lang='lat' dir='ltr'><em>Pag.</em></span> <span class='ocrx_word' id='word_1_181' title='bbox 271 1441 339 1535; x_wconf 53' lang='lat'><strong>73,</strong></span> <span class='ocrx_word' id='word_1_182' title='bbox 353 1483 390 1522; x_wconf 85' lang='grc'><strong>3.</strong></span> <span class='ocrx_word' id='word_1_183' title='bbox 417 1475 692 1532; x_wconf 80' lang='grc' dir='ltr'><em>βεβούλευται</em></span> <span class='ocrx_word' id='word_1_184' title='bbox 711 1479 769 1517; x_wconf 94' lang='grc' dir='ltr'><strong>Μ.</strong></span> <span class='ocrx_word' id='word_1_185' title='bbox 786 1485 898 1528; x_wconf 63' lang='lat' dir='ltr'><strong>text„</strong></span> <span class='ocrx_word' id='word_1_186' title='bbox 919 1493 1040 1533; x_wconf 88' lang='lat' dir='ltr'><strong>supra</strong></span> <span class='ocrx_word' id='word_1_187' title='bbox 1058 1478 1204 1519; x_wconf 83' lang='lat' dir='ltr'><strong>lineam</strong></span> <span class='ocrx_word' id='word_1_188' title='bbox 1219 1477 1488 1535; x_wconf 77' lang='grc' dir='ltr'><em>βεβούληται.</em></span> 
     </span>
    </p>

    <p class='ocr_par' dir='ltr' id='par_1_18' title="bbox 150 1533 888 1590">
     <span class='ocr_line' id='line_1_26' title="bbox 150 1533 888 1590; baseline -0.004 -16"><span class='ocrx_word' id='word_1_189' title='bbox 150 1534 255 1588; x_wconf 81' lang='lat' dir='ltr'><em>Pag.</em></span> <span class='ocrx_word' id='word_1_190' title='bbox 277 1535 342 1590; x_wconf 85' lang='grc'><strong>78,</strong></span> <span class='ocrx_word' id='word_1_191' title='bbox 362 1550 423 1576; x_wconf 90' lang='lat'><strong>11.</strong></span> <span class='ocrx_word' id='word_1_192' title='bbox 452 1533 804 1586; x_wconf 83' lang='grc' dir='ltr'><em>συναιρουμένους</em></span> <span class='ocrx_word' id='word_1_193' title='bbox 830 1534 888 1577; x_wconf 83' lang='lat' dir='ltr'><strong>M,</strong></span> 
     </span>
    </p>

    <p class='ocr_par' dir='ltr' id='par_1_19' title="bbox 39 1588 1490 1920">
     <span class='ocr_line' id='line_1_27' title="bbox 153 1588 1490 1646; baseline 0.002 -18"><span class='ocrx_word' id='word_1_194' title='bbox 153 1588 418 1644; x_wconf 80' lang='lat' dir='ltr'>Pag.78‚2¹-</span> <span class='ocrx_word' id='word_1_195' title='bbox 453 1603 554 1646; x_wconf 87' lang='lat' dir='ltr'><strong>pro</strong></span> <span class='ocrx_word' id='word_1_196' title='bbox 588 1590 949 1643; x_wconf 77' lang='lat' dir='ltr'><em>catastrophe.</em></span> <span class='ocrx_word' id='word_1_197' title='bbox 1005 1588 1230 1629; x_wconf 84' lang='lat' dir='ltr'><strong>Cuiuslibet</strong></span> <span class='ocrx_word' id='word_1_198' title='bbox 1275 1591 1334 1629; x_wconf 86' lang='lat' dir='ltr'><strong>rei</strong></span> <span class='ocrx_word' id='word_1_199' title='bbox 1364 1591 1490 1632; x_wconf 85' lang='lat' dir='ltr'><strong>exitus</strong></span> 
     </span>
     <span class='ocr_line' id='line_1_28' title="bbox 39 1641 1488 1699; baseline 0.001 -17"><span class='ocrx_word' id='word_1_200' title='bbox 39 1645 191 1683; x_wconf 71' lang='lat' dir='ltr'><strong>dicitur</strong></span> <span class='ocrx_word' id='word_1_201' title='bbox 217 1641 469 1699; x_wconf 72' lang='lat' dir='ltr'><strong>catastrophe</strong></span> <span class='ocrx_word' id='word_1_202' title='bbox 490 1675 502 1696; x_wconf 84' lang='grc'><strong>,</strong></span> <span class='ocrx_word' id='word_1_203' title='bbox 529 1643 771 1697; x_wconf 79' lang='lat' dir='ltr'>proverbiali</span> <span class='ocrx_word' id='word_1_204' title='bbox 807 1644 947 1697; x_wconf 85' lang='lat' dir='ltr'><strong>figura.</strong></span> <span class='ocrx_word' id='word_1_205' title='bbox 1007 1646 1220 1698; x_wconf 87' lang='lat' dir='ltr'><strong>Sumptum</strong></span> <span class='ocrx_word' id='word_1_206' title='bbox 1248 1659 1272 1684; x_wconf 88' lang='lat' dir='ltr'><strong>a</strong></span> <span class='ocrx_word' id='word_1_207' title='bbox 1313 1648 1488 1691; x_wconf 81' lang='lat' dir='ltr'><strong>comicis,</strong></span> 
     </span>
     <span class='ocr_line' id='line_1_29' title="bbox 42 1694 1489 1754; baseline -0.001 -13"><span class='ocrx_word' id='word_1_208' title='bbox 42 1699 202 1741; x_wconf 82' lang='lat' dir='ltr'><strong>Fabula</strong></span> <span class='ocrx_word' id='word_1_209' title='bbox 228 1703 335 1740; x_wconf 87' lang='lat' dir='ltr'><strong>enim</strong></span> <span class='ocrx_word' id='word_1_210' title='bbox 368 1702 495 1740; x_wconf 90' lang='lat' dir='ltr'><strong>omnis</strong></span> <span class='ocrx_word' id='word_1_211' title='bbox 534 1701 576 1739; x_wconf 89' lang='lat' dir='ltr'><strong>in</strong></span> <span class='ocrx_word' id='word_1_212' title='bbox 612 1707 693 1739; x_wconf 85' lang='lat' dir='ltr'><strong>tres</strong></span> <span class='ocrx_word' id='word_1_213' title='bbox 729 1706 862 1751; x_wconf 87' lang='lat' dir='ltr'><strong>partes</strong></span> <span class='ocrx_word' id='word_1_214' title='bbox 897 1699 1167 1751; x_wconf 83' lang='lat' dir='ltr'><strong>distribuitur,</strong></span> <span class='ocrx_word' id='word_1_215' title='bbox 1204 1700 1245 1738; x_wconf 88' lang='lat' dir='ltr'><strong>in</strong></span> <span class='ocrx_word' id='word_1_216' title='bbox 1273 1694 1489 1754; x_wconf 80' lang='grc' dir='ltr'><em>πρότασιν,</em></span> 
     </span>
     <span class='ocr_line' id='line_1_30' title="bbox 40 1752 1488 1809; baseline -0.001 -14"><span class='ocrx_word' id='word_1_217' title='bbox 40 1754 256 1807; x_wconf 70' lang='grc' dir='ltr'><em>ἐπίτασιν,</em></span> <span class='ocrx_word' id='word_1_218' title='bbox 304 1752 604 1809; x_wconf 80' lang='grc' dir='ltr'><em>καταστροφήν.</em></span> <span class='ocrx_word' id='word_1_219' title='bbox 674 1754 852 1792; x_wconf 85' lang='lat' dir='ltr'><strong>Protasis</strong></span> <span class='ocrx_word' id='word_1_220' title='bbox 892 1761 951 1792; x_wconf 88' lang='lat' dir='ltr'><strong>est</strong></span> <span class='ocrx_word' id='word_1_221' title='bbox 990 1756 1142 1807; x_wconf 86' lang='lat' dir='ltr'><strong>primus</strong></span> <span class='ocrx_word' id='word_1_222' title='bbox 1170 1754 1239 1794; x_wconf 88' lang='lat' dir='ltr'><strong>ille</strong></span> <span class='ocrx_word' id='word_1_223' title='bbox 1266 1754 1488 1805; x_wconf 85' lang='lat' dir='ltr'><strong>tumultus,</strong></span> 
     </span>
     <span class='ocr_line' id='line_1_31' title="bbox 42 1808 1489 1865; baseline 0 -16"><span class='ocrx_word' id='word_1_224' title='bbox 42 1813 157 1864; x_wconf 86' lang='lat' dir='ltr'><strong>quasi</strong></span> <span class='ocrx_word' id='word_1_225' title='bbox 184 1811 364 1864; x_wconf 85' lang='lat' dir='ltr'><strong>gliscens.</strong></span> <span class='ocrx_word' id='word_1_226' title='bbox 405 1811 580 1865; x_wconf 86' lang='lat' dir='ltr'><strong>Epitasis</strong></span> <span class='ocrx_word' id='word_1_227' title='bbox 599 1809 874 1853; x_wconf 83' lang='lat' dir='ltr'><strong>fervidissima.</strong></span> <span class='ocrx_word' id='word_1_228' title='bbox 903 1809 1165 1864; x_wconf 84' lang='lat' dir='ltr'><strong>Catastrophe</strong></span> <span class='ocrx_word' id='word_1_229' title='bbox 1191 1808 1324 1851; x_wconf 88' lang='lat' dir='ltr'><strong>subita</strong></span> <span class='ocrx_word' id='word_1_230' title='bbox 1352 1824 1489 1850; x_wconf 86' lang='lat' dir='ltr'><strong>rerum</strong></span> 
     </span>
     <span class='ocr_line' id='line_1_32' title="bbox 44 1864 1063 1920; baseline 0 -15"><span class='ocrx_word' id='word_1_231' title='bbox 44 1868 315 1909; x_wconf 87' lang='lat' dir='ltr'><strong>commutatio.</strong></span> <span class='ocrx_word' id='word_1_232' title='bbox 347 1867 472 1907; x_wconf 87' lang='lat' dir='ltr'><strong>Plura</strong></span> <span class='ocrx_word' id='word_1_233' title='bbox 491 1866 598 1920; x_wconf 87' lang='lat' dir='ltr'><strong>apud</strong></span> <span class='ocrx_word' id='word_1_234' title='bbox 627 1864 865 1904; x_wconf 86' lang='lat' dir='ltr'><strong>Chiliasten.</strong></span> <span class='ocrx_word' id='word_1_235' title='bbox 892 1878 1063 1909; x_wconf 75' lang='lat' dir='ltr'>PONTAN.</span> 
     </span>
    </p>

    <p class='ocr_par' dir='ltr' id='par_1_20' title="bbox 153 1919 763 1977">
     <span class='ocr_line' id='line_1_33' title="bbox 153 1919 763 1977; baseline -0.002 -16"><span class='ocrx_word' id='word_1_236' title='bbox 153 1923 254 1975; x_wconf 83' lang='lat' dir='ltr'><strong><em>Pag.</em></strong></span> <span class='ocrx_word' id='word_1_237' title='bbox 277 1921 341 1977; x_wconf 88' lang='lat'><strong>78,</strong></span> <span class='ocrx_word' id='word_1_238' title='bbox 357 1923 423 1972; x_wconf 66' lang='lat'><strong>24.</strong></span> <span class='ocrx_word' id='word_1_239' title='bbox 455 1919 678 1974; x_wconf 77' lang='grc' dir='ltr'><em>ἐγχειρίζει</em></span> <span class='ocrx_word' id='word_1_240' title='bbox 707 1922 763 1960; x_wconf 87' lang='grc' dir='ltr'><strong>Μ.</strong></span> 
     </span>
    </p>

    <p class='ocr_par' dir='ltr' id='par_1_21' title="bbox 155 1976 695 2033">
     <span class='ocr_line' id='line_1_34' title="bbox 155 1976 695 2033; baseline -0.006 -16"><span class='ocrx_word' id='word_1_241' title='bbox 155 1977 255 2033; x_wconf 63' lang='grc' dir='ltr'><strong>Ριζς.</strong></span> <span class='ocrx_word' id='word_1_242' title='bbox 276 1992 344 2032; x_wconf 88' lang='lat'><strong>79,</strong></span> <span class='ocrx_word' id='word_1_243' title='bbox 373 1976 411 2029; x_wconf 77' lang='grc'><strong>4.</strong></span> <span class='ocrx_word' id='word_1_244' title='bbox 444 1978 604 2016; x_wconf 76' lang='grc' dir='ltr'><em>κωλῦον</em></span> <span class='ocrx_word' id='word_1_245' title='bbox 634 1977 695 2015; x_wconf 93' lang='grc' dir='ltr'><strong>Μ.</strong></span> 
     </span>
    </p>

    <p class='ocr_par' dir='ltr' id='par_1_22' title="bbox 155 2031 1175 2087">
     <span class='ocr_line' id='line_1_35' title="bbox 155 2031 1175 2087; baseline 0 -15"><span class='ocrx_word' id='word_1_246' title='bbox 155 2032 256 2085; x_wconf 79' lang='lat' dir='ltr'><strong><em>Pag.</em></strong></span> <span class='ocrx_word' id='word_1_247' title='bbox 278 2047 346 2087; x_wconf 89' lang='lat'><strong>79,</strong></span> <span class='ocrx_word' id='word_1_248' title='bbox 378 2047 417 2087; x_wconf 89' lang='lat'><strong>7.</strong></span> <span class='ocrx_word' id='word_1_249' title='bbox 444 2035 600 2085; x_wconf 77' lang='grc' dir='ltr'><em>χωρεῖν</em></span> <span class='ocrx_word' id='word_1_250' title='bbox 627 2031 718 2073; x_wconf 83' lang='lat' dir='ltr'><strong>add.</strong></span> <span class='ocrx_word' id='word_1_251' title='bbox 753 2031 812 2069; x_wconf 92' lang='lat' dir='ltr'><strong>M.</strong></span> <span class='ocrx_word' id='word_1_252' title='bbox 848 2038 939 2084; x_wconf 88' lang='lat' dir='ltr'><strong>post</strong></span> <span class='ocrx_word' id='word_1_253' title='bbox 967 2034 1175 2084; x_wconf 77' lang='grc' dir='ltr'><em>πολεμεῖν.</em></span> 
     </span>
    </p>

    <p class='ocr_par' dir='ltr' id='par_1_23' title="bbox 155 2081 895 2143">
     <span class='ocr_line' id='line_1_36' title="bbox 155 2081 895 2143; baseline -0.003 -15"><span class='ocrx_word' id='word_1_254' title='bbox 155 2087 255 2142; x_wconf 78' lang='lat' dir='ltr'><strong><em>Pag.</em></strong></span> <span class='ocrx_word' id='word_1_255' title='bbox 273 2090 341 2139; x_wconf 89' lang='lat'><strong>80,</strong></span> <span class='ocrx_word' id='word_1_256' title='bbox 370 2088 410 2130; x_wconf 87' lang='grc'><strong>6.</strong></span> <span class='ocrx_word' id='word_1_257' title='bbox 440 2085 554 2143; x_wconf 52' lang='lat' dir='ltr'><strong>mitrii</strong></span> <span class='ocrx_word' id='word_1_258' title='bbox 582 2089 639 2131; x_wconf 85' lang='lat' dir='ltr'><strong>M.</strong></span> <span class='ocrx_word' id='word_1_259' title='bbox 669 2100 744 2139; x_wconf 89' lang='lat' dir='ltr'><strong>pro</strong></span> <span class='ocrx_word' id='word_1_260' title='bbox 765 2081 895 2140; x_wconf 71' lang='grc' dir='ltr'><em>αὐτῷ.</em></span> 
     </span>
    </p>

    <p class='ocr_par' dir='ltr' id='par_1_24' title="bbox 156 2140 1234 2197">
     <span class='ocr_line' id='line_1_37' title="bbox 156 2140 1234 2197; baseline 0.001 -15"><span class='ocrx_word' id='word_1_261' title='bbox 156 2143 261 2197; x_wconf 85' lang='lat' dir='ltr'><strong><em>Pag.</em></strong></span> <span class='ocrx_word' id='word_1_262' title='bbox 278 2144 346 2194; x_wconf 84' lang='lat'><strong>80,</strong></span> <span class='ocrx_word' id='word_1_263' title='bbox 364 2143 423 2187; x_wconf 86' lang='lat'><strong>18,</strong></span> <span class='ocrx_word' id='word_1_264' title='bbox 454 2140 736 2195; x_wconf 76' lang='grc' dir='ltr'><em>ἀποστήσεται</em></span> <span class='ocrx_word' id='word_1_265' title='bbox 769 2143 825 2181; x_wconf 94' lang='grc' dir='ltr'><strong>Μ.</strong></span> <span class='ocrx_word' id='word_1_266' title='bbox 854 2156 929 2194; x_wconf 91' lang='lat' dir='ltr'><strong>pro</strong></span> <span class='ocrx_word' id='word_1_267' title='bbox 956 2140 1234 2183; x_wconf 77' lang='grc' dir='ltr'><em>ἆποσείσεται.</em></span> 
     </span>
    </p>

    <p class='ocr_par' dir='ltr' id='par_1_25' title="bbox 41 2196 1489 2748">
     <span class='ocr_line' id='line_1_38' title="bbox 157 2196 1489 2252; baseline 0.001 -14"><span class='ocrx_word' id='word_1_268' title='bbox 157 2198 412 2251; x_wconf 80' lang='lat' dir='ltr'><strong>Pag.82,12.</strong></span> <span class='ocrx_word' id='word_1_269' title='bbox 441 2212 529 2251; x_wconf 81' lang='lat' dir='ltr'><strong>ego</strong></span> <span class='ocrx_word' id='word_1_270' title='bbox 563 2213 635 2238; x_wconf 85' lang='lat' dir='ltr'><strong>me</strong></span> <span class='ocrx_word' id='word_1_271' title='bbox 662 2196 784 2236; x_wconf 81' lang='lat' dir='ltr'><strong>boni</strong></span> <span class='ocrx_word' id='word_1_272' title='bbox 822 2197 1059 2236; x_wconf 78' lang='lat' dir='ltr'><strong>alicuius</strong></span> <span class='ocrx_word' id='word_1_273' title='bbox 1097 2211 1234 2250; x_wconf 82' lang='lat' dir='ltr'><strong>ergo.</strong></span> <span class='ocrx_word' id='word_1_274' title='bbox 1290 2196 1489 2252; x_wconf 82' lang='lat' dir='ltr'><strong>Gregoras</strong></span> 
     </span>
     <span class='ocr_line' id='line_1_39' title="bbox 47 2251 1486 2307; baseline -0.001 -13"><span class='ocrx_word' id='word_1_275' title='bbox 47 2253 325 2294; x_wconf 80' lang='lat' dir='ltr'><strong>Andronicum</strong></span> <span class='ocrx_word' id='word_1_276' title='bbox 347 2255 544 2294; x_wconf 87' lang='lat' dir='ltr'><strong>iuniorem</strong></span> <span class='ocrx_word' id='word_1_277' title='bbox 563 2267 762 2307; x_wconf 82' lang='lat' dir='ltr'><strong>egressum</strong></span> <span class='ocrx_word' id='word_1_278' title='bbox 777 2281 788 2299; x_wconf 86' lang='lat'><em>‚</em></span> <span class='ocrx_word' id='word_1_279' title='bbox 826 2253 1054 2291; x_wconf 84' lang='lat' dir='ltr'><strong>coniuratos</strong></span> <span class='ocrx_word' id='word_1_280' title='bbox 1072 2251 1378 2292; x_wconf 85' lang='lat' dir='ltr'><strong>circumstetisse</strong></span> <span class='ocrx_word' id='word_1_281' title='bbox 1405 2255 1460 2292; x_wconf 84' lang='lat' dir='ltr'><strong>ait</strong></span> <span class='ocrx_word' id='word_1_282' title='bbox 1474 2283 1486 2304; x_wconf 90' lang='lat'>‚</span> 
     </span>
     <span class='ocr_line' id='line_1_40' title="bbox 44 2308 1488 2363; baseline -0.001 -15"><span class='ocrx_word' id='word_1_283' title='bbox 44 2309 299 2363; x_wconf 82' lang='lat' dir='ltr'><strong>indignantes</strong></span> <span class='ocrx_word' id='word_1_284' title='bbox 328 2316 368 2348; x_wconf 85' lang='lat' dir='ltr'><strong>et</strong></span> <span class='ocrx_word' id='word_1_285' title='bbox 412 2310 453 2349; x_wconf 88' lang='lat' dir='ltr'><strong>in</strong></span> <span class='ocrx_word' id='word_1_286' title='bbox 483 2323 576 2349; x_wconf 88' lang='lat' dir='ltr'><strong>eum</strong></span> <span class='ocrx_word' id='word_1_287' title='bbox 607 2308 891 2357; x_wconf 82' lang='lat' dir='ltr'><strong>vociferantes,</strong></span> <span class='ocrx_word' id='word_1_288' title='bbox 916 2313 962 2346; x_wconf 89' lang='lat' dir='ltr'><strong>ut</strong></span> <span class='ocrx_word' id='word_1_289' title='bbox 989 2308 1058 2361; x_wconf 90' lang='lat' dir='ltr'><strong>qui</strong></span> <span class='ocrx_word' id='word_1_290' title='bbox 1086 2308 1378 2347; x_wconf 88' lang='lat' dir='ltr'><strong>sanctissimum</strong></span> <span class='ocrx_word' id='word_1_291' title='bbox 1406 2310 1488 2347; x_wconf 90' lang='lat' dir='ltr'><strong>ius-</strong></span> 
     </span>
     <span class='ocr_line' id='line_1_41' title="bbox 45 2362 1489 2418; baseline 0 -15"><span class='ocrx_word' id='word_1_292' title='bbox 45 2365 260 2404; x_wconf 82' lang='lat' dir='ltr'><strong>iurandum</strong></span> <span class='ocrx_word' id='word_1_293' title='bbox 287 2364 474 2404; x_wconf 87' lang='lat' dir='ltr'><strong>violasset</strong></span> <span class='ocrx_word' id='word_1_294' title='bbox 529 2378 574 2404; x_wconf 85' lang='lat' dir='ltr'><strong>ac</strong></span> <span class='ocrx_word' id='word_1_295' title='bbox 622 2364 742 2403; x_wconf 85' lang='lat' dir='ltr'><strong>fidem</strong></span> <span class='ocrx_word' id='word_1_296' title='bbox 774 2363 964 2416; x_wconf 84' lang='lat' dir='ltr'><strong>fregisset.</strong></span> <span class='ocrx_word' id='word_1_297' title='bbox 1025 2362 1141 2416; x_wconf 80' lang='lat' dir='ltr'><strong>Quid</strong></span> <span class='ocrx_word' id='word_1_298' title='bbox 1165 2363 1295 2410; x_wconf 85' lang='lat' dir='ltr'><strong>enim,</strong></span> <span class='ocrx_word' id='word_1_299' title='bbox 1332 2363 1489 2418; x_wconf 77' lang='lat' dir='ltr'><strong>inquie-</strong></span> 
     </span>
     <span class='ocr_line' id='line_1_42' title="bbox 47 2418 1488 2473; baseline 0.001 -16"><span class='ocrx_word' id='word_1_300' title='bbox 47 2419 160 2468; x_wconf 79' lang='lat' dir='ltr'><strong>bant,</strong></span> <span class='ocrx_word' id='word_1_301' title='bbox 189 2420 248 2459; x_wconf 85' lang='lat' dir='ltr'><strong>ad</strong></span> <span class='ocrx_word' id='word_1_302' title='bbox 269 2421 378 2459; x_wconf 78' lang='lat' dir='ltr'><strong>istius</strong></span> <span class='ocrx_word' id='word_1_303' title='bbox 399 2420 573 2459; x_wconf 77' lang='lat' dir='ltr'><strong>iniuriae</strong></span> <span class='ocrx_word' id='word_1_304' title='bbox 597 2418 909 2473; x_wconf 82' lang='lat' dir='ltr'><strong>magnitudinem</strong></span> <span class='ocrx_word' id='word_1_305' title='bbox 938 2419 1120 2457; x_wconf 79' lang='lat' dir='ltr'><strong>accedere</strong></span> <span class='ocrx_word' id='word_1_306' title='bbox 1151 2426 1268 2473; x_wconf 83' lang='lat' dir='ltr'><strong>queat</strong></span> <span class='ocrx_word' id='word_1_307' title='bbox 1284 2447 1295 2465; x_wconf 90' lang='lat'>‚</span> <span class='ocrx_word' id='word_1_308' title='bbox 1325 2431 1414 2458; x_wconf 87' lang='lat' dir='ltr'><strong>cum</strong></span> <span class='ocrx_word' id='word_1_309' title='bbox 1446 2427 1488 2458; x_wconf 85' lang='lat' dir='ltr'><strong>tu</strong></span> 
     </span>
     <span class='ocr_line' id='line_1_43' title="bbox 41 2474 1488 2528; baseline -0.001 -15"><span class='ocrx_word' id='word_1_310' title='bbox 41 2487 119 2528; x_wconf 86' lang='lat' dir='ltr'><strong>per</strong></span> <span class='ocrx_word' id='word_1_311' title='bbox 143 2489 212 2515; x_wconf 83' lang='lat' dir='ltr'><strong>nos</strong></span> <span class='ocrx_word' id='word_1_312' title='bbox 222 2476 504 2527; x_wconf 58' lang='lat' dir='ltr'><strong>‚formidabilis</strong></span> <span class='ocrx_word' id='word_1_313' title='bbox 537 2484 574 2513; x_wconf 78' lang='lat' dir='ltr'><strong>et</strong></span> <span class='ocrx_word' id='word_1_314' title='bbox 601 2476 770 2514; x_wconf 76' lang='lat' dir='ltr'><strong>invictus</strong></span> <span class='ocrx_word' id='word_1_315' title='bbox 797 2475 937 2512; x_wconf 83' lang='lat' dir='ltr'><strong>omnia</strong></span> <span class='ocrx_word' id='word_1_316' title='bbox 969 2488 1023 2513; x_wconf 78' lang='lat' dir='ltr'><strong>ex</strong></span> <span class='ocrx_word' id='word_1_317' title='bbox 1046 2475 1176 2512; x_wconf 82' lang='lat' dir='ltr'><em>animi</em></span> <span class='ocrx_word' id='word_1_318' title='bbox 1202 2474 1392 2512; x_wconf 79' lang='lat' dir='ltr'><strong>sententia</strong></span> <span class='ocrx_word' id='word_1_319' title='bbox 1405 2475 1488 2521; x_wconf 85' lang='lat' dir='ltr'><strong>sa-</strong></span> 
     </span>
     <span class='ocr_line' id='line_1_44' title="bbox 49 2528 1489 2583; baseline -0.001 -16"><span class='ocrx_word' id='word_1_320' title='bbox 49 2530 126 2567; x_wconf 85' lang='lat' dir='ltr'><strong>cile</strong></span> <span class='ocrx_word' id='word_1_321' title='bbox 156 2531 364 2582; x_wconf 56' lang='lat' dir='ltr'><strong>corficefis</strong></span> <span class='ocrx_word' id='word_1_322' title='bbox 381 2561 391 2578; x_wconf 88' lang='lat'>‚</span> <span class='ocrx_word' id='word_1_323' title='bbox 419 2531 454 2569; x_wconf 84' lang='lat' dir='ltr'><strong>si</strong></span> <span class='ocrx_word' id='word_1_324' title='bbox 481 2544 550 2569; x_wconf 84' lang='lat' dir='ltr'><strong>nos</strong></span> <span class='ocrx_word' id='word_1_325' title='bbox 574 2530 807 2583; x_wconf 79' lang='lat' dir='ltr'><strong>iugulandos</strong></span> <span class='ocrx_word' id='word_1_326' title='bbox 838 2529 882 2568; x_wconf 82' lang='lat' dir='ltr'><strong>in</strong></span> <span class='ocrx_word' id='word_1_327' title='bbox 919 2529 1003 2568; x_wconf 87' lang='lat' dir='ltr'><strong>orci</strong></span> <span class='ocrx_word' id='word_1_328' title='bbox 1029 2528 1223 2581; x_wconf 78' lang='lat' dir='ltr'><strong>saucibus</strong></span> <span class='ocrx_word' id='word_1_329' title='bbox 1244 2528 1457 2567; x_wconf 73' lang='lat' dir='ltr'><strong>deserueris</strong></span> <span class='ocrx_word' id='word_1_330' title='bbox 1470 2531 1489 2565; x_wconf 85' lang='lat'><em>?</em></span> 
     </span>
     <span class='ocr_line' id='line_1_45' title="bbox 49 2582 1487 2639; baseline -0.001 -16"><span class='ocrx_word' id='word_1_331' title='bbox 49 2583 158 2623; x_wconf 89' lang='lat' dir='ltr'><strong>Tum</strong></span> <span class='ocrx_word' id='word_1_332' title='bbox 189 2585 239 2623; x_wconf 92' lang='lat' dir='ltr'><strong>dc</strong></span> <span class='ocrx_word' id='word_1_333' title='bbox 270 2593 448 2626; x_wconf 82' lang='lat' dir='ltr'><strong>recusata</strong></span> <span class='ocrx_word' id='word_1_334' title='bbox 477 2585 673 2639; x_wconf 83' lang='lat' dir='ltr'><strong>legatione</strong></span> <span class='ocrx_word' id='word_1_335' title='bbox 701 2600 724 2624; x_wconf 87' lang='lat' dir='ltr'><strong>a</strong></span> <span class='ocrx_word' id='word_1_336' title='bbox 755 2583 976 2623; x_wconf 83' lang='lat' dir='ltr'><strong>Metochite</strong></span> <span class='ocrx_word' id='word_1_337' title='bbox 1007 2583 1106 2624; x_wconf 83' lang='lat' dir='ltr'><strong>haec</strong></span> <span class='ocrx_word' id='word_1_338' title='bbox 1134 2583 1361 2636; x_wconf 84' lang='lat' dir='ltr'><strong>subiungit:</strong></span> <span class='ocrx_word' id='word_1_339' title='bbox 1406 2582 1487 2621; x_wconf 77' lang='lat' dir='ltr'><strong>His</strong></span> 
     </span>
     <span class='ocr_line' id='line_1_46' title="bbox 53 2639 1489 2693; baseline -0.001 -16"><span class='ocrx_word' id='word_1_340' title='bbox 53 2648 90 2677; x_wconf 85' lang='lat' dir='ltr'><strong>et</strong></span> <span class='ocrx_word' id='word_1_341' title='bbox 113 2640 330 2678; x_wconf 79' lang='lat' dir='ltr'><strong>huiusmodi</strong></span> <span class='ocrx_word' id='word_1_342' title='bbox 358 2641 523 2693; x_wconf 69' lang='lat' dir='ltr'><strong>gestibus</strong></span> <span class='ocrx_word' id='word_1_343' title='bbox 546 2650 584 2679; x_wconf 86' lang='lat' dir='ltr'><strong>et</strong></span> <span class='ocrx_word' id='word_1_344' title='bbox 609 2641 766 2680; x_wconf 80' lang='lat' dir='ltr'><strong>vocibus</strong></span> <span class='ocrx_word' id='word_1_345' title='bbox 777 2641 940 2690; x_wconf 72' lang='lat' dir='ltr'><strong>stactus</strong></span> <span class='ocrx_word' id='word_1_346' title='bbox 976 2649 1014 2678; x_wconf 81' lang='lat' dir='ltr'><strong>et</strong></span> <span class='ocrx_word' id='word_1_347' title='bbox 1031 2639 1265 2693; x_wconf 66' lang='lat' dir='ltr'><strong>pudefactus</strong></span> <span class='ocrx_word' id='word_1_348' title='bbox 1303 2651 1489 2690; x_wconf 81' lang='lat' dir='ltr'><strong>magnum</strong></span> 
     </span>
     <span class='ocr_line' id='line_1_47' title="bbox 53 2693 1488 2748; baseline -0.001 -16"><span class='ocrx_word' id='word_1_349' title='bbox 53 2693 304 2746; x_wconf 72' lang='lat' dir='ltr'><strong>Logotlcetam</strong></span> <span class='ocrx_word' id='word_1_350' title='bbox 331 2697 387 2735; x_wconf 79' lang='lat' dir='ltr'><strong>ad</strong></span> <span class='ocrx_word' id='word_1_351' title='bbox 405 2710 444 2735; x_wconf 85' lang='lat' dir='ltr'><strong>sc</strong></span> <span class='ocrx_word' id='word_1_352' title='bbox 475 2694 609 2737; x_wconf 80' lang='lat' dir='ltr'><strong>venire</strong></span> <span class='ocrx_word' id='word_1_353' title='bbox 631 2697 742 2738; x_wconf 79' lang='lat' dir='ltr'><strong>iussit</strong></span> <span class='ocrx_word' id='word_1_354' title='bbox 772 2695 822 2735; x_wconf 86' lang='lat' dir='ltr'><strong>ab</strong></span> <span class='ocrx_word' id='word_1_355' title='bbox 850 2709 968 2748; x_wconf 78' lang='lat' dir='ltr'><strong>eoque</strong></span> <span class='ocrx_word' id='word_1_356' title='bbox 988 2695 1106 2747; x_wconf 80' lang='lat' dir='ltr'><strong>peciit</strong></span> <span class='ocrx_word' id='word_1_357' title='bbox 1120 2723 1132 2744; x_wconf 87' lang='lat'><strong>,</strong></span> <span class='ocrx_word' id='word_1_358' title='bbox 1158 2701 1199 2734; x_wconf 73' lang='lat' dir='ltr'><strong>ue</strong></span> <span class='ocrx_word' id='word_1_359' title='bbox 1231 2693 1341 2747; x_wconf 87' lang='lat' dir='ltr'><strong>apud</strong></span> <span class='ocrx_word' id='word_1_360' title='bbox 1363 2705 1488 2732; x_wconf 85' lang='lat' dir='ltr'><strong>avum</strong></span> 
     </span>
    </p>
   </div>
   <div class='ocr_carea' id='block_1_5' title="bbox 0 817 1557 873">
    <p class='ocr_par' dir='ltr' id='par_1_26' title="bbox 0 817 1557 873">
     <span class='ocr_line' id='line_1_48' title="bbox 0 817 1557 873; baseline 0.003 -17"><span class='ocrx_word' id='word_1_361' title='bbox 0 839 2 856; x_wconf 70' lang='grc'>;</span> <span class='ocrx_word' id='word_1_362' title='bbox 42 817 144 869; x_wconf 70' lang='lat' dir='ltr'><strong>fuit,</strong></span> <span class='ocrx_word' id='word_1_363' title='bbox 174 819 287 857; x_wconf 85' lang='lat' dir='ltr'><strong>vario</strong></span> <span class='ocrx_word' id='word_1_364' title='bbox 313 820 418 868; x_wconf 81' lang='lat' dir='ltr'><strong>fine,</strong></span> <span class='ocrx_word' id='word_1_365' title='bbox 448 831 518 858; x_wconf 83' lang='lat' dir='ltr'><strong>seu</strong></span> <span class='ocrx_word' id='word_1_366' title='bbox 547 819 705 857; x_wconf 85' lang='lat' dir='ltr'><strong>diversa</strong></span> <span class='ocrx_word' id='word_1_367' title='bbox 733 817 782 856; x_wconf 88' lang='lat' dir='ltr'><strong>de</strong></span> <span class='ocrx_word' id='word_1_368' title='bbox 811 832 943 857; x_wconf 85' lang='lat' dir='ltr'><strong>causa.</strong></span> <span class='ocrx_word' id='word_1_369' title='bbox 969 818 1050 858; x_wconf 89' lang='lat' dir='ltr'><strong>Sed</strong></span> <span class='ocrx_word' id='word_1_370' title='bbox 1078 818 1232 871; x_wconf 85' lang='lat' dir='ltr'><strong>oculos,</strong></span> <span class='ocrx_word' id='word_1_371' title='bbox 1262 820 1370 873; x_wconf 87' lang='lat' dir='ltr'><strong>quod</strong></span> <span class='ocrx_word' id='word_1_372' title='bbox 1391 836 1485 861; x_wconf 92' lang='lat' dir='ltr'><strong>cum</strong></span> <span class='ocrx_word' id='word_1_373' title='bbox 1550 819 1557 829; x_wconf 87' lang='grc'><strong>“</strong></span> 
     </span>
    </p>
   </div>
  </div>
 </body>
</html>
