<?xml version="1.0" encoding="UTF-8"?>
<!DOCTYPE html PUBLIC "-//W3C//DTD XHTML 1.0 Transitional//EN"
    "http://www.w3.org/TR/xhtml1/DTD/xhtml1-transitional.dtd">
<html xmlns="http://www.w3.org/1999/xhtml" xml:lang="en" lang="en">
 <head>
  <title>
</title>
<meta http-equiv="Content-Type" content="text/html;charset=utf-8" />
  <meta name='ocr-system' content='tesseract 3.04.00' />
  <meta name='ocr-capabilities' content='ocr_page ocr_carea ocr_par ocr_line ocrx_word'/>
</head>
<body>
  <div class='ocr_page' id='page_1' title='image "./corpusscriptorum25niebuoft_0144.png"; bbox 0 0 1800 3164; ppageno 0'>
   <div class='ocr_carea' id='block_1_1' title="bbox 346 168 1255 235">
    <p class='ocr_par' dir='ltr' id='par_1_1' title="bbox 346 168 1255 235">
     <span class='ocr_line' id='line_1_1' title="bbox 346 168 1255 235; baseline -0.012 1"><span class='ocrx_word' id='word_1_1' title='bbox 346 187 365 222; x_wconf 82' lang='lat'>1</span> <span class='ocrx_word' id='word_1_2' title='bbox 379 168 452 235; x_wconf 73' lang='grc'><strong>34</strong></span> <span class='ocrx_word' id='word_1_3' title='bbox 883 185 1255 229; x_wconf 75' lang='lat' dir='ltr'><strong>CANTAcUzENJ</strong></span> 
     </span>
    </p>
   </div>
   <div class='ocr_carea' id='block_1_2' title="bbox 130 284 1800 1792">
    <p class='ocr_par' dir='ltr' id='par_1_2' title="bbox 130 284 1800 1792">
     <span class='ocr_line' id='line_1_2' title="bbox 130 284 1781 345; baseline -0.004 -13"><span class='ocrx_word' id='word_1_4' title='bbox 130 297 169 332; x_wconf 84' lang='grc' dir='ltr'><strong>Δ.</strong></span> <span class='ocrx_word' id='word_1_5' title='bbox 183 296 221 331; x_wconf 88' lang='lat' dir='ltr'><strong>C.</strong></span> <span class='ocrx_word' id='word_1_6' title='bbox 239 298 324 333; x_wconf 80' lang='lat'>1350</span> <span class='ocrx_word' id='word_1_7' title='bbox 338 286 657 345; x_wconf 74' lang='grc' dir='ltr'><strong><em>παραδώσοντες</em></strong></span> <span class='ocrx_word' id='word_1_8' title='bbox 685 289 759 344; x_wconf 69' lang='grc' dir='ltr'><strong>τὴν</strong></span> <span class='ocrx_word' id='word_1_9' title='bbox 791 286 922 329; x_wconf 85' lang='grc' dir='ltr'><strong><em>πόλιν.</em></strong></span> <span class='ocrx_word' id='word_1_10' title='bbox 956 287 979 328; x_wconf 82' lang='grc' dir='ltr'>ὅ</span> <span class='ocrx_word' id='word_1_11' title='bbox 1002 286 1175 343; x_wconf 84' lang='grc' dir='ltr'><strong><em>Κράλης</em></strong></span> <span class='ocrx_word' id='word_1_12' title='bbox 1202 286 1281 342; x_wconf 77' lang='grc' dir='ltr'><strong><em>γάρ</em></strong></span> <span class='ocrx_word' id='word_1_13' title='bbox 1312 284 1383 327; x_wconf 75' lang='grc' dir='ltr'><strong><em>ἐπὶ</em></strong></span> <span class='ocrx_word' id='word_1_14' title='bbox 1410 287 1604 334; x_wconf 82' lang='grc' dir='ltr'><strong><em>Παίονας</em></strong></span> <span class='ocrx_word' id='word_1_15' title='bbox 1630 285 1781 339; x_wconf 63' lang='lat' dir='ltr'><strong>{urpa-</strong></span> 
     </span>
     <span class='ocr_line' id='line_1_3' title="bbox 211 350 1780 408; baseline -0.001 -17"><span class='ocrx_word' id='word_1_16' title='bbox 211 357 326 401; x_wconf 78' lang='lat' dir='ltr'><strong>P-779</strong></span> <span class='ocrx_word' id='word_1_17' title='bbox 338 356 531 407; x_wconf 85' lang='grc' dir='ltr'><strong><em>τευμένος</em></strong></span> <span class='ocrx_word' id='word_1_18' title='bbox 559 353 674 408; x_wconf 82' lang='grc' dir='ltr'><strong><em>τότε,</em></strong></span> <span class='ocrx_word' id='word_1_19' title='bbox 718 352 773 402; x_wconf 77' lang='grc' dir='ltr'><strong><em>ὠς</em></strong></span> <span class='ocrx_word' id='word_1_20' title='bbox 801 355 982 395; x_wconf 77' lang='grc' dir='ltr'><strong><em>ἐπύθετο</em></strong></span> <span class='ocrx_word' id='word_1_21' title='bbox 1010 355 1188 406; x_wconf 84' lang='grc' dir='ltr'><em>βασιλέα</em></span> <span class='ocrx_word' id='word_1_22' title='bbox 1225 350 1423 402; x_wconf 83' lang='grc' dir='ltr'><strong><em>ἐπιόντα,</em></strong></span> <span class='ocrx_word' id='word_1_23' title='bbox 1482 353 1616 393; x_wconf 86' lang='grc' dir='ltr'><strong><em>καίτοι</em></strong></span> <span class='ocrx_word' id='word_1_24' title='bbox 1653 365 1780 404; x_wconf 86' lang='grc' dir='ltr'><strong><em>στρα-</em></strong></span> 
     </span>
     <span class='ocr_line' id='line_1_4' title="bbox 335 413 1780 475; baseline -0.003 -15"><span class='ocrx_word' id='word_1_25' title='bbox 335 418 432 461; x_wconf 76' lang='grc' dir='ltr'><strong><em>τιὰν</em></strong></span> <span class='ocrx_word' id='word_1_26' title='bbox 459 419 650 475; x_wconf 89' lang='grc' dir='ltr'><strong><em>πλείστην</em></strong></span> <span class='ocrx_word' id='word_1_27' title='bbox 679 418 777 473; x_wconf 71' lang='grc' dir='ltr'><strong><em>περὶ</em></strong></span> <span class='ocrx_word' id='word_1_28' title='bbox 807 416 938 460; x_wconf 75' lang='grc' dir='ltr'><strong><em>αὑτὸν</em></strong></span> <span class='ocrx_word' id='word_1_29' title='bbox 973 418 1257 473; x_wconf 73' lang='grc' dir='ltr'>ἠθροισμένην</span> <span class='ocrx_word' id='word_1_30' title='bbox 1301 416 1431 471; x_wconf 81' lang='grc' dir='ltr'><strong><em>ἔχων,</em></strong></span> <span class='ocrx_word' id='word_1_31' title='bbox 1485 413 1780 458; x_wconf 76' lang='grc' dir='ltr'><strong><em>ἀντικαθίστα-</em></strong></span> 
     </span>
     <span class='ocr_line' id='line_1_5' title="bbox 335 478 1781 540; baseline -0.003 -14"><span class='ocrx_word' id='word_1_32' title='bbox 335 489 439 527; x_wconf 91' lang='grc' dir='ltr'><strong><em>σθαι</em></strong></span> <span class='ocrx_word' id='word_1_33' title='bbox 469 485 574 540; x_wconf 90' lang='grc' dir='ltr'><strong><em>πρὸς</em></strong></span> <span class='ocrx_word' id='word_1_34' title='bbox 600 486 778 537; x_wconf 80' lang='grc' dir='ltr'><em>βασιλέα</em></span> <span class='ocrx_word' id='word_1_35' title='bbox 809 485 883 525; x_wconf 78' lang='grc' dir='ltr'><strong>οὐκ</strong></span> <span class='ocrx_word' id='word_1_36' title='bbox 912 481 1105 540; x_wconf 72' lang='grc' dir='ltr'><strong><em>έθάρῥει,</em></strong></span> <span class='ocrx_word' id='word_1_37' title='bbox 1129 482 1235 526; x_wconf 78' lang='grc' dir='ltr'><strong><em>α’λλὰ</em></strong></span> <span class='ocrx_word' id='word_1_38' title='bbox 1261 483 1398 525; x_wconf 83' lang='grc' dir='ltr'><strong><em>πάντα</em></strong></span> <span class='ocrx_word' id='word_1_39' title='bbox 1418 484 1642 538; x_wconf 78' lang='grc' dir='ltr'><strong><em>προέμενος</em></strong></span> <span class='ocrx_word' id='word_1_40' title='bbox 1659 478 1781 534; x_wconf 77' lang='grc' dir='ltr'><strong><em>ἐβού-</em></strong></span> 
     </span>
     <span class='ocr_line' id='line_1_6' title="bbox 334 546 1800 607; baseline -0.001 -15"><span class='ocrx_word' id='word_1_41' title='bbox 334 555 427 593; x_wconf 87' lang='grc' dir='ltr'><strong><em>λετο</em></strong></span> <span class='ocrx_word' id='word_1_42' title='bbox 457 555 735 607; x_wconf 78' lang='grc' dir='ltr'><strong><em>φυγομαχεῖν.</em></strong></span> <span class='ocrx_word' id='word_1_43' title='bbox 792 546 892 592; x_wconf 77' lang='grc' dir='ltr'><strong><em>ὅθεν</em></strong></span> <span class='ocrx_word' id='word_1_44' title='bbox 933 551 1005 592; x_wconf 85' lang='grc' dir='ltr'>καί</span> <span class='ocrx_word' id='word_1_45' title='bbox 1039 552 1121 592; x_wconf 79' lang='grc' dir='ltr'><strong>τῶν</strong></span> <span class='ocrx_word' id='word_1_46' title='bbox 1160 552 1344 598; x_wconf 50' lang='lat' dir='ltr'><strong>homa,-</strong></span> <span class='ocrx_word' id='word_1_47' title='bbox 1372 549 1550 591; x_wconf 77' lang='grc' dir='ltr'><strong><em>πολιτῶν</em></strong></span> <span class='ocrx_word' id='word_1_48' title='bbox 1576 550 1800 604; x_wconf 68' lang='grc' dir='ltr'><strong><em>πρεσβευ-Ξ</em></strong></span> 
     </span>
     <span class='ocr_line' id='line_1_7' title="bbox 335 611 1781 671; baseline -0.003 -12"><span class='ocrx_word' id='word_1_49' title='bbox 335 618 525 670; x_wconf 85' lang='grc' dir='ltr'><strong><em>σαμένων</em></strong></span> <span class='ocrx_word' id='word_1_50' title='bbox 564 614 666 671; x_wconf 89' lang='grc' dir='ltr'><strong><em>πρὸς</em></strong></span> <span class='ocrx_word' id='word_1_51' title='bbox 698 611 823 657; x_wconf 81' lang='grc' dir='ltr'><strong><em>αὗτὸν</em></strong></span> <span class='ocrx_word' id='word_1_52' title='bbox 879 615 952 658; x_wconf 82' lang='grc' dir='ltr'><em>καί</em></span> <span class='ocrx_word' id='word_1_53' title='bbox 997 614 1072 671; x_wconf 79' lang='grc' dir='ltr'><strong>την</strong></span> <span class='ocrx_word' id='word_1_54' title='bbox 1111 614 1263 671; x_wconf 77' lang='grc' dir='ltr'><strong><em>ἔφοδον</em></strong></span> <span class='ocrx_word' id='word_1_55' title='bbox 1291 611 1630 669; x_wconf 74' lang='grc' dir='ltr'><strong><em>ἀπαγγελλόντων</em></strong></span> <span class='ocrx_word' id='word_1_56' title='bbox 1657 615 1781 666; x_wconf 88' lang='grc' dir='ltr'><strong><em>βασι-</em></strong></span> 
     </span>
     <span class='ocr_line' id='line_1_8' title="bbox 334 680 1782 738; baseline -0.004 -14"><span class='ocrx_word' id='word_1_57' title='bbox 334 683 440 730; x_wconf 83' lang='grc' dir='ltr'><strong><em>λέως</em></strong></span> <span class='ocrx_word' id='word_1_58' title='bbox 468 680 541 722; x_wconf 80' lang='grc' dir='ltr'><em>καί</em></span> <span class='ocrx_word' id='word_1_59' title='bbox 565 683 771 734; x_wconf 78' lang='grc' dir='ltr'><strong><em>δεομένων</em></strong></span> <span class='ocrx_word' id='word_1_60' title='bbox 809 684 982 736; x_wconf 87' lang='grc' dir='ltr'><strong><em>βοηθεῖν</em></strong></span> <span class='ocrx_word' id='word_1_61' title='bbox 1002 714 1014 737; x_wconf 86' lang='lat'><strong>,</strong></span> <span class='ocrx_word' id='word_1_62' title='bbox 1061 684 1208 738; x_wconf 78' lang='grc' dir='ltr'><strong><em>πρῶτα</em></strong></span> <span class='ocrx_word' id='word_1_63' title='bbox 1248 683 1326 733; x_wconf 83' lang='grc' dir='ltr'><strong>μὲν</strong></span> <span class='ocrx_word' id='word_1_64' title='bbox 1354 681 1527 729; x_wconf 73' lang='grc' dir='ltr'><strong><em>ἐλπίδας</em></strong></span> <span class='ocrx_word' id='word_1_65' title='bbox 1556 680 1782 735; x_wconf 85' lang='grc' dir='ltr'><strong><em>παρείχετο</em></strong></span> 
     </span>
     <span class='ocr_line' id='line_1_9' title="bbox 335 741 1782 802; baseline -0.001 -14"><span class='ocrx_word' id='word_1_66' title='bbox 335 747 391 795; x_wconf 78' lang='grc' dir='ltr'><strong><em>ὥς</em></strong></span> <span class='ocrx_word' id='word_1_67' title='bbox 423 746 673 802; x_wconf 78' lang='grc' dir='ltr'><strong><em>βοηθήσων,</em></strong></span> <span class='ocrx_word' id='word_1_68' title='bbox 713 741 767 789; x_wconf 70' lang='grc' dir='ltr'><strong>ἂν</strong></span> <span class='ocrx_word' id='word_1_69' title='bbox 811 749 984 789; x_wconf 81' lang='grc' dir='ltr'><strong><em>ἐπίωσιν</em></strong></span> <span class='ocrx_word' id='word_1_70' title='bbox 1025 746 1401 800; x_wconf 72' lang='grc' dir='ltr'><strong><em>αὕτοῖςῬωμαῖοι·</em></strong></span> <span class='ocrx_word' id='word_1_71' title='bbox 1458 743 1514 796; x_wconf 79' lang='grc' dir='ltr'><strong><em>ὥς</em></strong></span> <span class='ocrx_word' id='word_1_72' title='bbox 1546 747 1592 788; x_wconf 82' lang='grc' dir='ltr'><strong>δὲ</strong></span> <span class='ocrx_word' id='word_1_73' title='bbox 1623 747 1782 798; x_wconf 79' lang='grc' dir='ltr'><strong><em>μᾶλλον</em></strong></span> 
     </span>
     <span class='ocr_line' id='line_1_10' title="bbox 331 811 1782 870; baseline -0.001 -16"><span class='ocrx_word' id='word_1_74' title='bbox 331 814 608 867; x_wconf 77' lang='grc' dir='ltr'><strong><em>προσέπιπτον</em></strong></span> <span class='ocrx_word' id='word_1_75' title='bbox 637 811 683 854; x_wconf 84' lang='grc' dir='ltr'><strong>αῖ</strong></span> <span class='ocrx_word' id='word_1_76' title='bbox 711 816 851 870; x_wconf 77' lang='grc' dir='ltr'><strong><em>φῆμαι</em></strong></span> <span class='ocrx_word' id='word_1_77' title='bbox 883 813 1174 870; x_wconf 82' lang='grc' dir='ltr'><strong><em>φοβερώτεραι</em></strong></span> <span class='ocrx_word' id='word_1_78' title='bbox 1199 815 1284 855; x_wconf 79' lang='grc' dir='ltr'><strong>τῶν</strong></span> <span class='ocrx_word' id='word_1_79' title='bbox 1325 811 1524 854; x_wconf 82' lang='grc' dir='ltr'><strong><em>ἐπιόντων</em></strong></span> <span class='ocrx_word' id='word_1_80' title='bbox 1559 812 1782 865; x_wconf 86' lang='grc' dir='ltr'><strong><em>Ῥωμαίων</em></strong></span> 
     </span>
     <span class='ocr_line' id='line_1_11' title="bbox 293 875 1783 935; baseline 0 -16"><span class='ocrx_word' id='word_1_81' title='bbox 293 881 404 920; x_wconf 83' lang='grc' dir='ltr'><strong>Βκαί</strong></span> <span class='ocrx_word' id='word_1_82' title='bbox 428 876 684 933; x_wconf 78' lang='grc' dir='ltr'><strong><em>βαρβάρων,</em></strong></span> <span class='ocrx_word' id='word_1_83' title='bbox 729 882 924 935; x_wconf 70' lang='grc' dir='ltr'><strong><em>φανεραῖς</em></strong></span> <span class='ocrx_word' id='word_1_84' title='bbox 963 875 1113 921; x_wconf 80' lang='grc' dir='ltr'><strong><em>οἷπεῖπε</em></strong></span> <span class='ocrx_word' id='word_1_85' title='bbox 1142 878 1222 934; x_wconf 77' lang='grc' dir='ltr'><strong>τὴν</strong></span> <span class='ocrx_word' id='word_1_86' title='bbox 1251 878 1495 933; x_wconf 71' lang='grc' dir='ltr'><strong><em>ἐπικουρίαν</em></strong></span> <span class='ocrx_word' id='word_1_87' title='bbox 1525 884 1612 927; x_wconf 85' lang='grc' dir='ltr'><strong><em>τοῖς</em></strong></span> <span class='ocrx_word' id='word_1_88' title='bbox 1639 879 1685 920; x_wconf 78' lang='grc' dir='ltr'><strong>ἐκ</strong></span> <span class='ocrx_word' id='word_1_89' title='bbox 1710 878 1783 931; x_wconf 82' lang='grc' dir='ltr'><strong>τῆς</strong></span> 
     </span>
     <span class='ocr_line' id='line_1_12' title="bbox 333 939 1783 996; baseline -0.001 -12"><span class='ocrx_word' id='word_1_90' title='bbox 333 946 528 994; x_wconf 77' lang='grc' dir='ltr'><strong><em>Σκοπιᾶς·</em></strong></span> <span class='ocrx_word' id='word_1_91' title='bbox 560 943 726 987; x_wconf 81' lang='grc' dir='ltr'><strong><em>ἐκέλευέ</em></strong></span> <span class='ocrx_word' id='word_1_92' title='bbox 755 960 801 985; x_wconf 90' lang='grc' dir='ltr'><strong>τε</strong></span> <span class='ocrx_word' id='word_1_93' title='bbox 830 945 979 996; x_wconf 81' lang='grc' dir='ltr'><strong><em>σώζειν</em></strong></span> <span class='ocrx_word' id='word_1_94' title='bbox 1010 943 1190 994; x_wconf 73' lang='grc' dir='ltr'><strong><em>ἑαυτοὺς</em></strong></span> <span class='ocrx_word' id='word_1_95' title='bbox 1218 942 1276 993; x_wconf 75' lang='grc' dir='ltr'><strong><em>ὥς</em></strong></span> <span class='ocrx_word' id='word_1_96' title='bbox 1303 939 1354 987; x_wconf 75' lang='grc' dir='ltr'><strong>ἂν</strong></span> <span class='ocrx_word' id='word_1_97' title='bbox 1385 941 1511 988; x_wconf 80' lang='grc' dir='ltr'><strong><em>οἷοίτε</em></strong></span> <span class='ocrx_word' id='word_1_98' title='bbox 1541 939 1659 986; x_wconf 69' lang='grc' dir='ltr'><strong><em>αἷσιν.</em></strong></span> <span class='ocrx_word' id='word_1_99' title='bbox 1701 940 1783 986; x_wconf 75' lang='grc' dir='ltr'><strong>αὖ·</strong></span> 
     </span>
     <span class='ocr_line' id='line_1_13' title="bbox 332 1007 1790 1066; baseline 0 -15"><span class='ocrx_word' id='word_1_100' title='bbox 332 1010 403 1051; x_wconf 87' lang='grc' dir='ltr'><strong>τὸν</strong></span> <span class='ocrx_word' id='word_1_101' title='bbox 435 1008 514 1064; x_wconf 79' lang='grc' dir='ltr'><strong><em>γὰρ</em></strong></span> <span class='ocrx_word' id='word_1_102' title='bbox 556 1008 615 1064; x_wconf 69' lang='grc' dir='ltr'><strong><em>μη</em></strong></span> <span class='ocrx_word' id='word_1_103' title='bbox 656 1010 868 1052; x_wconf 86' lang='grc' dir='ltr'><strong><em>δυ’νασθαι</em></strong></span> <span class='ocrx_word' id='word_1_104' title='bbox 907 1009 954 1052; x_wconf 84' lang='grc' dir='ltr'><strong>’τό</strong></span> <span class='ocrx_word' id='word_1_105' title='bbox 997 1013 1072 1053; x_wconf 80' lang='grc' dir='ltr'><strong>νῦν</strong></span> <span class='ocrx_word' id='word_1_106' title='bbox 1113 1009 1210 1064; x_wconf 80' lang='grc' dir='ltr'><strong><em>ἔχον</em></strong></span> <span class='ocrx_word' id='word_1_107' title='bbox 1237 1007 1351 1066; x_wconf 77' lang='grc' dir='ltr'><strong><em>ἣκειν</em></strong></span> <span class='ocrx_word' id='word_1_108' title='bbox 1379 1009 1487 1066; x_wconf 86' lang='grc' dir='ltr'><strong><em>πρός</em></strong></span> <span class='ocrx_word' id='word_1_109' title='bbox 1519 1007 1686 1060; x_wconf 77' lang='grc' dir='ltr'><strong><em>αὐτούς.</em></strong></span> <span class='ocrx_word' id='word_1_110' title='bbox 1746 1010 1790 1051; x_wconf 78' lang='grc' dir='ltr'><strong>οἳ</strong></span> 
     </span>
     <span class='ocr_line' id='line_1_14' title="bbox 332 1073 1784 1133; baseline 0.001 -18"><span class='ocrx_word' id='word_1_111' title='bbox 332 1073 661 1128; x_wconf 82' lang='grc' dir='ltr'><strong><em>βουλευσάμενοι</em></strong></span> <span class='ocrx_word' id='word_1_112' title='bbox 688 1078 802 1133; x_wconf 82' lang='grc' dir='ltr'><strong><em>κοινῇ</em></strong></span> <span class='ocrx_word' id='word_1_113' title='bbox 830 1075 904 1118; x_wconf 83' lang='grc' dir='ltr'><em>καί</em></span> <span class='ocrx_word' id='word_1_114' title='bbox 942 1077 1097 1131; x_wconf 78' lang='grc' dir='ltr'><strong><em>πολλῆς</em></strong></span> <span class='ocrx_word' id='word_1_115' title='bbox 1130 1077 1271 1125; x_wconf 77' lang='grc' dir='ltr'><strong><em>ἅνοιάς</em></strong></span> <span class='ocrx_word' id='word_1_116' title='bbox 1291 1073 1398 1118; x_wconf 83' lang='grc' dir='ltr'><strong><em>εἶναι</em></strong></span> <span class='ocrx_word' id='word_1_117' title='bbox 1426 1076 1639 1131; x_wconf 83' lang='grc' dir='ltr'><strong><em>κρίναντες</em></strong></span> <span class='ocrx_word' id='word_1_118' title='bbox 1666 1075 1784 1117; x_wconf 53' lang='grc' dir='ltr'><strong><em>ἀντι-ὲ</em></strong></span> 
     </span>
     <span class='ocr_line' id='line_1_15' title="bbox 333 1137 1785 1198; baseline 0.001 -17"><span class='ocrx_word' id='word_1_119' title='bbox 333 1142 624 1183; x_wconf 73' lang='grc' dir='ltr'><strong><em>καθίστασθαι</em></strong></span> <span class='ocrx_word' id='word_1_120' title='bbox 663 1137 723 1191; x_wconf 84' lang='grc' dir='ltr'><strong><em>οἷς</em></strong></span> <span class='ocrx_word' id='word_1_121' title='bbox 759 1141 779 1184; x_wconf 85' lang='grc' dir='ltr'><em>ὃ</em></span> <span class='ocrx_word' id='word_1_122' title='bbox 809 1144 930 1198; x_wconf 74' lang='grc' dir='ltr'><strong><em>σφῶν</em></strong></span> <span class='ocrx_word' id='word_1_123' title='bbox 970 1139 1177 1198; x_wconf 82' lang='grc' dir='ltr'><strong><em>δυνάστης</em></strong></span> <span class='ocrx_word' id='word_1_124' title='bbox 1214 1140 1419 1198; x_wconf 82' lang='grc' dir='ltr'><strong><em>τοσαύτην</em></strong></span> <span class='ocrx_word' id='word_1_125' title='bbox 1454 1140 1565 1196; x_wconf 77' lang='grc' dir='ltr'><strong><em>ἔχων</em></strong></span> <span class='ocrx_word' id='word_1_126' title='bbox 1605 1139 1785 1194; x_wconf 81' lang='grc' dir='ltr'><strong><em>δύναμιν</em></strong></span> 
     </span>
     <span class='ocr_line' id='line_1_16' title="bbox 333 1204 1782 1263; baseline 0.002 -16"><span class='ocrx_word' id='word_1_127' title='bbox 333 1207 411 1247; x_wconf 72' lang='grc' dir='ltr'><strong>οὐκ</strong></span> <span class='ocrx_word' id='word_1_128' title='bbox 439 1205 611 1261; x_wconf 78' lang='grc' dir='ltr'><strong><em>ἐτόλμα,</em></strong></span> <span class='ocrx_word' id='word_1_129' title='bbox 641 1204 790 1263; x_wconf 71' lang='grc' dir='ltr'><strong><em>ἥκουσι</em></strong></span> <span class='ocrx_word' id='word_1_130' title='bbox 817 1207 923 1263; x_wconf 83' lang='grc' dir='ltr'><strong><em>πρὸς</em></strong></span> <span class='ocrx_word' id='word_1_131' title='bbox 949 1210 1128 1262; x_wconf 83' lang='grc' dir='ltr'><strong><em>βασιλέα</em></strong></span> <span class='ocrx_word' id='word_1_132' title='bbox 1166 1207 1240 1250; x_wconf 83' lang='grc' dir='ltr'><em>καί</em></span> <span class='ocrx_word' id='word_1_133' title='bbox 1270 1207 1345 1263; x_wconf 78' lang='grc' dir='ltr'><strong>τὴν</strong></span> <span class='ocrx_word' id='word_1_134' title='bbox 1379 1206 1501 1250; x_wconf 89' lang='grc' dir='ltr'><strong><em>πόλιν</em></strong></span> <span class='ocrx_word' id='word_1_135' title='bbox 1527 1205 1782 1262; x_wconf 84' lang='grc' dir='ltr'><strong><em>παρεδίδουν</em></strong></span> 
     </span>
     <span class='ocr_line' id='line_1_17' title="bbox 330 1270 1786 1330; baseline 0.001 -18"><span class='ocrx_word' id='word_1_136' title='bbox 330 1271 430 1326; x_wconf 79' lang='grc' dir='ltr'><strong>πρὶν</strong></span> <span class='ocrx_word' id='word_1_137' title='bbox 462 1273 770 1328; x_wconf 75' lang='grc' dir='ltr'><strong><em>διαφθαρῆναι.</em></strong></span> <span class='ocrx_word' id='word_1_138' title='bbox 826 1270 1000 1329; x_wconf 68' lang='grc' dir='ltr'><strong><em>ὕστερον</em></strong></span> <span class='ocrx_word' id='word_1_139' title='bbox 1028 1275 1075 1315; x_wconf 81' lang='grc' dir='ltr'><strong>δὲ</strong></span> <span class='ocrx_word' id='word_1_140' title='bbox 1103 1275 1197 1315; x_wconf 73' lang='grc' dir='ltr'><strong><em>ἐπεὶ</em></strong></span> <span class='ocrx_word' id='word_1_141' title='bbox 1223 1273 1262 1315; x_wconf 86' lang='grc' dir='ltr'><strong>οἱ</strong></span> <span class='ocrx_word' id='word_1_142' title='bbox 1293 1270 1421 1330; x_wconf 90' lang='grc' dir='ltr'><strong><em>φόβοι</em></strong></span> <span class='ocrx_word' id='word_1_143' title='bbox 1450 1270 1685 1324; x_wconf 84' lang='grc' dir='ltr'><strong><em>διελύοντο,</em></strong></span> <span class='ocrx_word' id='word_1_144' title='bbox 1714 1273 1786 1314; x_wconf 72' lang='grc' dir='ltr'><strong><em>ἕπε’</em></strong></span> 
     </span>
     <span class='ocr_line' id='line_1_18' title="bbox 333 1336 1781 1395; baseline 0 -17"><span class='ocrx_word' id='word_1_145' title='bbox 333 1337 449 1393; x_wconf 87' lang='grc' dir='ltr'><strong><em>δίκην</em></strong></span> <span class='ocrx_word' id='word_1_146' title='bbox 480 1339 756 1388; x_wconf 81' lang='grc' dir='ltr'><strong><em>καταστάντες</em></strong></span> <span class='ocrx_word' id='word_1_147' title='bbox 805 1338 887 1380; x_wconf 80' lang='grc' dir='ltr'><strong><em>ὖπό</em></strong></span> <span class='ocrx_word' id='word_1_148' title='bbox 922 1338 1074 1395; x_wconf 82' lang='grc' dir='ltr'><strong><em>Κράλη</em></strong></span> <span class='ocrx_word' id='word_1_149' title='bbox 1118 1339 1192 1381; x_wconf 81' lang='grc' dir='ltr'><em>καί</em></span> <span class='ocrx_word' id='word_1_150' title='bbox 1235 1336 1479 1392; x_wconf 85' lang='grc' dir='ltr'><strong><em>διωκόμενοι</em></strong></span> <span class='ocrx_word' id='word_1_151' title='bbox 1507 1336 1781 1388; x_wconf 80' lang='grc' dir='ltr'><strong><em>ἀποστασίας,</em></strong></span> 
     </span>
     <span class='ocr_line' id='line_1_19' title="bbox 333 1403 1783 1462; baseline -0.001 -17"><span class='ocrx_word' id='word_1_152' title='bbox 333 1403 439 1461; x_wconf 77' lang='grc' dir='ltr'><strong><em>ῥᾷον</em></strong></span> <span class='ocrx_word' id='word_1_153' title='bbox 469 1403 729 1447; x_wconf 79' lang='grc' dir='ltr'><strong><em>α’πελύσαντο</em></strong></span> <span class='ocrx_word' id='word_1_154' title='bbox 761 1403 812 1447; x_wconf 83' lang='grc' dir='ltr'><em>τά</em></span> <span class='ocrx_word' id='word_1_155' title='bbox 846 1406 1107 1461; x_wconf 79' lang='grc' dir='ltr'><strong><em>ἐγκλήματα,</em></strong></span> <span class='ocrx_word' id='word_1_156' title='bbox 1162 1409 1240 1449; x_wconf 83' lang='grc' dir='ltr'><strong>τοῦ</strong></span> <span class='ocrx_word' id='word_1_157' title='bbox 1275 1407 1373 1462; x_wconf 87' lang='grc' dir='ltr'><strong><em>παρ’</em></strong></span> <span class='ocrx_word' id='word_1_158' title='bbox 1416 1405 1559 1454; x_wconf 73' lang='grc' dir='ltr'><strong><em>αὐτοῖς</em></strong></span> <span class='ocrx_word' id='word_1_159' title='bbox 1588 1404 1783 1460; x_wconf 78' lang='grc' dir='ltr'><strong><em>α’ρχιεπι-</em></strong></span> 
     </span>
     <span class='ocr_line' id='line_1_20' title="bbox 332 1468 1782 1527; baseline 0 -16"><span class='ocrx_word' id='word_1_160' title='bbox 332 1471 490 1511; x_wconf 84' lang='grc' dir='ltr'><strong><em>σκόπου</em></strong></span> <span class='ocrx_word' id='word_1_161' title='bbox 522 1472 775 1520; x_wconf 77' lang='grc' dir='ltr'><strong><em>διαιτῶντος·</em></strong></span> <span class='ocrx_word' id='word_1_162' title='bbox 801 1468 848 1520; x_wconf 78' lang='grc' dir='ltr'><strong><em>ὃς</em></strong></span> <span class='ocrx_word' id='word_1_163' title='bbox 874 1472 1159 1527; x_wconf 80' lang='grc' dir='ltr'><strong><em>ἐπεψηφίζετο</em></strong></span> <span class='ocrx_word' id='word_1_164' title='bbox 1189 1471 1346 1520; x_wconf 67' lang='grc' dir='ltr'><strong><em>αὐτους</em></strong></span> <span class='ocrx_word' id='word_1_165' title='bbox 1372 1474 1505 1525; x_wconf 83' lang='grc' dir='ltr'><strong><em>μηδὲν</em></strong></span> <span class='ocrx_word' id='word_1_166' title='bbox 1526 1471 1782 1526; x_wconf 77' lang='grc' dir='ltr'><strong><em>ἠδικηκέναι,</em></strong></span> 
     </span>
     <span class='ocr_line' id='line_1_21' title="bbox 332 1535 1799 1592; baseline -0.001 -15"><span class='ocrx_word' id='word_1_167' title='bbox 332 1538 383 1590; x_wconf 76' lang='grc' dir='ltr'><strong>εἰ,</strong></span> <span class='ocrx_word' id='word_1_168' title='bbox 411 1538 646 1589; x_wconf 80' lang='grc' dir='ltr'><strong><em>ἐπικουρεῖν</em></strong></span> <span class='ocrx_word' id='word_1_169' title='bbox 674 1535 730 1591; x_wconf 70' lang='grc' dir='ltr'><strong><em>μη</em></strong></span> <span class='ocrx_word' id='word_1_170' title='bbox 755 1539 1012 1590; x_wconf 84' lang='grc' dir='ltr'><strong><em>βουλομένου</em></strong></span> <span class='ocrx_word' id='word_1_171' title='bbox 1043 1537 1211 1592; x_wconf 81' lang='grc' dir='ltr'><strong><em>Κράλη,</em></strong></span> <span class='ocrx_word' id='word_1_172' title='bbox 1241 1537 1349 1578; x_wconf 74' lang='grc' dir='ltr'><strong><em>ἀλλὰ</em></strong></span> <span class='ocrx_word' id='word_1_173' title='bbox 1381 1539 1454 1578; x_wconf 85' lang='grc' dir='ltr'><em>καί</em></span> <span class='ocrx_word' id='word_1_174' title='bbox 1479 1538 1799 1592; x_wconf 74' lang='grc' dir='ltr'><strong><em>παραινοῦντος</em></strong></span> 
     </span>
     <span class='ocr_line' id='line_1_22' title="bbox 293 1598 1783 1658; baseline -0.003 -12"><span class='ocrx_word' id='word_1_175' title='bbox 293 1600 482 1653; x_wconf 74' lang='grc' dir='ltr'><strong><em>(Ξσώζειν</em></strong></span> <span class='ocrx_word' id='word_1_176' title='bbox 513 1600 704 1654; x_wconf 69' lang='grc' dir='ltr'><strong><em>ἑαυτούς,</em></strong></span> <span class='ocrx_word' id='word_1_177' title='bbox 734 1601 882 1644; x_wconf 82' lang='grc' dir='ltr'><strong><em>συνετά</em></strong></span> <span class='ocrx_word' id='word_1_178' title='bbox 912 1618 954 1644; x_wconf 92' lang='grc' dir='ltr'><strong>τε</strong></span> <span class='ocrx_word' id='word_1_179' title='bbox 983 1599 1074 1654; x_wconf 76' lang='grc' dir='ltr'><strong>ἅμα</strong></span> <span class='ocrx_word' id='word_1_180' title='bbox 1101 1602 1175 1644; x_wconf 87' lang='grc' dir='ltr'><em>καί</em></span> <span class='ocrx_word' id='word_1_181' title='bbox 1198 1603 1383 1658; x_wconf 83' lang='grc' dir='ltr'><strong><em>σωτήρια</em></strong></span> <span class='ocrx_word' id='word_1_182' title='bbox 1411 1601 1560 1658; x_wconf 86' lang='grc' dir='ltr'><strong><em>σφίσιν</em></strong></span> <span class='ocrx_word' id='word_1_183' title='bbox 1587 1598 1783 1655; x_wconf 80' lang='grc' dir='ltr'><strong><em>ἐβουλεύ-</em></strong></span> 
     </span>
     <span class='ocr_line' id='line_1_23' title="bbox 333 1663 1786 1723; baseline 0.001 -16"><span class='ocrx_word' id='word_1_184' title='bbox 333 1682 478 1720; x_wconf 81' lang='grc' dir='ltr'><strong><em>σαντο,</em></strong></span> <span class='ocrx_word' id='word_1_185' title='bbox 508 1667 722 1708; x_wconf 80' lang='grc' dir='ltr'><strong><em>δουλεύειν</em></strong></span> <span class='ocrx_word' id='word_1_186' title='bbox 749 1672 835 1715; x_wconf 87' lang='grc' dir='ltr'><strong><em>τοῖς</em></strong></span> <span class='ocrx_word' id='word_1_187' title='bbox 866 1669 1166 1723; x_wconf 88' lang='grc' dir='ltr'><strong><em>δυνατωτέροις</em></strong></span> <span class='ocrx_word' id='word_1_188' title='bbox 1199 1665 1504 1723; x_wconf 80' lang='grc' dir='ltr'><strong><em>ψηφισάμενοι.</em></strong></span> <span class='ocrx_word' id='word_1_189' title='bbox 1562 1663 1674 1708; x_wconf 70' lang='grc' dir='ltr'><strong><em>οὕτω</em></strong></span> <span class='ocrx_word' id='word_1_190' title='bbox 1701 1669 1786 1708; x_wconf 74' lang='grc' dir='ltr'><strong>πᾶ-</strong></span> 
     </span>
     <span class='ocr_line' id='line_1_24' title="bbox 333 1730 1783 1792; baseline -0.001 -17"><span class='ocrx_word' id='word_1_191' title='bbox 333 1748 407 1775; x_wconf 89' lang='grc' dir='ltr'><strong>σαι</strong></span> <span class='ocrx_word' id='word_1_192' title='bbox 444 1730 582 1781; x_wconf 88' lang='grc' dir='ltr'><strong><em>πόλεις</em></strong></span> <span class='ocrx_word' id='word_1_193' title='bbox 623 1733 955 1788; x_wconf 80' lang='grc' dir='ltr'><strong><em>κατεσείσθησαν</em></strong></span> <span class='ocrx_word' id='word_1_194' title='bbox 993 1735 1049 1790; x_wconf 77' lang='grc' dir='ltr'><strong>τῷ</strong></span> <span class='ocrx_word' id='word_1_195' title='bbox 1096 1731 1214 1792; x_wconf 79' lang='grc' dir='ltr'><strong><em>φόβῳ</em></strong></span> <span class='ocrx_word' id='word_1_196' title='bbox 1264 1733 1358 1776; x_wconf 86' lang='grc' dir='ltr'><strong><em>τότε</em></strong></span> <span class='ocrx_word' id='word_1_197' title='bbox 1405 1732 1479 1776; x_wconf 76' lang='grc' dir='ltr'><strong>καὶ</strong></span> <span class='ocrx_word' id='word_1_198' title='bbox 1517 1737 1783 1789; x_wconf 86' lang='grc' dir='ltr'><strong><em>προσχωρεῖν</em></strong></span> 
     </span>
    </p>
   </div>
   <div class='ocr_carea' id='block_1_3' title="bbox 332 1912 1785 2804">
    <p class='ocr_par' dir='ltr' id='par_1_3' title="bbox 332 1912 1785 2804">
     <span class='ocr_line' id='line_1_25' title="bbox 333 1912 1784 1960; baseline 0.002 -13"><span class='ocrx_word' id='word_1_199' title='bbox 333 1915 374 1947; x_wconf 86' lang='lat' dir='ltr'><strong>in</strong></span> <span class='ocrx_word' id='word_1_200' title='bbox 408 1912 635 1948; x_wconf 88' lang='lat' dir='ltr'><strong>deditionem</strong></span> <span class='ocrx_word' id='word_1_201' title='bbox 668 1913 899 1959; x_wconf 88' lang='lat' dir='ltr'><strong>accipiendos</strong></span> <span class='ocrx_word' id='word_1_202' title='bbox 934 1913 1142 1949; x_wconf 83' lang='lat' dir='ltr'><strong>invitantes.</strong></span> <span class='ocrx_word' id='word_1_203' title='bbox 1206 1913 1295 1947; x_wconf 89' lang='lat' dir='ltr'><strong>Nam</strong></span> <span class='ocrx_word' id='word_1_204' title='bbox 1330 1913 1481 1956; x_wconf 87' lang='lat' dir='ltr'><strong>Crales,</strong></span> <span class='ocrx_word' id='word_1_205' title='bbox 1522 1913 1587 1960; x_wconf 85' lang='lat' dir='ltr'><strong>qui</strong></span> <span class='ocrx_word' id='word_1_206' title='bbox 1621 1917 1709 1948; x_wconf 87' lang='lat' dir='ltr'><strong>tunc</strong></span> <span class='ocrx_word' id='word_1_207' title='bbox 1745 1918 1784 1950; x_wconf 83' lang='lat' dir='ltr'><strong>in</strong></span> 
     </span>
     <span class='ocr_line' id='line_1_26' title="bbox 333 1961 1785 2006; baseline -0.001 -12"><span class='ocrx_word' id='word_1_208' title='bbox 333 1963 495 1995; x_wconf 84' lang='lat' dir='ltr'>Paeonas</span> <span class='ocrx_word' id='word_1_209' title='bbox 522 1966 696 2001; x_wconf 86' lang='lat' dir='ltr'><strong>moverat,</strong></span> <span class='ocrx_word' id='word_1_210' title='bbox 719 1966 767 1993; x_wconf 45' lang='lat' dir='ltr'><strong>ut*</strong></span> <span class='ocrx_word' id='word_1_211' title='bbox 784 1962 1038 2005; x_wconf 83' lang='lat' dir='ltr'><strong>imperatorem</strong></span> <span class='ocrx_word' id='word_1_212' title='bbox 1063 1961 1272 1995; x_wconf 80' lang='lat' dir='ltr'><strong>adventasse</strong></span> <span class='ocrx_word' id='word_1_213' title='bbox 1293 1961 1445 2001; x_wconf 87' lang='lat' dir='ltr'><strong>audivit,</strong></span> <span class='ocrx_word' id='word_1_214' title='bbox 1471 1971 1691 2006; x_wconf 88' lang='lat' dir='ltr'><strong>quamquam</strong></span> <span class='ocrx_word' id='word_1_215' title='bbox 1715 1961 1785 1995; x_wconf 88' lang='lat' dir='ltr'><strong>ha-</strong></span> 
     </span>
     <span class='ocr_line' id='line_1_27' title="bbox 332 2007 1784 2052; baseline 0 -11"><span class='ocrx_word' id='word_1_216' title='bbox 332 2007 440 2041; x_wconf 84' lang='lat' dir='ltr'><strong>beret</strong></span> <span class='ocrx_word' id='word_1_217' title='bbox 468 2009 590 2052; x_wconf 86' lang='lat' dir='ltr'><strong>copias</strong></span> <span class='ocrx_word' id='word_1_218' title='bbox 616 2008 794 2052; x_wconf 76' lang='lat' dir='ltr'><strong>ingente5‚</strong></span> <span class='ocrx_word' id='word_1_219' title='bbox 818 2018 893 2041; x_wconf 90' lang='lat' dir='ltr'><strong>non</strong></span> <span class='ocrx_word' id='word_1_220' title='bbox 920 2018 958 2040; x_wconf 84' lang='lat' dir='ltr'><strong>se</strong></span> <span class='ocrx_word' id='word_1_221' title='bbox 986 2008 1044 2040; x_wconf 83' lang='lat' dir='ltr'><strong>ilii</strong></span> <span class='ocrx_word' id='word_1_222' title='bbox 1069 2007 1228 2041; x_wconf 84' lang='lat' dir='ltr'><strong>audebat</strong></span> <span class='ocrx_word' id='word_1_223' title='bbox 1251 2018 1461 2052; x_wconf 87' lang='lat' dir='ltr'><strong>opponere,</strong></span> <span class='ocrx_word' id='word_1_224' title='bbox 1485 2007 1549 2041; x_wconf 90' lang='lat' dir='ltr'><strong>sed</strong></span> <span class='ocrx_word' id='word_1_225' title='bbox 1575 2009 1696 2041; x_wconf 89' lang='lat' dir='ltr'><strong>omnia</strong></span> <span class='ocrx_word' id='word_1_226' title='bbox 1710 2009 1784 2041; x_wconf 89' lang='lat' dir='ltr'><strong>du-</strong></span> 
     </span>
     <span class='ocr_line' id='line_1_28' title="bbox 336 2053 1783 2095; baseline 0.002 -9"><span class='ocrx_word' id='word_1_227' title='bbox 336 2065 420 2093; x_wconf 86' lang='lat' dir='ltr'><strong>cens</strong></span> <span class='ocrx_word' id='word_1_228' title='bbox 456 2055 495 2086; x_wconf 88' lang='lat' dir='ltr'><strong>in</strong></span> <span class='ocrx_word' id='word_1_229' title='bbox 533 2055 692 2087; x_wconf 90' lang='lat' dir='ltr'><strong>minimis</strong></span> <span class='ocrx_word' id='word_1_230' title='bbox 728 2053 935 2088; x_wconf 88' lang='lat' dir='ltr'><strong>conflictum</strong></span> <span class='ocrx_word' id='word_1_231' title='bbox 968 2053 1116 2089; x_wconf 80' lang='lat' dir='ltr'><strong>volebat</strong></span> <span class='ocrx_word' id='word_1_232' title='bbox 1155 2053 1348 2088; x_wconf 87' lang='lat' dir='ltr'><strong>declinare.</strong></span> <span class='ocrx_word' id='word_1_233' title='bbox 1406 2053 1509 2088; x_wconf 83' lang='lat' dir='ltr'><strong>Unde</strong></span> <span class='ocrx_word' id='word_1_234' title='bbox 1546 2054 1669 2095; x_wconf 89' lang='lat' dir='ltr'><strong>etiam,</strong></span> <span class='ocrx_word' id='word_1_235' title='bbox 1702 2065 1783 2089; x_wconf 88' lang='lat' dir='ltr'><strong>cum</strong></span> 
     </span>
     <span class='ocr_line' id='line_1_29' title="bbox 337 2100 1783 2146; baseline 0.002 -14"><span class='ocrx_word' id='word_1_236' title='bbox 337 2101 490 2144; x_wconf 87' lang='lat' dir='ltr'><strong>Scopiae</strong></span> <span class='ocrx_word' id='word_1_237' title='bbox 515 2101 623 2142; x_wconf 89' lang='lat' dir='ltr'><strong>cives,</strong></span> <span class='ocrx_word' id='word_1_238' title='bbox 638 2101 820 2146; x_wconf 86' lang='lat' dir='ltr'><strong>legatione</strong></span> <span class='ocrx_word' id='word_1_239' title='bbox 845 2101 968 2142; x_wconf 82' lang='lat' dir='ltr'><strong>missa,</strong></span> <span class='ocrx_word' id='word_1_240' title='bbox 992 2102 1247 2145; x_wconf 84' lang='lat' dir='ltr'><strong>Imperatorem</strong></span> <span class='ocrx_word' id='word_1_241' title='bbox 1267 2102 1408 2135; x_wconf 87' lang='lat' dir='ltr'><strong>infestis</strong></span> <span class='ocrx_word' id='word_1_242' title='bbox 1432 2101 1543 2146; x_wconf 85' lang='lat' dir='ltr'><strong>signis</strong></span> <span class='ocrx_word' id='word_1_243' title='bbox 1567 2100 1612 2134; x_wconf 84' lang='lat' dir='ltr'><strong>ad</strong></span> <span class='ocrx_word' id='word_1_244' title='bbox 1637 2112 1675 2135; x_wconf 88' lang='lat' dir='ltr'><strong>se</strong></span> <span class='ocrx_word' id='word_1_245' title='bbox 1698 2107 1783 2135; x_wconf 88' lang='lat' dir='ltr'><strong>ten-</strong></span> 
     </span>
     <span class='ocr_line' id='line_1_30' title="bbox 337 2146 1783 2194; baseline 0.002 -15"><span class='ocrx_word' id='word_1_246' title='bbox 337 2146 422 2180; x_wconf 89' lang='lat' dir='ltr'><strong>dere</strong></span> <span class='ocrx_word' id='word_1_247' title='bbox 460 2148 691 2180; x_wconf 82' lang='lat' dir='ltr'><strong>nuntiassent</strong></span> <span class='ocrx_word' id='word_1_248' title='bbox 726 2147 978 2194; x_wconf 82' lang='lat' dir='ltr'><strong>auxiliumque</strong></span> <span class='ocrx_word' id='word_1_249' title='bbox 1016 2147 1288 2192; x_wconf 82' lang='lat' dir='ltr'><strong>poposcissent,</strong></span> <span class='ocrx_word' id='word_1_250' title='bbox 1316 2148 1474 2193; x_wconf 87' lang='lat' dir='ltr'><strong>primum</strong></span> <span class='ocrx_word' id='word_1_251' title='bbox 1506 2148 1654 2194; x_wconf 88' lang='lat' dir='ltr'><strong>quidem</strong></span> <span class='ocrx_word' id='word_1_252' title='bbox 1682 2159 1783 2193; x_wconf 86' lang='lat' dir='ltr'><strong>spem</strong></span> 
     </span>
     <span class='ocr_line' id='line_1_31' title="bbox 335 2193 1783 2238; baseline 0.003 -13"><span class='ocrx_word' id='word_1_253' title='bbox 335 2193 513 2233; x_wconf 83' lang='lat' dir='ltr'><strong>faciebat,</strong></span> <span class='ocrx_word' id='word_1_254' title='bbox 555 2193 586 2226; x_wconf 90' lang='lat' dir='ltr'><strong>si</strong></span> <span class='ocrx_word' id='word_1_255' title='bbox 611 2194 761 2228; x_wconf 86' lang='lat' dir='ltr'><strong>Romani</strong></span> <span class='ocrx_word' id='word_1_256' title='bbox 788 2195 886 2238; x_wconf 89' lang='lat' dir='ltr'><strong>ipsos</strong></span> <span class='ocrx_word' id='word_1_257' title='bbox 914 2194 1158 2229; x_wconf 85' lang='lat' dir='ltr'><strong>adorirentur.</strong></span> <span class='ocrx_word' id='word_1_258' title='bbox 1205 2195 1251 2229; x_wconf 87' lang='lat' dir='ltr'><strong>Ut</strong></span> <span class='ocrx_word' id='word_1_259' title='bbox 1280 2201 1402 2229; x_wconf 87' lang='lat' dir='ltr'><strong>autem</strong></span> <span class='ocrx_word' id='word_1_260' title='bbox 1438 2195 1535 2229; x_wconf 80' lang='lat' dir='ltr'><strong>fama</strong></span> <span class='ocrx_word' id='word_1_261' title='bbox 1571 2195 1617 2229; x_wconf 87' lang='lat' dir='ltr'><strong>de</strong></span> <span class='ocrx_word' id='word_1_262' title='bbox 1642 2195 1783 2229; x_wconf 87' lang='lat' dir='ltr'><strong>adven-</strong></span> 
     </span>
     <span class='ocr_line' id='line_1_32' title="bbox 336 2238 1781 2288; baseline 0.002 -16"><span class='ocrx_word' id='word_1_263' title='bbox 336 2238 501 2273; x_wconf 88' lang='lat' dir='ltr'><strong>tantibus</strong></span> <span class='ocrx_word' id='word_1_264' title='bbox 550 2239 717 2273; x_wconf 88' lang='lat' dir='ltr'><strong>Romanis</strong></span> <span class='ocrx_word' id='word_1_265' title='bbox 763 2240 1002 2286; x_wconf 87' lang='lat' dir='ltr'><strong>barbarisque</strong></span> <span class='ocrx_word' id='word_1_266' title='bbox 1039 2240 1223 2276; x_wconf 87' lang='lat' dir='ltr'><strong>increbuit</strong></span> <span class='ocrx_word' id='word_1_267' title='bbox 1276 2247 1524 2288; x_wconf 87' lang='lat' dir='ltr'><strong>terroremque</strong></span> <span class='ocrx_word' id='word_1_268' title='bbox 1568 2242 1781 2286; x_wconf 87' lang='lat' dir='ltr'><strong>duplicavit,</strong></span> 
     </span>
     <span class='ocr_line' id='line_1_33' title="bbox 335 2286 1782 2334; baseline 0.003 -15"><span class='ocrx_word' id='word_1_269' title='bbox 335 2286 528 2319; x_wconf 86' lang='lat' dir='ltr'><strong>manifeste</strong></span> <span class='ocrx_word' id='word_1_270' title='bbox 566 2297 672 2330; x_wconf 85' lang='lat' dir='ltr'><strong>opem</strong></span> <span class='ocrx_word' id='word_1_271' title='bbox 706 2286 966 2332; x_wconf 88' lang='lat' dir='ltr'><strong>Scopiensibus</strong></span> <span class='ocrx_word' id='word_1_272' title='bbox 997 2288 1143 2333; x_wconf 82' lang='lat' dir='ltr'><strong>negavit</strong></span> <span class='ocrx_word' id='word_1_273' title='bbox 1175 2288 1347 2330; x_wconf 85' lang='lat' dir='ltr'><strong>hortans,</strong></span> <span class='ocrx_word' id='word_1_274' title='bbox 1387 2294 1427 2323; x_wconf 89' lang='lat' dir='ltr'><strong>ut</strong></span> <span class='ocrx_word' id='word_1_275' title='bbox 1458 2294 1572 2323; x_wconf 85' lang='lat' dir='ltr'><strong>semet</strong></span> <span class='ocrx_word' id='word_1_276' title='bbox 1593 2291 1691 2334; x_wconf 88' lang='lat' dir='ltr'><strong>ipsos</strong></span> <span class='ocrx_word' id='word_1_277' title='bbox 1715 2300 1782 2334; x_wconf 86' lang='lat' dir='ltr'><strong>pro</strong></span> 
     </span>
     <span class='ocr_line' id='line_1_34' title="bbox 334 2331 1784 2382; baseline 0.002 -16"><span class='ocrx_word' id='word_1_278' title='bbox 334 2332 474 2366; x_wconf 81' lang='lat' dir='ltr'><strong>viribus</strong></span> <span class='ocrx_word' id='word_1_279' title='bbox 501 2331 753 2367; x_wconf 82' lang='lat' dir='ltr'><strong>defensarent:</strong></span> <span class='ocrx_word' id='word_1_280' title='bbox 782 2345 820 2367; x_wconf 89' lang='lat' dir='ltr'><strong>se</strong></span> <span class='ocrx_word' id='word_1_281' title='bbox 846 2334 885 2366; x_wconf 91' lang='lat' dir='ltr'><strong>in</strong></span> <span class='ocrx_word' id='word_1_282' title='bbox 909 2336 1116 2378; x_wconf 87' lang='lat' dir='ltr'><strong>praesentia</strong></span> <span class='ocrx_word' id='word_1_283' title='bbox 1143 2335 1188 2367; x_wconf 87' lang='lat' dir='ltr'><strong>ad</strong></span> <span class='ocrx_word' id='word_1_284' title='bbox 1215 2346 1275 2369; x_wconf 88' lang='lat' dir='ltr'><strong>eos</strong></span> <span class='ocrx_word' id='word_1_285' title='bbox 1309 2337 1432 2370; x_wconf 85' lang='lat' dir='ltr'><strong>venire</strong></span> <span class='ocrx_word' id='word_1_286' title='bbox 1458 2348 1533 2370; x_wconf 87' lang='lat' dir='ltr'><strong>non</strong></span> <span class='ocrx_word' id='word_1_287' title='bbox 1558 2346 1673 2382; x_wconf 82' lang='lat' dir='ltr'><strong>posse.</strong></span> <span class='ocrx_word' id='word_1_288' title='bbox 1722 2336 1784 2370; x_wconf 82' lang='lat' dir='ltr'><strong>nli</strong></span> 
     </span>
     <span class='ocr_line' id='line_1_35' title="bbox 337 2379 1783 2425; baseline 0.002 -12"><span class='ocrx_word' id='word_1_289' title='bbox 337 2379 517 2413; x_wconf 89' lang='lat' dir='ltr'><strong>communi</strong></span> <span class='ocrx_word' id='word_1_290' title='bbox 539 2380 692 2413; x_wconf 88' lang='lat' dir='ltr'><strong>consilio</strong></span> <span class='ocrx_word' id='word_1_291' title='bbox 716 2391 866 2425; x_wconf 88' lang='lat' dir='ltr'><strong>magnae</strong></span> <span class='ocrx_word' id='word_1_292' title='bbox 892 2380 1096 2416; x_wconf 86' lang='lat' dir='ltr'><strong>dementiae</strong></span> <span class='ocrx_word' id='word_1_293' title='bbox 1120 2382 1356 2416; x_wconf 86' lang='lat' dir='ltr'><strong>tribuendum</strong></span> <span class='ocrx_word' id='word_1_294' title='bbox 1377 2388 1597 2422; x_wconf 82' lang='lat' dir='ltr'><strong>statuentes,</strong></span> <span class='ocrx_word' id='word_1_295' title='bbox 1622 2383 1697 2416; x_wconf 84' lang='lat' dir='ltr'><strong>illis</strong></span> <span class='ocrx_word' id='word_1_296' title='bbox 1721 2393 1783 2416; x_wconf 88' lang='lat' dir='ltr'><strong>re-</strong></span> 
     </span>
     <span class='ocr_line' id='line_1_36' title="bbox 337 2425 1784 2473; baseline 0.003 -13"><span class='ocrx_word' id='word_1_297' title='bbox 337 2428 480 2466; x_wconf 87' lang='lat' dir='ltr'><strong>sistere,</strong></span> <span class='ocrx_word' id='word_1_298' title='bbox 506 2425 727 2471; x_wconf 87' lang='lat' dir='ltr'><strong>quibuscum</strong></span> <span class='ocrx_word' id='word_1_299' title='bbox 753 2437 877 2462; x_wconf 86' lang='lat' dir='ltr'><strong>eorum</strong></span> <span class='ocrx_word' id='word_1_300' title='bbox 911 2428 1079 2473; x_wconf 88' lang='lat' dir='ltr'><strong>princeps</strong></span> <span class='ocrx_word' id='word_1_301' title='bbox 1115 2439 1195 2461; x_wconf 90' lang='lat' dir='ltr'><strong>cum</strong></span> <span class='ocrx_word' id='word_1_302' title='bbox 1220 2435 1322 2464; x_wconf 85' lang='lat' dir='ltr'><strong>tanto</strong></span> <span class='ocrx_word' id='word_1_303' title='bbox 1361 2432 1519 2464; x_wconf 80' lang='lat' dir='ltr'><strong>exercitu</strong></span> <span class='ocrx_word' id='word_1_304' title='bbox 1545 2430 1682 2464; x_wconf 86' lang='lat' dir='ltr'><strong>bellare</strong></span> <span class='ocrx_word' id='word_1_305' title='bbox 1707 2440 1784 2464; x_wconf 85' lang='lat' dir='ltr'><strong>non</strong></span> 
     </span>
     <span class='ocr_line' id='line_1_37' title="bbox 337 2472 1783 2522; baseline 0.002 -15"><span class='ocrx_word' id='word_1_306' title='bbox 337 2473 502 2513; x_wconf 80' lang='lat' dir='ltr'><strong>auderet,</strong></span> <span class='ocrx_word' id='word_1_307' title='bbox 528 2472 574 2505; x_wconf 88' lang='lat' dir='ltr'><strong>ad</strong></span> <span class='ocrx_word' id='word_1_308' title='bbox 599 2474 854 2517; x_wconf 86' lang='lat' dir='ltr'><strong>imperatorem</strong></span> <span class='ocrx_word' id='word_1_309' title='bbox 881 2474 1029 2515; x_wconf 85' lang='lat' dir='ltr'><strong>adeunt,</strong></span> <span class='ocrx_word' id='word_1_310' title='bbox 1058 2475 1245 2521; x_wconf 85' lang='lat' dir='ltr'><strong>urbisque,</strong></span> <span class='ocrx_word' id='word_1_311' title='bbox 1276 2481 1470 2522; x_wconf 81' lang='lat' dir='ltr'><strong>antequam</strong></span> <span class='ocrx_word' id='word_1_312' title='bbox 1495 2477 1642 2511; x_wconf 87' lang='lat' dir='ltr'><strong>duriora</strong></span> <span class='ocrx_word' id='word_1_313' title='bbox 1668 2488 1783 2521; x_wconf 84' lang='lat' dir='ltr'><strong>expe-</strong></span> 
     </span>
     <span class='ocr_line' id='line_1_38' title="bbox 335 2518 1782 2564; baseline 0.004 -12"><span class='ocrx_word' id='word_1_314' title='bbox 335 2520 488 2560; x_wconf 83' lang='lat' dir='ltr'><strong>riantur,</strong></span> <span class='ocrx_word' id='word_1_315' title='bbox 514 2518 738 2553; x_wconf 82' lang='lat' dir='ltr'><strong>deditionem</strong></span> <span class='ocrx_word' id='word_1_316' title='bbox 762 2520 913 2554; x_wconf 83' lang='lat' dir='ltr'><strong>faciunt.</strong></span> <span class='ocrx_word' id='word_1_317' title='bbox 961 2522 1203 2563; x_wconf 88' lang='lat' dir='ltr'><strong>Postmodum,</strong></span> <span class='ocrx_word' id='word_1_318' title='bbox 1228 2522 1350 2557; x_wconf 86' lang='lat' dir='ltr'><strong>sedato</strong></span> <span class='ocrx_word' id='word_1_319' title='bbox 1374 2524 1516 2564; x_wconf 79' lang='lat' dir='ltr'><strong>timore,</strong></span> <span class='ocrx_word' id='word_1_320' title='bbox 1541 2523 1579 2558; x_wconf 79' lang='lat' dir='ltr'><strong>in</strong></span> <span class='ocrx_word' id='word_1_321' title='bbox 1603 2522 1782 2558; x_wconf 86' lang='lat' dir='ltr'><strong>iudicium</strong></span> 
     </span>
     <span class='ocr_line' id='line_1_39' title="bbox 336 2566 1781 2610; baseline 0.002 -11"><span class='ocrx_word' id='word_1_322' title='bbox 336 2578 356 2599; x_wconf 90' lang='lat' dir='ltr'><strong>a</strong></span> <span class='ocrx_word' id='word_1_323' title='bbox 384 2567 489 2600; x_wconf 79' lang='lat' dir='ltr'><strong>Crale</strong></span> <span class='ocrx_word' id='word_1_324' title='bbox 514 2566 630 2599; x_wconf 85' lang='lat' dir='ltr'><strong>vocati</strong></span> <span class='ocrx_word' id='word_1_325' title='bbox 656 2571 693 2599; x_wconf 89' lang='lat' dir='ltr'><strong>et</strong></span> <span class='ocrx_word' id='word_1_326' title='bbox 721 2567 938 2601; x_wconf 87' lang='lat' dir='ltr'><strong>defectionis</strong></span> <span class='ocrx_word' id='word_1_327' title='bbox 963 2570 1144 2610; x_wconf 88' lang='lat' dir='ltr'><strong>accusati,</strong></span> <span class='ocrx_word' id='word_1_328' title='bbox 1174 2570 1280 2602; x_wconf 87' lang='lat' dir='ltr'><strong>facile</strong></span> <span class='ocrx_word' id='word_1_329' title='bbox 1305 2571 1439 2604; x_wconf 86' lang='lat' dir='ltr'><strong>crimen</strong></span> <span class='ocrx_word' id='word_1_330' title='bbox 1464 2571 1692 2610; x_wconf 82' lang='lat' dir='ltr'><strong>refutarunt,</strong></span> <span class='ocrx_word' id='word_1_331' title='bbox 1722 2581 1781 2603; x_wconf 89' lang='lat' dir='ltr'><strong>ar·-</strong></span> 
     </span>
     <span class='ocr_line' id='line_1_40' title="bbox 337 2613 1781 2663; baseline 0.003 -17"><span class='ocrx_word' id='word_1_332' title='bbox 337 2613 569 2658; x_wconf 84' lang='lat' dir='ltr'><strong>chiepiscopo</strong></span> <span class='ocrx_word' id='word_1_333' title='bbox 597 2623 721 2646; x_wconf 89' lang='lat' dir='ltr'><strong>eorum</strong></span> <span class='ocrx_word' id='word_1_334' title='bbox 746 2620 1007 2659; x_wconf 84' lang='lat' dir='ltr'><strong>cognoscente,</strong></span> <span class='ocrx_word' id='word_1_335' title='bbox 1035 2616 1099 2660; x_wconf 91' lang='lat' dir='ltr'><strong>qui</strong></span> <span class='ocrx_word' id='word_1_336' title='bbox 1132 2626 1192 2650; x_wconf 91' lang='lat' dir='ltr'><strong>eos</strong></span> <span class='ocrx_word' id='word_1_337' title='bbox 1226 2617 1320 2650; x_wconf 80' lang='lat' dir='ltr'><strong>nihil</strong></span> <span class='ocrx_word' id='word_1_338' title='bbox 1354 2617 1523 2651; x_wconf 86' lang='lat' dir='ltr'><strong>adversus</strong></span> <span class='ocrx_word' id='word_1_339' title='bbox 1557 2618 1781 2663; x_wconf 82' lang='lat' dir='ltr'><strong>aequitatem</strong></span> 
     </span>
     <span class='ocr_line' id='line_1_41' title="bbox 334 2660 1780 2706; baseline 0.003 -14"><span class='ocrx_word' id='word_1_340' title='bbox 334 2660 534 2706; x_wconf 83' lang='lat' dir='ltr'><strong>patravisse</strong></span> <span class='ocrx_word' id='word_1_341' title='bbox 561 2660 836 2705; x_wconf 84' lang='lat' dir='ltr'><strong>pronuntiavit,</strong></span> <span class='ocrx_word' id='word_1_342' title='bbox 861 2662 916 2703; x_wconf 87' lang='lat' dir='ltr'><strong>si,</strong></span> <span class='ocrx_word' id='word_1_343' title='bbox 944 2661 1048 2694; x_wconf 86' lang='lat' dir='ltr'><strong>Crale</strong></span> <span class='ocrx_word' id='word_1_344' title='bbox 1074 2664 1223 2696; x_wconf 88' lang='lat' dir='ltr'><strong>nolente</strong></span> <span class='ocrx_word' id='word_1_345' title='bbox 1248 2674 1475 2704; x_wconf 87' lang='lat' dir='ltr'><strong>succurrere,</strong></span> <span class='ocrx_word' id='word_1_346' title='bbox 1511 2665 1575 2698; x_wconf 91' lang='lat' dir='ltr'><strong>sed</strong></span> <span class='ocrx_word' id='word_1_347' title='bbox 1598 2661 1780 2705; x_wconf 80' lang='lat' dir='ltr'><strong>hortante,</strong></span> 
     </span>
     <span class='ocr_line' id='line_1_42' title="bbox 337 2707 1778 2753; baseline 0.003 -15"><span class='ocrx_word' id='word_1_348' title='bbox 337 2711 380 2739; x_wconf 88' lang='lat' dir='ltr'><strong>ut</strong></span> <span class='ocrx_word' id='word_1_349' title='bbox 410 2718 448 2740; x_wconf 89' lang='lat' dir='ltr'><strong>se</strong></span> <span class='ocrx_word' id='word_1_350' title='bbox 473 2708 570 2751; x_wconf 87' lang='lat' dir='ltr'><strong>ipsos</strong></span> <span class='ocrx_word' id='word_1_351' title='bbox 600 2711 804 2749; x_wconf 86' lang='lat' dir='ltr'><strong>tuerentur,</strong></span> <span class='ocrx_word' id='word_1_352' title='bbox 831 2707 888 2741; x_wconf 80' lang='lat' dir='ltr'><strong>illi</strong></span> <span class='ocrx_word' id='word_1_353' title='bbox 913 2709 1111 2753; x_wconf 88' lang='lat' dir='ltr'><strong>prudenter</strong></span> <span class='ocrx_word' id='word_1_354' title='bbox 1134 2710 1206 2743; x_wconf 85' lang='lat' dir='ltr'><strong>sibi</strong></span> <span class='ocrx_word' id='word_1_355' title='bbox 1234 2721 1276 2744; x_wconf 88' lang='lat' dir='ltr'><strong>ac</strong></span> <span class='ocrx_word' id='word_1_356' title='bbox 1303 2711 1510 2745; x_wconf 87' lang='lat' dir='ltr'><strong>salutariter</strong></span> <span class='ocrx_word' id='word_1_357' title='bbox 1534 2711 1778 2751; x_wconf 83' lang='lat' dir='ltr'><strong>consulentes,</strong></span> 
     </span>
     <span class='ocr_line' id='line_1_43' title="bbox 336 2753 1780 2804; baseline 0.003 -17"><span class='ocrx_word' id='word_1_358' title='bbox 336 2753 607 2800; x_wconf 86' lang='lat' dir='ltr'><strong>potentioribus</strong></span> <span class='ocrx_word' id='word_1_359' title='bbox 633 2764 763 2799; x_wconf 82' lang='lat' dir='ltr'><strong>parere</strong></span> <span class='ocrx_word' id='word_1_360' title='bbox 797 2755 1064 2790; x_wconf 83' lang='lat' dir='ltr'><strong>constituerint.</strong></span> <span class='ocrx_word' id='word_1_361' title='bbox 1113 2756 1215 2791; x_wconf 88' lang='lat' dir='ltr'><strong>Adeo</strong></span> <span class='ocrx_word' id='word_1_362' title='bbox 1248 2762 1335 2792; x_wconf 88' lang='lat' dir='ltr'><strong>tunc</strong></span> <span class='ocrx_word' id='word_1_363' title='bbox 1359 2768 1482 2792; x_wconf 87' lang='lat' dir='ltr'><strong>omnes</strong></span> <span class='ocrx_word' id='word_1_364' title='bbox 1507 2758 1614 2794; x_wconf 86' lang='lat' dir='ltr'><strong>urbes</strong></span> <span class='ocrx_word' id='word_1_365' title='bbox 1638 2758 1780 2804; x_wconf 86' lang='lat' dir='ltr'><strong>percul-</strong></span> 
     </span>
    </p>
   </div>
  </div>
 </body>
</html>
