1794 3158
318 139 431 212 396
822 155 1233 198 ANNOTATioNFs

314 261 478 299 rosiores
495 260 637 313 facit,
684 269 726 299 ut
775 259 952 300 viriliter
991 272 1044 298 ea
1059 289 1068 307 ,
1112 273 1211 315 quae
1263 268 1463 314 supersunt
1476 265 1510 308 ,'
1537 267 1750 314 capessant.

313 315 476 354 Sanctus
511 330 605 355 vero
642 315 884 369 Sophronias
933 316 1110 353 oratione
1149 328 1218 352 sua
1268 315 1416 355 sobrios
1466 323 1505 354 et
1540 317 1622 369 ipse
1650 315 1746 354 red·

313 369 375 408 dit
390 399 402 420 ,
450 379 489 409 et
522 370 580 408 ad
618 370 748 410 Deum
795 370 944 407 excitat
959 398 971 418 ,
1018 383 1066 407 ne
1108 378 1315 419 corruant,
1361 384 1458 409 neve
1516 369 1716 423 desperent
1730 399 1742 418 ,

313 425 406 463 licet
455 425 645 478 aliquibus
696 424 864 478 peccatis
918 425 1060 462 irretiti
1089 425 1264 476 fioerint.
1341 425 1498 480 Quanta
1549 425 1650 464 enim
1700 425 1763 463 sit·

313 478 398 517 Dei
437 480 659 518 humanitas
708 487 747 516 et
790 480 999 517 clementia
1050 480 1092 517 in
1132 480 1245 529 illos,
1295 481 1364 536 qui
1424 493 1480 519 ex
1514 487 1592 518 toto
1635 479 1752 518 corde

309 535 547 588 praeteritae
574 535 681 573 vitae
708 547 839 574 noxas
870 535 1089 589 relinquere
1120 535 1290 587 cogitant
1307 563 1320 585 ‚
1341 535 1520 574 narratio
1547 534 1597 573 de
1614 534 1753 573 Maria

313 588 563 642 Aegyptiam
598 589 750 628 abunde
785 589 907 627 docet.
968 589 1209 644 Appellatur
1234 599 1362 629 autem
1393 603 1555 642 magnus
1598 602 1752 639 canon,

312 652 355 681 ut
365 646 481 694 sorte
507 644 705 699 quispiam
736 644 891 683 dixerit
909 674 919 694 ‚
932 654 1098 700 propter
1123 647 1397 684 sententiarum
1422 643 1583 699 pondus
1608 652 1646 683 et
1661 658 1756 696 gra-

312 699 494 744 vitatem,
523 713 688 754 quarum
702 700 981 750 feracissimus
1009 709 1064 738 est
1108 701 1266 739 canonis
1294 701 1405 739 huius
1432 708 1567 738 auctor
1583 727 1596 750 ‚
1628 700 1670 738 in
1696 700 1756 737 his

310 752 588 807 componendis
609 755 816 808 praeclare
844 756 1094 796 exercitatus.
1143 755 1317 810 Cumque
1341 755 1460 794 ceteri
1484 767 1650 793 canones
1683 755 1762 792 tri-

308 809 420 859 ginta
447 818 516 847 aut
535 810 658 862 paulo
686 809 856 863 amplius
899 810 1079 863 troparia
1130 811 1351 849 contineant
1365 839 1376 860 ‚
1412 811 1480 848 iste
1511 809 1568 848 ad
1591 808 1756 848 ducenta

311 871 350 900 et
374 864 655 918 quinquaginta
681 863 956 918 progreditur,
989 864 1161 918 quolibet
1194 879 1249 904 ex
1278 866 1357 902 illis
1404 863 1642 917 ineffabilem
1669 864 1758 902 stil-

310 917 418 956 lante
440 918 680 957 dulcedinem
707 927 746 957 et
768 919 1020 972 voluptatem.
1080 918 1176 957 Iure
1216 919 1337 972 igitur
1373 921 1517 973 optimo
1548 926 1587 959 et
1617 932 1757 958 conve-

310 973 461 1011 nienter
500 975 698 1012 sancitum
727 982 806 1023 est,
845 982 887 1012 ut
917 987 1083 1026 magnus
1111 975 1182 1012 iste
1223 988 1349 1013 canon
1391 982 1428 1012 et
1456 974 1758 1027 compunctionis

305 1028 559 1080 plenissimus
586 1030 628 1067 in
656 1041 802 1081 magna
832 1028 1136 1083 quadragesima
1159 1029 1372 1083 psallatur.
1430 1028 1548 1068 H'unc
1569 1029 1759 1083 praecla-

309 1083 508 1122 rissimum
547 1092 585 1122 et
631 1085 854 1122 maximum
896 1096 1089 1122 canonem
1137 1093 1175 1122 et
1214 1085 1429 1123 orationem
1481 1085 1524 1122 in
1575 1083 1757 1125 Mariam

313 1136 633 1192 (Aegyptiacam)
664 1139 825 1192 ipsemet
844 1147 968 1192 pater
995 1147 1126 1177 noster
1152 1138 1335 1178 Andreas
1367 1139 1524 1194 primus
1567 1138 1758 1177 Constan-

310 1192 517 1246 tinopolim
536 1194 648 1240 tulit,
679 1192 837 1248 quando
869 1193 920 1231 ab
947 1192 1320 1245 Hierosolymorum
1352 1194 1584 1249 patriarcha
1623 1193 1753 1232 leeo-

310 1247 408 1286 doro
433 1248 492 1288 ad
514 1256 669 1287 sextam
698 1248 892 1300 synodum
914 1249 1084 1287 subsidio
1116 1251 1256 1289 missus
1283 1258 1356 1288 est.
1417 1249 1524 1288 Tunc
1540 1249 1644 1287 enim
1671 1263 1757 1287 mo-

311 1305 500 1342 nasticam
537 1304 662 1342 vitam
710 1303 839 1342 adhuc
873 1303 1062 1359 profitens
1076 1333 1087 1351 ‚
1127 1318 1211 1343 cum
1253 1304 1440 1343 adversus
1482 1303 1760 1342 Monothelitas

300 1357 467 1412 fortiter
491 1357 744 1409 decertasset,
777 1359 958 1397 ecclesiae
981 1359 1440 1414 Constantinopolitanae
1470 1359 1577 1397 clero
1605 1358 1758 1397 adscri-

305 1422 399 1467 ptus
428 1421 485 1453 est
498 1441 511 1463 ‚
538 1413 720 1468 deinceps
750 1414 792 1451 in
819 1413 958 1453 eadem
979 1413 1168 1453 diaconus
1208 1424 1247 1454 et
1265 1415 1511 1470 pupillorum
1537 1422 1695 1452 curator
1719 1422 1759 1453 et

312 1469 417 1507 altor
451 1470 691 1508 constituitur
706 1499 717 1516 ,
762 1477 801 1507 et
835 1482 913 1507 non
950 1469 1066 1521 longo
1097 1479 1189 1523 post
1234 1479 1405 1524 tempore
1448 1470 1758 1524 archiepiscopus

316 1523 452 1562 Cretae
479 1524 680 1563 ordinatus
704 1532 768 1564 est.
826 1524 968 1562 Postea
989 1526 1178 1577 proxime
1205 1526 1317 1580 apud
1343 1526 1468 1564 locum
1481 1553 1492 1572 ‚
1528 1525 1597 1579 qui
1615 1523 1760 1563 Hieri-.

312 1593 374 1617 sus
401 1579 570 1627 dicitur,
599 1593 685 1617 cum
715 1578 955 1630 Mitylenem
979 1581 1244 1633 pervenisset,
1292 1581 1487 1632 migravit
1526 1579 1584 1617 ad
1608 1579 1759 1618 Domi-

313 1647 407 1673 num
424 1663 435 1684 ,
480 1649 567 1673 cum
594 1634 697 1672 sedis
724 1648 816 1672 suae
832 1635 1017 1684 fructum
1047 1636 1243 1689 copiosum
1266 1635 1512 1689 percepisset.
1566 1633 1666 1672 Eius
1695 1635 1759 1673 in·

314 1690 535 1729 tercessione
564 1691 746 1729 miserere
764 1691 888 1728 nostri
906 1689 1029 1728 Deus.
1059 1690 1247 1729 Ceterum
1277 1692 1417 1743 quinta
1443 1688 1661 1728 hebdomas
1681 1688 1758 1727 fuit

316 1744 477 1783 Graecis
508 1758 553 1784 ea
571 1775 584 1796 ,
610 1758 713 1797 quae
746 1744 861 1783 nobis
888 1751 1044 1798 quarta.
1084 1745 1188 1784 Nam
1204 1746 1347 1784 Graeci
1367 1746 1626 1798 auspicantur
1655 1758 1758 1797 qua-

316 1798 577 1852 dragesimam
608 1800 674 1839 die
700 1799 819 1838 lunae
852 1807 940 1852 post
961 1800 1203 1840 dominicam
1222 1831 1232 1848 ,
1271 1815 1393 1854 quam
1413 1807 1558 1840 vocant
1584 1796 1756 1850 τυρινὴν

315 1868 383 1893 seu
412 1850 676 1908 τυροφάγον,
713 1869 816 1908 quae
846 1862 904 1895 est
942 1854 1143 1895 dominica
1174 1856 1523 1909 quinquagesimae
1539 1855 1647 1907 apud
1666 1867 1757 1893 nos.

315 1909 368 1949 Et
380 1912 506 1963 prima
520 1910 845 1963 quadragesimae
871 1910 1090 1949 hebdomas
1118 1912 1253 1950 finitur
1279 1912 1478 1950 dominic-a
1498 1910 1756 1949 orthodoxiae

316 1979 384 2005 seu
403 1967 532 2018 prima
545 1965 882 2019 quadragesimae,
903 1979 1005 2018 quae
1030 1967 1138 2018 apud
1160 1981 1232 2005 nos
1261 1974 1319 2005 est
1337 1967 1564 2005 Invocavit.
1591 1965 1632 2003 Si
1661 1978 1757 2017 ergo

316 2035 340 2059 a
367 2020 565 2059 dominica
581 2021 655 2072 τῆς
673 2018 916 2074 τυροφάγου
939 2035 1124 2061 numeres
1140 2021 1411 2061 hebdomadas
1431 2034 1556 2073 usque
1570 2020 1621 2058 ad
1637 2021 1756 2072 quin-

316 2082 398 2114 tam
434 2075 600 2126 feriam,
630 2082 719 2128 post
749 2083 934 2128 quartam
975 2076 1215 2116 dominicam
1249 2076 1577 2130 quadragesimae
1597 2103 1610 2124 ‚
1640 2076 1755 2113 inve-

318 2130 400 2169 nies
440 2144 554 2180 eam,
594 2131 644 2170 de
686 2143 766 2184 qua
811 2131 1039 2184 loquimur,
1081 2147 1165 2171 esse
1197 2134 1412 2185 quintam,
1454 2144 1534 2169 non
1567 2137 1754 2182 quartam

317 2184 638 2238 quadragesimae
666 2185 973 2227 hebdomadem.
1028 2187 1150 2238 Quae
1182 2187 1316 2226 omnia
1357 2186 1512 2238 liquent
1540 2198 1586 2223 ex
1617 2184 1759 2224 rituali¹

319 2242 560 2279 Graecorum
591 2240 693 2279 libro
717 2271 729 2291 ‚
759 2243 829 2294 qui
858 2242 1043 2296 Typicon
1071 2243 1199 2282 Sabae
1229 2241 1488 2290 inscribitur,
1517 2241 1557 2288 iu
1591 2253 1673 2292 quo
1701 2241 1756 2278 ti-

317 2293 426 2332 tulus
455 2308 538 2347 cap.
559 2293 624 2333 55.
652 2295 742 2335 talis
775 2304 866 2336 est:
904 2294 1062 2350 εἴδησις
1090 2297 1169 2336 τοῦ
1196 2295 1330 2335 τύπου
1359 2297 1431 2347 τῆς
1458 2290 1657 2346 τετάρτης
1680 2309 1756 2332 κυ-

318 2347 464 2400 ριακῆς
506 2349 588 2388 τῶν
621 2351 817 2402 νηστειῶν
876 2351 949 2391 καί
1000 2352 1075 2403 τῆς
1113 2348 1349 2403 μετάὗτὴν
1379 2345 1622 2401 ἑβδομάδος.
1679 2350 1758 2388 Est

318 2409 450 2441 autem
482 2403 579 2442 haec
631 2405 849 2446 hebdomas
894 2406 1049 2459 quinta.
1115 2407 1377 2459 subiungitur
1426 2406 1533 2444 enim
1574 2402 1626 2457 τῇ
1657 2402 1755 2442 δευ-

315 2457 514 2510 ῐέθφῒῆς
541 2457 727 2512 πέμπτης
756 2454 1011 2511 ἑβδομάδος,
1058 2458 1129 2500 καί
1159 2458 1288 2508 εὐθὺς
1329 2457 1549 2511 ἀρχόμεθα
1577 2458 1653 2497 τοῦ
1678 2470 1756 2507 με-

315 2509 446 2564 γάλου
472 2510 667 2559 κανόνος.
735 2515 790 2554 Et
832 2524 877 2555 ut
916 2531 1000 2556 rem
1047 2515 1228 2568 exemplo
1274 2515 1494 2563 illustrem,
1523 2513 1599 2551 hoc
1634 2526 1757 2561 ⁴anno

322 2566 439 2606 1600.
470 2574 592 2618 agunt
610 2569 780 2619 Graeci,
810 2574 878 2623 qui
907 2573 1027 2611 fastos
1049 2573 1312 2624 Gregorianos
1340 2575 1584 2622 sequuntur,
1606 2568 1752 2607 festum

316 2621 449 2674 magni
481 2623 643 2660 canonis
672 2622 769 2661 feria
797 2629 936 2677 quinta
958 2634 1048 2680 post
1069 2628 1249 2674 Laetare,
1266 2627 1334 2677 qui
1358 2632 1417 2664 est
1437 2625 1602 2676 quintus
1630 2622 1752 2674 Apri-

315 2675 390 2726 lis,
421 2681 461 2714 et
492 2678 631 2726 quinta
662 2676 876 2720 hebdomas
910 2681 1234 2735 quadragesimae
1274 2683 1447 2720 Graecae
1472 2709 1483 2728 ‚
1524 2679 1645 2718 ducto
1673 2678 1751 2715 ini-

316 2731 374 2770 tio
409 2745 432 2770 a
470 2729 534 2769 die
569 2729 685 2770 lunae
727 2742 816 2784 post
858 2737 1099 2777 dominicam
1140 2736 1502 2790 quinquagesimae.
1558 2733 1613 2773 Et
1650 2732 1750 2771 haec
