1794 3158
320 111 436 180 448
827 131 1241 175 ANNOTA‘noNEs

320 243 358 275 et
376 235 660 290 possessionum
691 234 859 275 divitum
880 237 1132 290 postulantes.
1192 235 1338 292 Quibus
1355 236 1488 289 facile
1514 237 1751 292 impetratis,

321 299 358 329 et
390 292 489 330 hora
516 300 553 330 et
579 291 730 330 racione
755 292 817 329 rei
838 292 1039 343 gerendae
1066 292 1268 341 indicatis,
1313 294 1392 346 ipsi
1427 292 1584 346 quidem
1611 295 1730 331 veriti
1738 323 1754 340 ‚-

319 359 368 384 ne
401 347 543 385 vicinis
579 346 744 399 suspecti
769 354 913 396 essene,
939 347 1131 402 postridie
1168 348 1343 386 redeunt.
1399 348 1625 401 Imperator
1660 362 1755 394 vero

319 410 487 455 quatuor
519 400 603 439 dies
642 409 838 439 cunctatus
872 401 949 451 ibi,
973 403 1099 441 scalas
1119 417 1139 440 e
1152 403 1323 454 funibus
1353 403 1517 453 conjecit
1530 431 1542 451 ‚
1580 402 1756 457 qualibus

319 458 363 494 in
388 456 579 495 maximis
604 456 793 494 onerariis
814 464 971 495 utuntur
997 464 1070 496 etc.
1127 458 1248 507 Quod
1272 457 1392 505 dicit,
1422 471 1488 496 eos
1511 459 1648 510 ingens
1666 471 1756 509 pre-

319 511 421 556 tium
449 508 666 563 postulasse
684 510 749 560 ,id
779 524 941 563 prorsus
967 526 990 550 a
1018 513 1141 551 nostri
1169 514 1395 551 narratione
1429 511 1637 551 abhorret.
1670 512 1756 560 Ve7

321 580 412 604 rum
453 579 555 618 quae
598 565 649 603 ad
682 565 841 604 laudem
881 568 1046 606 iunioris
1087 570 1286 620 pertinent
1308 596 1320 617 ,
1349 567 1546 620 Gregoras
1585 566 1756 607 libenter

320 619 569 671 dissimulat,
610 621 717 673 quod
766 622 843 660 iam
879 637 996 675 saepe
1035 623 1185 663 dictum
1225 629 1299 661 est.
1330 635 1504 663 rouun-

428 677 532 727 Pug.
549 689 641 728 291,
656 690 695 729 7.
728 674 911 727 ἐζήτουν
926 679 982 718 Μ.
1012 692 1092 731 mg.
1205 709 1209 714 .

429 732 531 782 Pag.
545 743 637 784 291,
655 730 715 772 18.
745 730 958 770 διελέσθαι
987 734 1043 772 Μ.
1071 747 1145 785 pro
1174 729 1419 784 διειλέχθαι.
1464 766 1470 781 ›.

429 787 535 838 Pag.
551 799 645 838 292,
664 799 722 826 10.
748 787 1015 841 πρεσβυτέρῳ
1047 789 1104 832 M.

430 842 533 893 Pag.
551 854 643 893 292,
658 855 720 881 20.
748 836 795 879 τὸ
830 843 889 880 Μ.
915 856 987 894 pro
1007 844 1094 884 τοῦ.

428 895 531 948 Pag.
551 896 647 948 295,
665 897 703 939 3.
730 901 958 950 μαρτυρεῖν
986 898 1045 936 Μ.

429 951 640 1004 Pag.293‚
663 964 722 993 10.
750 949 905 1004 γένοιτο
934 953 991 994 Μ.

431 1005 724 1059 Pag.295‚13.
779 1007 890 1046 tria
941 1007 1123 1048 millia
1179 1007 1407 1064 equitum
1445 1008 1756 1050 Moesorum.

319 1063 543 1114 Gregoras:
581 1060 850 1112 Bulgarorum
881 1065 1068 1119 princeps
1098 1066 1245 1104 seniori
1277 1075 1419 1105 contra
1443 1067 1633 1105 iuniorem
1676 1065 1758 1104 tria

318 1119 488 1171 equitum
517 1114 648 1154 millia
677 1116 848 1156 subsidio
860 1133 921 1157 ex
938 1129 1056 1173 pacto
1075 1121 1185 1159 misit
1199 1149 1210 1168 ‚
1234 1121 1368 1174 quibus
1401 1120 1659 1170 mandatum,
1685 1133 1759 1158 ne·-

317 1173 396 1211 scio
428 1173 563 1228 quibus
585 1172 824 1223 azoetorihus,
847 1174 1060 1225 ferebatur
1073 1204 1085 1224 ‚
1121 1184 1184 1224 ut,
1214 1176 1310 1214 data
1335 1175 1624 1231 opportunitate
1642 1203 1653 1222 ‚
1696 1188 1759 1213 res

318 1241 442 1267 novas
468 1228 709 1267 molirentur.
761 1227 846 1268 Sed
872 1243 959 1269 cum
977 1231 1184 1278 venissent,
1208 1231 1340 1269 urbem
1361 1231 1525 1282 ingressi
1552 1244 1632 1270 non
1653 1236 1755 1275 sune,

316 1282 413 1321 duce
443 1297 577 1323 eorum
603 1292 753 1323 tantum
779 1294 956 1338 excepto.
1018 1286 1151 1338 Quare
1185 1287 1227 1324 in
1251 1286 1350 1324 latus
1383 1286 1654 1335 declinarunt,
1687 1296 1756 1323 ca-

316 1339 484 1389 strzsad
506 1337 637 1376 stadia
660 1338 711 1376 ab
738 1340 829 1377 urbe
854 1339 909 1378 V.
939 1348 976 1378 et
997 1339 1087 1382 XC.
1107 1341 1266 1394 positis.
1296 1354 1478 1380 PONTAN.

429 1394 533 1447 Pag.
553 1393 649 1446 294,
671 1407 731 1433 11.
763 1393 900 1433 αὐτῶν
928 1395 1022 1433 add.
1052 1396 1112 1433 M.
1140 1409 1219 1448 mg.
1249 1402 1340 1446 post
1360 1391 1535 1447 αἴτησιν.
1751 1426 1754 1428 >

429 1449 535 1502 Pag.
552 1447 725 1501 294,2ο.
755 1448 893 1489 ἐλθεῖν
917 1445 1034 1502 παρὰ
1054 1446 1126 1502 τὴν
1148 1447 1349 1502 φρούριόν
1377 1462 1419 1488 τι
1450 1444 1565 1502 παρὰ
1593 1444 1639 1488 τὸ
1661 1443 1760 1488 στό-

319 1517 382 1555 μα
405 1505 480 1542 τοῦ
506 1502 688 1551 εϋξείνου
717 1501 867 1544 πόντου
898 1502 1043 1556 λόγους
1072 1497 1203 1543 οὖσαν
1228 1499 1391 1556 ὀρεινήν
1415 1497 1506 1552 ἅμα
1526 1504 1602 1551 Μ.,
1623 1503 1760 1544 addito

318 1559 372 1597 ab
390 1558 514 1598 altera
536 1572 659 1597 manu
683 1567 773 1611 post
803 1556 919 1611 παρὰ
950 1556 1023 1611 τήν
1051 1561 1096 1599 in
1133 1572 1212 1612 mg.
1241 1555 1386 1610 λόγους
1414 1551 1547 1598 οὖσαν
1578 1555 1758 1613 ὀρεινὴν.

430 1615 533 1667 Pag.
552 1613 644 1668 295,
668 1615 731 1654 13.
759 1610 910 1660 ἱππέας
939 1616 999 1653 Μ.

428 1669 698 1723 Pag.296‚2.
726 1667 992 1715 εἰσελθόντας
1021 1670 1079 1712 Μ.

427 1723 690 1778 Pag.296‚6.
723 1718 881 1770 αὐτούς
909 1725 967 1762 Μ.

428 1779 719 1834 Pag.296,12.
752 1780 997 1834 periculi
1028 1778 1480 1834 porrosaciendi.
1546 1775 1671 1817 Plane
1698 1775 1762 1816 di-

319 1848 484 1876 versum
525 1835 755 1888 Gregoras:
785 1835 906 1886 Logis
948 1834 1007 1873 ad
1041 1835 1311 1887 Bulgarorum
1344 1834 1501 1882 ducem,
1538 1834 1608 1887 qui
1632 1841 1762 1872 castra

317 1893 363 1930 in
381 1892 607 1947 propinquo
633 1889 821 1940 habebat,
861 1891 1008 1942 legatos
1041 1904 1128 1928 cum
1157 1889 1380 1929 muneribus
1423 1889 1545 1928 mittit
1575 1897 1614 1927 et
1639 1888 1761 1941 plura

316 1947 357 1985 ei
377 1948 613 2000 pollicetur,
643 1946 680 1984 si
701 1946 837 2000 copias
871 1959 960 1984 suas
989 1945 1151 1984 domum
1182 1945 1392 1983 reduceret.
1450 1943 1662 1983 Assensum
1703 1941 1767 1981 ad

318 2002 453 2055 epulas
483 2003 631 2042 invitat
655 2014 742 2040 cum
764 2001 952 2050 tribunis,
973 2014 1108 2055 eosque
1121 2000 1315 2054 postridie
1340 1999 1460 2039 laetos
1485 1999 1646 2038 domum
1669 2010 1764 2038 ver-

318 2070 381 2095 sus
406 2058 586 2097 abeuntes
608 2057 874 2112 prosequitur.
901 2069 1072 2095 Pom-Au.

429 2112 530 2165 Pag.
546 2113 639 2167 296,
659 2125 719 2166 19.
748 2111 794 2151 ἐν
821 2109 879 2164 τῷ
908 2123 953 2150 τε
977 2107 1156 2160 πόλεμον
1184 2109 1242 2150 Μ.

429 2168 532 2220 Pag.
548 2182 644 2222 297,
666 2166 728 2210 18.
759 2165 1005 2219 ἕπιβοηθοίη
1033 2166 1094 2204 M.

429 2223 533 2274 Pag.
552 2222 647 2276 298,
660 2221 700 2265 5.
723 2218 985 2272 Ῥουτζέριον
1012 2221 1073 2259 Μ.

430 2277 532 2329 Pag.
551 2277 646 2331 298,
663 2289 727 2317 21.
757 2271 862 2328 πρὸς
891 2270 1125 2324 Βυζάντιον
1152 2274 1212 2314 M.

429 2332 690 2386 Pag.299‚2.
720 2325 820 2382 ἅγια
849 2329 894 2370 ἐν
921 2325 1089 2377 κόλποις
1109 2359 1120 2381 ,
1163 2329 1284 2369 huius
1311 2330 1442 2383 regis,
1488 2339 1573 2367 non
1611 2332 1724 2366 erant
1745 2355 1760 2378 ,

319 2385 396 2426 nisi
423 2394 654 2427 sanctorum
685 2385 878 2439 reliquiae
906 2385 1049 2439 procul
1079 2385 1203 2425 dubio
1225 2415 1235 2433 ‚
1283 2387 1384 2424 etin
1414 2385 1461 2424 iis
1489 2384 1609 2422 etiam
1629 2382 1762 2420 cruci-

319 2442 412 2481 cula
438 2440 795 2491 aerea‚miraculis
823 2440 1047 2480 nobilitata.
1102 2441 1242 2493 Itaque
1266 2440 1392 2491 illud,
1430 2439 1499 2494 qui
1531 2439 1574 2476 in
1593 2450 1638 2475 eo
1661 2450 1763 2491 pro·-

313 2506 407 2551 pter
422 2511 490 2537 nos
510 2495 676 2551 suffixus
691 2525 702 2546 ‚
722 2495 978 2536 referendum
1005 2502 1064 2535 est
1092 2495 1144 2534 ad
1170 2502 1420 2549 prototypon.
1478 2494 1543 2532 Tu
1571 2492 1762 2544 pietatem

318 2559 415 2591 nota
445 2558 627 2592 veterum
655 2551 998 2600 Christianorum,
1025 2553 1146 2590 etiam
1172 2551 1396 2604 principum
1415 2578 1427 2600 ‚
1463 2549 1533 2601 qui
1569 2547 1620 2586 de
1655 2545 1760 2586 collo

320 2609 527 2662 gestabant
554 2623 617 2647 res
642 2605 872 2645 huiusmodi
908 2620 1038 2645 sacras
1068 2606 1223 2658 sibique
1251 2606 1343 2644 inde
1373 2603 1542 2644 coeleste
1566 2601 1758 2647 auxilium

321 2670 361 2703 et
388 2666 429 2702 in
461 2662 648 2717 periculis
678 2668 860 2700 tutamen
891 2661 1119 2714 sperabant.
1177 2659 1279 2698 Vide
1297 2660 1474 2699 Gretseri
1501 2657 1552 2697 de
1572 2656 1614 2696 S.
1630 2656 1758 2695 Cruce

323 2727 481 2761 tomci.
512 2718 585 2759 lib.
611 2731 645 2755 ι.
674 2730 762 2770 cap.
777 2715 844 2769 78.
864 2722 904 2755 et
932 2730 1020 2768 cap.
1035 2713 1101 2754 60.
1131 2729 1303 2758 rouun.
