<?xml version="1.0" encoding="UTF-8"?>
<!DOCTYPE html PUBLIC "-//W3C//DTD XHTML 1.0 Transitional//EN"
    "http://www.w3.org/TR/xhtml1/DTD/xhtml1-transitional.dtd">
<html xmlns="http://www.w3.org/1999/xhtml" xml:lang="en" lang="en">
 <head>
  <title>
</title>
<meta http-equiv="Content-Type" content="text/html;charset=utf-8" />
  <meta name='ocr-system' content='tesseract 3.04.00' />
  <meta name='ocr-capabilities' content='ocr_page ocr_carea ocr_par ocr_line ocrx_word'/>
</head>
<body>
  <div class='ocr_page' id='page_1' title='image "./corpusscriptorum25niebuoft_0542.png"; bbox 0 0 1794 3158; ppageno 0'>
   <div class='ocr_carea' id='block_1_1' title="bbox 303 139 1225 204">
    <p class='ocr_par' dir='ltr' id='par_1_1' title="bbox 303 139 1225 204">
     <span class='ocr_line' id='line_1_1' title="bbox 303 139 1225 204; baseline 0 -8"><span class='ocrx_word' id='word_1_1' title='bbox 303 139 408 196; x_wconf 85' lang='lat'><strong>532</strong></span> <span class='ocrx_word' id='word_1_2' title='bbox 812 154 1225 204; x_wconf 65' lang='lat' dir='ltr'><strong>ANNOTATioNEs</strong></span> 
     </span>
    </p>
   </div>
   <div class='ocr_carea' id='block_1_2' title="bbox 284 256 1794 2790">
    <p class='ocr_par' dir='ltr' id='par_1_2' title="bbox 295 256 1731 481">
     <span class='ocr_line' id='line_1_2' title="bbox 297 256 1728 317; baseline -0.002 -17"><span class='ocrx_word' id='word_1_3' title='bbox 297 271 392 310; x_wconf 80' lang='lat' dir='ltr'><strong>tur,-</strong></span> <span class='ocrx_word' id='word_1_4' title='bbox 432 259 540 317; x_wconf 76' lang='lat' dir='ltr'><strong>quod</strong></span> <span class='ocrx_word' id='word_1_5' title='bbox 567 261 725 301; x_wconf 81' lang='lat' dir='ltr'><strong>illorum</strong></span> <span class='ocrx_word' id='word_1_6' title='bbox 753 260 879 314; x_wconf 78' lang='lat' dir='ltr'><strong>capiti</strong></span> <span class='ocrx_word' id='word_1_7' title='bbox 905 261 971 298; x_wconf 79' lang='lat' dir='ltr'><strong>sit.</strong></span> <span class='ocrx_word' id='word_1_8' title='bbox 1030 258 1151 312; x_wconf 87' lang='lat' dir='ltr'>Apud</span> <span class='ocrx_word' id='word_1_9' title='bbox 1180 257 1396 311; x_wconf 75' lang='lat' dir='ltr'><strong>Virgilium</strong></span> <span class='ocrx_word' id='word_1_10' title='bbox 1423 256 1613 298; x_wconf 85' lang='lat' dir='ltr'><strong>Euander</strong></span> <span class='ocrx_word' id='word_1_11' title='bbox 1640 256 1728 297; x_wconf 86' lang='lat' dir='ltr'><strong>&#39;Me-</strong></span> 
     </span>
     <span class='ocr_line' id='line_1_3' title="bbox 297 313 1731 370; baseline -0.003 -15"><span class='ocrx_word' id='word_1_12' title='bbox 297 317 471 355; x_wconf 83' lang='lat' dir='ltr'><strong>zentium</strong></span> <span class='ocrx_word' id='word_1_13' title='bbox 499 325 716 370; x_wconf 87' lang='lat' dir='ltr'><strong>tyranuum</strong></span> <span class='ocrx_word' id='word_1_14' title='bbox 753 328 938 353; x_wconf 79' lang='lat' dir='ltr'><strong>execrans</strong></span> <span class='ocrx_word' id='word_1_15' title='bbox 974 313 1044 353; x_wconf 90' lang='lat' dir='ltr'><strong>lib.</strong></span> <span class='ocrx_word' id='word_1_16' title='bbox 1078 313 1145 356; x_wconf 87' lang='lat'><strong>8.:</strong></span> <span class='ocrx_word' id='word_1_17' title='bbox 1193 314 1305 367; x_wconf 81' lang='lat' dir='ltr'><strong>Quid</strong></span> <span class='ocrx_word' id='word_1_18' title='bbox 1343 328 1553 352; x_wconf 81' lang='lat' dir='ltr'><em>memorem</em></span> <span class='ocrx_word' id='word_1_19' title='bbox 1591 313 1731 365; x_wconf 78' lang='lat' dir='ltr'><strong>insan-</strong></span> 
     </span>
     <span class='ocr_line' id='line_1_4' title="bbox 295 368 1729 423; baseline -0.003 -13"><span class='ocrx_word' id='word_1_20' title='bbox 295 372 369 410; x_wconf 83' lang='lat' dir='ltr'><strong>das</strong></span> <span class='ocrx_word' id='word_1_21' title='bbox 412 372 551 410; x_wconf 84' lang='lat' dir='ltr'><strong>caedes</strong></span> <span class='ocrx_word' id='word_1_22' title='bbox 567 401 576 418; x_wconf 82' lang='lat'><em>‚</em></span> <span class='ocrx_word' id='word_1_23' title='bbox 611 370 712 423; x_wconf 80' lang='lat' dir='ltr'><strong>quid</strong></span> <span class='ocrx_word' id='word_1_24' title='bbox 735 371 856 421; x_wconf 84' lang='lat' dir='ltr'><strong>sacta</strong></span> <span class='ocrx_word' id='word_1_25' title='bbox 884 371 1045 421; x_wconf 65' lang='lat' dir='ltr'><strong>tyranni</strong></span> <span class='ocrx_word' id='word_1_26' title='bbox 1084 368 1236 423; x_wconf 71' lang='lat' dir='ltr'><strong>ffra?</strong></span> <span class='ocrx_word' id='word_1_27' title='bbox 1268 369 1330 408; x_wconf 81' lang='lat' dir='ltr'><strong>dii</strong></span> <span class='ocrx_word' id='word_1_28' title='bbox 1352 370 1473 423; x_wconf 83' lang='lat' dir='ltr'><strong>capiti</strong></span> <span class='ocrx_word' id='word_1_29' title='bbox 1506 369 1629 423; x_wconf 78' lang='lat' dir='ltr'><strong>ipsius</strong></span> <span class='ocrx_word' id='word_1_30' title='bbox 1662 383 1729 420; x_wconf 79' lang='lat' dir='ltr'><strong>ge-</strong></span> 
     </span>
     <span class='ocr_line' id='line_1_5' title="bbox 298 427 912 481; baseline -0.005 -15"><span class='ocrx_word' id='word_1_31' title='bbox 298 427 458 481; x_wconf 80' lang='lat' dir='ltr'><strong>nerique</strong></span> <span class='ocrx_word' id='word_1_32' title='bbox 488 434 704 464; x_wconf 81' lang='lat' dir='ltr'><em>reservent.</em></span> <span class='ocrx_word' id='word_1_33' title='bbox 739 438 912 464; x_wconf 74' lang='lat' dir='ltr'>PONTAN.</span> 
     </span>
    </p>

    <p class='ocr_par' dir='ltr' id='par_1_3' title="bbox 295 477 1731 588">
     <span class='ocr_line' id='line_1_6' title="bbox 404 477 1731 534; baseline -0.003 -13"><span class='ocrx_word' id='word_1_34' title='bbox 404 481 507 533; x_wconf 79' lang='lat' dir='ltr'><strong>Pag.</strong></span> <span class='ocrx_word' id='word_1_35' title='bbox 529 481 626 531; x_wconf 69' lang='lat'><strong>402,</strong></span> <span class='ocrx_word' id='word_1_36' title='bbox 655 493 717 518; x_wconf 84' lang='lat'><strong>11.</strong></span> <span class='ocrx_word' id='word_1_37' title='bbox 754 480 896 518; x_wconf 81' lang='lat' dir='ltr'><strong>Mero</strong></span> <span class='ocrx_word' id='word_1_38' title='bbox 904 494 1010 534; x_wconf 87' lang='lat' dir='ltr'><strong>pes.</strong></span> <span class='ocrx_word' id='word_1_39' title='bbox 1063 479 1228 532; x_wconf 82' lang='lat' dir='ltr'><strong>Merope</strong></span> <span class='ocrx_word' id='word_1_40' title='bbox 1264 477 1338 518; x_wconf 87' lang='lat' dir='ltr'><strong>suit</strong></span> <span class='ocrx_word' id='word_1_41' title='bbox 1375 491 1454 516; x_wconf 84' lang='lat' dir='ltr'><strong>una</strong></span> <span class='ocrx_word' id='word_1_42' title='bbox 1493 491 1537 516; x_wconf 83' lang='lat' dir='ltr'><strong>ex</strong></span> <span class='ocrx_word' id='word_1_43' title='bbox 1566 480 1731 532; x_wconf 90' lang='lat' dir='ltr'><strong>provin-</strong></span> 
     </span>
     <span class='ocr_line' id='line_1_7' title="bbox 295 535 1537 588; baseline -0.001 -13"><span class='ocrx_word' id='word_1_44' title='bbox 295 537 365 575; x_wconf 89' lang='lat' dir='ltr'><strong>ciis</strong></span> <span class='ocrx_word' id='word_1_45' title='bbox 394 550 462 574; x_wconf 89' lang='lat' dir='ltr'><strong>seu</strong></span> <span class='ocrx_word' id='word_1_46' title='bbox 492 535 720 588; x_wconf 77' lang='lat' dir='ltr'>regionibus</span> <span class='ocrx_word' id='word_1_47' title='bbox 749 535 960 584; x_wconf 82' lang='lat' dir='ltr'>Thraciae,</span> <span class='ocrx_word' id='word_1_48' title='bbox 989 535 1090 574; x_wconf 84' lang='lat' dir='ltr'><strong>sicut</strong></span> <span class='ocrx_word' id='word_1_49' title='bbox 1122 535 1331 587; x_wconf 86' lang='lat' dir='ltr'><strong>Rhodope.</strong></span> <span class='ocrx_word' id='word_1_50' title='bbox 1363 547 1537 574; x_wconf 62' lang='lat' dir='ltr'><strong>romum.</strong></span> 
     </span>
    </p>

    <p class='ocr_par' dir='ltr' id='par_1_4' title="bbox 292 589 1734 1018">
     <span class='ocr_line' id='line_1_8' title="bbox 410 589 1731 644; baseline -0.003 -14"><span class='ocrx_word' id='word_1_51' title='bbox 410 590 509 643; x_wconf 78' lang='lat' dir='ltr'><strong>Pag.</strong></span> <span class='ocrx_word' id='word_1_52' title='bbox 532 590 627 644; x_wconf 71' lang='lat'><strong>417,</strong></span> <span class='ocrx_word' id='word_1_53' title='bbox 657 591 717 630; x_wconf 82' lang='lat'><strong>15.</strong></span> <span class='ocrx_word' id='word_1_54' title='bbox 746 591 1044 630; x_wconf 82' lang='lat' dir='ltr'><strong>matutinos</strong></span> <span class='ocrx_word' id='word_1_55' title='bbox 1079 591 1304 641; x_wconf 73' lang='lat' dir='ltr'><strong>hymnos,</strong></span> <span class='ocrx_word' id='word_1_56' title='bbox 1360 589 1566 641; x_wconf 86' lang='lat' dir='ltr'>Nusquam</span> <span class='ocrx_word' id='word_1_57' title='bbox 1598 589 1731 627; x_wconf 88' lang='lat' dir='ltr'><strong>minor</strong></span> 
     </span>
     <span class='ocr_line' id='line_1_9' title="bbox 294 642 1732 708; baseline -0.001 -24"><span class='ocrx_word' id='word_1_58' title='bbox 294 645 430 694; x_wconf 83' lang='lat' dir='ltr'><strong>hodie,</strong></span> <span class='ocrx_word' id='word_1_59' title='bbox 447 643 625 698; x_wconf 80' lang='lat' dir='ltr'><strong>quamin</strong></span> <span class='ocrx_word' id='word_1_60' title='bbox 659 646 796 684; x_wconf 87' lang='lat' dir='ltr'><strong>castris</strong></span> <span class='ocrx_word' id='word_1_61' title='bbox 824 645 978 698; x_wconf 80' lang='lat' dir='ltr'><strong>pietatis</strong></span> <span class='ocrx_word' id='word_1_62' title='bbox 1010 645 1170 684; x_wconf 81' lang='lat' dir='ltr'><strong>ducitur</strong></span> <span class='ocrx_word' id='word_1_63' title='bbox 1195 647 1328 708; x_wconf 56' lang='grc' dir='ltr'><strong>ξειῐίοτ</strong></span> <span class='ocrx_word' id='word_1_64' title='bbox 1359 657 1433 682; x_wconf 87' lang='lat' dir='ltr'><strong>nec</strong></span> <span class='ocrx_word' id='word_1_65' title='bbox 1462 642 1588 682; x_wconf 86' lang='lat' dir='ltr'><strong>ullum</strong></span> <span class='ocrx_word' id='word_1_66' title='bbox 1606 657 1732 696; x_wconf 87' lang='lat' dir='ltr'><strong>paene</strong></span> 
     </span>
     <span class='ocr_line' id='line_1_10' title="bbox 295 698 1731 754; baseline -0.002 -15"><span class='ocrx_word' id='word_1_67' title='bbox 295 715 421 754; x_wconf 85' lang='lat' dir='ltr'><strong>genus</strong></span> <span class='ocrx_word' id='word_1_68' title='bbox 451 701 661 740; x_wconf 89' lang='lat' dir='ltr'><strong>hominum</strong></span> <span class='ocrx_word' id='word_1_69' title='bbox 683 702 814 739; x_wconf 90' lang='lat' dir='ltr'><strong>minus</strong></span> <span class='ocrx_word' id='word_1_70' title='bbox 843 703 973 738; x_wconf 87' lang='lat' dir='ltr'><strong>Deum</strong></span> <span class='ocrx_word' id='word_1_71' title='bbox 1000 700 1098 740; x_wconf 87' lang='lat' dir='ltr'><strong>colit</strong></span> <span class='ocrx_word' id='word_1_72' title='bbox 1126 705 1203 738; x_wconf 70' lang='lat' dir='ltr'><strong>aut*</strong></span> <span class='ocrx_word' id='word_1_73' title='bbox 1225 700 1384 753; x_wconf 83' lang='lat' dir='ltr'><strong>gravius</strong></span> <span class='ocrx_word' id='word_1_74' title='bbox 1413 698 1592 745; x_wconf 73' lang='lat' dir='ltr'><strong>offendit,</strong></span> <span class='ocrx_word' id='word_1_75' title='bbox 1613 713 1731 752; x_wconf 83' lang='lat' dir='ltr'><strong>quam</strong></span> 
     </span>
     <span class='ocr_line' id='line_1_11' title="bbox 293 755 1725 810; baseline -0.002 -15"><span class='ocrx_word' id='word_1_76' title='bbox 293 756 453 795; x_wconf 82' lang='lat' dir='ltr'><strong>milites.</strong></span> <span class='ocrx_word' id='word_1_77' title='bbox 509 757 638 795; x_wconf 86' lang='lat' dir='ltr'><strong>Nulla</strong></span> <span class='ocrx_word' id='word_1_78' title='bbox 667 755 783 810; x_wconf 79' lang='lat' dir='ltr'><strong>fides</strong></span> <span class='ocrx_word' id='word_1_79' title='bbox 810 757 1021 810; x_wconf 82' lang='lat' dir='ltr'><strong>pietasque</strong></span> <span class='ocrx_word' id='word_1_80' title='bbox 1064 755 1188 804; x_wconf 81' lang='lat' dir='ltr'><strong>viris,</strong></span> <span class='ocrx_word' id='word_1_81' title='bbox 1242 757 1312 810; x_wconf 84' lang='lat' dir='ltr'><strong>qui</strong></span> <span class='ocrx_word' id='word_1_82' title='bbox 1341 763 1472 793; x_wconf 84' lang='lat' dir='ltr'><strong>castra</strong></span> <span class='ocrx_word' id='word_1_83' title='bbox 1503 763 1725 809; x_wconf 79' lang='lat' dir='ltr'><strong>sequuntur.</strong></span> 
     </span>
     <span class='ocr_line' id='line_1_12' title="bbox 293 809 1734 863; baseline -0.002 -13"><span class='ocrx_word' id='word_1_84' title='bbox 293 811 352 849; x_wconf 89' lang='lat' dir='ltr'><strong>At</strong></span> <span class='ocrx_word' id='word_1_85' title='bbox 379 811 475 850; x_wconf 89' lang='lat' dir='ltr'><strong>olim</strong></span> <span class='ocrx_word' id='word_1_86' title='bbox 507 811 656 850; x_wconf 88' lang='lat' dir='ltr'><strong>dabant</strong></span> <span class='ocrx_word' id='word_1_87' title='bbox 682 825 843 862; x_wconf 78' lang='lat' dir='ltr'><em>operam</em></span> <span class='ocrx_word' id='word_1_88' title='bbox 877 810 1024 860; x_wconf 89' lang='lat' dir='ltr'><strong>duces,</strong></span> <span class='ocrx_word' id='word_1_89' title='bbox 1066 817 1112 848; x_wconf 89' lang='lat' dir='ltr'><strong>ut</strong></span> <span class='ocrx_word' id='word_1_90' title='bbox 1154 810 1363 849; x_wconf 84' lang='lat' dir='ltr'><strong>coelestem</strong></span> <span class='ocrx_word' id='word_1_91' title='bbox 1402 824 1518 863; x_wconf 86' lang='lat' dir='ltr'><strong>opem</strong></span> <span class='ocrx_word' id='word_1_92' title='bbox 1552 809 1734 862; x_wconf 86' lang='lat' dir='ltr'><strong>precibus</strong></span> 
     </span>
     <span class='ocr_line' id='line_1_13' title="bbox 293 865 1733 919; baseline -0.001 -15"><span class='ocrx_word' id='word_1_93' title='bbox 293 866 529 919; x_wconf 79' lang='lat' dir='ltr'><strong>imploraret</strong></span> <span class='ocrx_word' id='word_1_94' title='bbox 559 867 768 912; x_wconf 83' lang='lat' dir='ltr'><strong>exercitus,</strong></span> <span class='ocrx_word' id='word_1_95' title='bbox 803 872 842 904; x_wconf 90' lang='lat' dir='ltr'><strong>et</strong></span> <span class='ocrx_word' id='word_1_96' title='bbox 870 879 1028 904; x_wconf 88' lang='lat' dir='ltr'><strong>omnem</strong></span> <span class='ocrx_word' id='word_1_97' title='bbox 1058 866 1250 904; x_wconf 51' lang='lat' dir='ltr'><strong>victoriae⁹</strong></span> <span class='ocrx_word' id='word_1_98' title='bbox 1279 879 1389 917; x_wconf 89' lang='lat' dir='ltr'><strong>spem</strong></span> <span class='ocrx_word' id='word_1_99' title='bbox 1419 866 1459 903; x_wconf 89' lang='lat' dir='ltr'><strong>in</strong></span> <span class='ocrx_word' id='word_1_100' title='bbox 1488 865 1574 903; x_wconf 90' lang='lat' dir='ltr'><strong>Deo</strong></span> <span class='ocrx_word' id='word_1_101' title='bbox 1605 878 1733 917; x_wconf 86' lang='lat' dir='ltr'><strong>pone-</strong></span> 
     </span>
     <span class='ocr_line' id='line_1_14' title="bbox 292 919 1732 974; baseline -0.001 -15"><span class='ocrx_word' id='word_1_102' title='bbox 292 928 372 971; x_wconf 87' lang='lat' dir='ltr'><strong>ret,</strong></span> <span class='ocrx_word' id='word_1_103' title='bbox 401 936 482 960; x_wconf 90' lang='lat' dir='ltr'><strong>non</strong></span> <span class='ocrx_word' id='word_1_104' title='bbox 511 924 552 960; x_wconf 86' lang='lat' dir='ltr'><strong>in</strong></span> <span class='ocrx_word' id='word_1_105' title='bbox 582 921 735 960; x_wconf 83' lang='lat' dir='ltr'><strong>viribus</strong></span> <span class='ocrx_word' id='word_1_106' title='bbox 764 927 803 959; x_wconf 91' lang='lat' dir='ltr'><strong>et</strong></span> <span class='ocrx_word' id='word_1_107' title='bbox 834 922 954 959; x_wconf 87' lang='lat' dir='ltr'><strong>armis</strong></span> <span class='ocrx_word' id='word_1_108' title='bbox 981 922 1089 960; x_wconf 87' lang='lat' dir='ltr'><strong>suis:</strong></span> <span class='ocrx_word' id='word_1_109' title='bbox 1112 934 1192 974; x_wconf 89' lang='lat' dir='ltr'><strong>quo</strong></span> <span class='ocrx_word' id='word_1_110' title='bbox 1219 921 1419 974; x_wconf 79' lang='lat' dir='ltr'><strong>pertinent</strong></span> <span class='ocrx_word' id='word_1_111' title='bbox 1444 921 1561 959; x_wconf 79' lang='lat' dir='ltr'><strong>etiam</strong></span> <span class='ocrx_word' id='word_1_112' title='bbox 1592 919 1732 973; x_wconf 82' lang='lat' dir='ltr'><strong>hymni</strong></span> 
     </span>
     <span class='ocr_line' id='line_1_15' title="bbox 293 974 1412 1018; baseline 0 -3"><span class='ocrx_word' id='word_1_113' title='bbox 293 978 492 1015; x_wconf 83' lang='lat' dir='ltr'><strong>matutini.</strong></span> <span class='ocrx_word' id='word_1_114' title='bbox 523 990 692 1018; x_wconf 79' lang='lat' dir='ltr'><strong>PONTAN.</strong></span> <span class='ocrx_word' id='word_1_115' title='bbox 1410 974 1412 979; x_wconf 77' lang='grc'><strong>’</strong></span> 
     </span>
    </p>

    <p class='ocr_par' dir='ltr' id='par_1_5' title="bbox 291 1029 1734 1309">
     <span class='ocr_line' id='line_1_16' title="bbox 404 1029 1733 1084; baseline 0 -14"><span class='ocrx_word' id='word_1_116' title='bbox 404 1030 615 1084; x_wconf 64' lang='lat' dir='ltr'><strong>Pag.418‚</strong></span> <span class='ocrx_word' id='word_1_117' title='bbox 641 1031 700 1072; x_wconf 83' lang='lat'><strong>¹5.</strong></span> <span class='ocrx_word' id='word_1_118' title='bbox 728 1039 928 1068; x_wconf 85' lang='lat' dir='ltr'><strong>natura</strong></span> <span class='ocrx_word' id='word_1_119' title='bbox 957 1031 1076 1071; x_wconf 84' lang='lat' dir='ltr'><strong>loci.</strong></span> <span class='ocrx_word' id='word_1_120' title='bbox 1131 1031 1352 1070; x_wconf 86' lang='lat' dir='ltr'><strong>Docuimus</strong></span> <span class='ocrx_word' id='word_1_121' title='bbox 1382 1029 1508 1082; x_wconf 84' lang='lat' dir='ltr'><strong>alibi,</strong></span> <span class='ocrx_word' id='word_1_122' title='bbox 1540 1037 1733 1084; x_wconf 87' lang='lat' dir='ltr'><strong>quantam</strong></span> 
     </span>
     <span class='ocr_line' id='line_1_17' title="bbox 292 1084 1730 1139; baseline -0.003 -13"><span class='ocrx_word' id='word_1_123' title='bbox 292 1087 616 1126; x_wconf 86' lang='lat' dir='ltr'><strong>commoditatem</strong></span> <span class='ocrx_word' id='word_1_124' title='bbox 644 1085 810 1124; x_wconf 80' lang='lat' dir='ltr'><strong>haberet</strong></span> <span class='ocrx_word' id='word_1_125' title='bbox 836 1086 874 1123; x_wconf 88' lang='lat' dir='ltr'><strong>in</strong></span> <span class='ocrx_word' id='word_1_126' title='bbox 895 1086 1047 1138; x_wconf 85' lang='lat' dir='ltr'><strong>proelio</strong></span> <span class='ocrx_word' id='word_1_127' title='bbox 1075 1086 1184 1126; x_wconf 90' lang='lat' dir='ltr'><strong>locus</strong></span> <span class='ocrx_word' id='word_1_128' title='bbox 1199 1087 1392 1139; x_wconf 77' lang='lat' dir='ltr'><strong>superior.</strong></span> <span class='ocrx_word' id='word_1_129' title='bbox 1422 1085 1558 1124; x_wconf 87' lang='lat' dir='ltr'><strong>Livius</strong></span> <span class='ocrx_word' id='word_1_130' title='bbox 1581 1084 1651 1126; x_wconf 82' lang='lat' dir='ltr'><strong>lib.</strong></span> <span class='ocrx_word' id='word_1_131' title='bbox 1669 1099 1730 1139; x_wconf 88' lang='lat'><strong>7.:</strong></span> 
     </span>
     <span class='ocr_line' id='line_1_18' title="bbox 291 1142 1734 1196; baseline -0.001 -16"><span class='ocrx_word' id='word_1_132' title='bbox 291 1142 462 1180; x_wconf 83' lang='lat' dir='ltr'><strong>Praeter</strong></span> <span class='ocrx_word' id='word_1_133' title='bbox 483 1143 666 1181; x_wconf 86' lang='lat' dir='ltr'><strong>virtutem</strong></span> <span class='ocrx_word' id='word_1_134' title='bbox 693 1142 796 1179; x_wconf 85' lang='lat' dir='ltr'><strong>locus</strong></span> <span class='ocrx_word' id='word_1_135' title='bbox 822 1155 970 1196; x_wconf 80' lang='lat' dir='ltr'><strong>quoque</strong></span> <span class='ocrx_word' id='word_1_136' title='bbox 987 1142 1154 1191; x_wconf 81' lang='lat' dir='ltr'><strong>adiuvit,</strong></span> <span class='ocrx_word' id='word_1_137' title='bbox 1184 1151 1225 1180; x_wconf 90' lang='lat' dir='ltr'><strong>ut</strong></span> <span class='ocrx_word' id='word_1_138' title='bbox 1248 1143 1338 1196; x_wconf 83' lang='lat' dir='ltr'><strong>pila</strong></span> <span class='ocrx_word' id='word_1_139' title='bbox 1363 1143 1494 1181; x_wconf 84' lang='lat' dir='ltr'><strong>omnia</strong></span> <span class='ocrx_word' id='word_1_140' title='bbox 1523 1143 1734 1194; x_wconf 78' lang='lat' dir='ltr'><strong>hastaeque</strong></span> 
     </span>
     <span class='ocr_line' id='line_1_19' title="bbox 292 1195 1733 1253; baseline -0.001 -18"><span class='ocrx_word' id='word_1_141' title='bbox 292 1211 384 1246; x_wconf 84' lang='lat' dir='ltr'><strong>non,</strong></span> <span class='ocrx_word' id='word_1_142' title='bbox 413 1206 619 1252; x_wconf 82' lang='lat' dir='ltr'><strong>tamquam</strong></span> <span class='ocrx_word' id='word_1_143' title='bbox 647 1211 702 1235; x_wconf 76' lang='lat' dir='ltr'><strong>ex</strong></span> <span class='ocrx_word' id='word_1_144' title='bbox 735 1209 860 1251; x_wconf 80' lang='lat' dir='ltr'><strong>aequo</strong></span> <span class='ocrx_word' id='word_1_145' title='bbox 879 1197 1009 1246; x_wconf 83' lang='lat' dir='ltr'><strong>missa,</strong></span> <span class='ocrx_word' id='word_1_146' title='bbox 1044 1211 1152 1236; x_wconf 82' lang='lat' dir='ltr'><strong>vana</strong></span> <span class='ocrx_word' id='word_1_147' title='bbox 1176 1198 1303 1253; x_wconf 82' lang='lat' dir='ltr'><strong>(quod</strong></span> <span class='ocrx_word' id='word_1_148' title='bbox 1315 1198 1552 1252; x_wconf 82' lang='lat' dir='ltr'><strong>plerumque</strong></span> <span class='ocrx_word' id='word_1_149' title='bbox 1559 1195 1641 1251; x_wconf 84' lang='lat' dir='ltr'><strong>fit)</strong></span> <span class='ocrx_word' id='word_1_150' title='bbox 1662 1209 1733 1234; x_wconf 86' lang='lat' dir='ltr'><strong>ca-</strong></span> 
     </span>
     <span class='ocr_line' id='line_1_20' title="bbox 291 1251 1588 1309; baseline 0 -19"><span class='ocrx_word' id='word_1_151' title='bbox 291 1251 450 1300; x_wconf 81' lang='lat' dir='ltr'><strong>derent,</strong></span> <span class='ocrx_word' id='word_1_152' title='bbox 482 1251 552 1290; x_wconf 86' lang='lat' dir='ltr'><strong>sed</strong></span> <span class='ocrx_word' id='word_1_153' title='bbox 572 1252 707 1290; x_wconf 84' lang='lat' dir='ltr'><strong>omnia</strong></span> <span class='ocrx_word' id='word_1_154' title='bbox 726 1251 870 1289; x_wconf 76' lang='lat' dir='ltr'><strong>librata</strong></span> <span class='ocrx_word' id='word_1_155' title='bbox 894 1252 1135 1306; x_wconf 76' lang='lat' dir='ltr'><strong>ponderibus</strong></span> <span class='ocrx_word' id='word_1_156' title='bbox 1144 1254 1382 1309; x_wconf 82' lang='lat' dir='ltr'><strong>figerentur.</strong></span> <span class='ocrx_word' id='word_1_157' title='bbox 1413 1265 1588 1291; x_wconf 65' lang='lat' dir='ltr'><strong>Pounn-</strong></span> 
     </span>
    </p>

    <p class='ocr_par' dir='ltr' id='par_1_6' title="bbox 288 1305 1752 2019">
     <span class='ocr_line' id='line_1_21' title="bbox 411 1305 1733 1362; baseline 0.002 -18"><span class='ocrx_word' id='word_1_158' title='bbox 411 1307 515 1358; x_wconf 83' lang='lat' dir='ltr'><strong>Pag.</strong></span> <span class='ocrx_word' id='word_1_159' title='bbox 546 1305 642 1357; x_wconf 69' lang='lat'><strong>422,</strong></span> <span class='ocrx_word' id='word_1_160' title='bbox 678 1305 740 1345; x_wconf 85' lang='lat'><strong>16.</strong></span> <span class='ocrx_word' id='word_1_161' title='bbox 788 1316 944 1346; x_wconf 82' lang='lat' dir='ltr'><strong>noctu</strong></span> <span class='ocrx_word' id='word_1_162' title='bbox 992 1309 1194 1362; x_wconf 79' lang='lat' dir='ltr'><strong>quidem</strong></span> <span class='ocrx_word' id='word_1_163' title='bbox 1239 1309 1499 1346; x_wconf 78' lang='lat' dir='ltr'><strong>sublatam</strong></span> <span class='ocrx_word' id='word_1_164' title='bbox 1533 1307 1733 1358; x_wconf 77' lang='lat' dir='ltr'><strong>facem·</strong></span> 
     </span>
     <span class='ocr_line' id='line_1_22' title="bbox 292 1361 1733 1414; baseline 0 -15"><span class='ocrx_word' id='word_1_165' title='bbox 292 1361 391 1400; x_wconf 88' lang='lat' dir='ltr'><strong>Dari</strong></span> <span class='ocrx_word' id='word_1_166' title='bbox 425 1369 549 1400; x_wconf 88' lang='lat' dir='ltr'><strong>noctu</strong></span> <span class='ocrx_word' id='word_1_167' title='bbox 574 1364 731 1414; x_wconf 80' lang='lat' dir='ltr'><strong>signum</strong></span> <span class='ocrx_word' id='word_1_168' title='bbox 763 1361 919 1414; x_wconf 82' lang='lat' dir='ltr'><strong>ignibus</strong></span> <span class='ocrx_word' id='word_1_169' title='bbox 951 1363 1062 1401; x_wconf 84' lang='lat' dir='ltr'><strong>iactis</strong></span> <span class='ocrx_word' id='word_1_170' title='bbox 1085 1392 1096 1414; x_wconf 86' lang='lat'>‚</span> <span class='ocrx_word' id='word_1_171' title='bbox 1126 1371 1195 1402; x_wconf 88' lang='lat' dir='ltr'><strong>aut</strong></span> <span class='ocrx_word' id='word_1_172' title='bbox 1223 1363 1373 1402; x_wconf 86' lang='lat' dir='ltr'><strong>facibus</strong></span> <span class='ocrx_word' id='word_1_173' title='bbox 1404 1362 1515 1401; x_wconf 86' lang='lat' dir='ltr'><strong>elatis</strong></span> <span class='ocrx_word' id='word_1_174' title='bbox 1543 1362 1733 1400; x_wconf 87' lang='lat' dir='ltr'><strong>usitatum</strong></span> 
     </span>
     <span class='ocr_line' id='line_1_23' title="bbox 293 1416 1733 1468; baseline -0.001 -13"><span class='ocrx_word' id='word_1_175' title='bbox 293 1424 352 1455; x_wconf 90' lang='lat' dir='ltr'><strong>est</strong></span> <span class='ocrx_word' id='word_1_176' title='bbox 380 1416 556 1456; x_wconf 85' lang='lat' dir='ltr'><strong>militiae.</strong></span> <span class='ocrx_word' id='word_1_177' title='bbox 603 1416 668 1454; x_wconf 91' lang='lat' dir='ltr'><strong>Sic</strong></span> <span class='ocrx_word' id='word_1_178' title='bbox 697 1416 886 1455; x_wconf 86' lang='lat' dir='ltr'><strong>Sinonem</strong></span> <span class='ocrx_word' id='word_1_179' title='bbox 917 1425 956 1456; x_wconf 90' lang='lat' dir='ltr'><strong>et</strong></span> <span class='ocrx_word' id='word_1_180' title='bbox 984 1418 1178 1456; x_wconf 85' lang='lat' dir='ltr'><strong>Helenam</strong></span> <span class='ocrx_word' id='word_1_181' title='bbox 1208 1419 1368 1456; x_wconf 86' lang='lat' dir='ltr'><strong>Graecis</strong></span> <span class='ocrx_word' id='word_1_182' title='bbox 1396 1417 1549 1456; x_wconf 85' lang='lat' dir='ltr'><strong>dedisse</strong></span> <span class='ocrx_word' id='word_1_183' title='bbox 1576 1418 1733 1468; x_wconf 83' lang='lat' dir='ltr'><strong>signum</strong></span> 
     </span>
     <span class='ocr_line' id='line_1_24' title="bbox 295 1470 1734 1526; baseline 0 -16"><span class='ocrx_word' id='word_1_184' title='bbox 295 1471 467 1511; x_wconf 82' lang='lat' dir='ltr'><strong>navibus</strong></span> <span class='ocrx_word' id='word_1_185' title='bbox 494 1470 688 1510; x_wconf 86' lang='lat' dir='ltr'><strong>redeundi</strong></span> <span class='ocrx_word' id='word_1_186' title='bbox 740 1478 779 1509; x_wconf 90' lang='lat' dir='ltr'><strong>et</strong></span> <span class='ocrx_word' id='word_1_187' title='bbox 808 1472 972 1510; x_wconf 85' lang='lat' dir='ltr'><strong>Troiam</strong></span> <span class='ocrx_word' id='word_1_188' title='bbox 1004 1473 1247 1526; x_wconf 86' lang='lat' dir='ltr'><strong>occupandi,</strong></span> <span class='ocrx_word' id='word_1_189' title='bbox 1278 1480 1417 1511; x_wconf 81' lang='lat' dir='ltr'><strong>auctor</strong></span> <span class='ocrx_word' id='word_1_190' title='bbox 1447 1479 1505 1510; x_wconf 82' lang='lat' dir='ltr'><strong>est</strong></span> <span class='ocrx_word' id='word_1_191' title='bbox 1529 1471 1734 1525; x_wconf 82' lang='lat' dir='ltr'><strong>Tryphio-</strong></span> 
     </span>
     <span class='ocr_line' id='line_1_25' title="bbox 291 1525 1735 1582; baseline -0.001 -17"><span class='ocrx_word' id='word_1_192' title='bbox 291 1527 438 1574; x_wconf 82' lang='lat' dir='ltr'><strong>dorus,</strong></span> <span class='ocrx_word' id='word_1_193' title='bbox 470 1526 533 1580; x_wconf 79' lang='lat' dir='ltr'><strong>his</strong></span> <span class='ocrx_word' id='word_1_194' title='bbox 561 1525 770 1577; x_wconf 81' lang='lat' dir='ltr'><strong>versibus,</strong></span> <span class='ocrx_word' id='word_1_195' title='bbox 802 1534 849 1565; x_wconf 89' lang='lat' dir='ltr'><strong>ut</strong></span> <span class='ocrx_word' id='word_1_196' title='bbox 879 1528 1039 1579; x_wconf 86' lang='lat' dir='ltr'><strong>quidem</strong></span> <span class='ocrx_word' id='word_1_197' title='bbox 1070 1543 1093 1566; x_wconf 87' lang='lat' dir='ltr'><strong>a</strong></span> <span class='ocrx_word' id='word_1_198' title='bbox 1122 1528 1328 1582; x_wconf 86' lang='lat' dir='ltr'><strong>Xylandro</strong></span> <span class='ocrx_word' id='word_1_199' title='bbox 1355 1528 1495 1566; x_wconf 80' lang='lat' dir='ltr'><strong>Latine</strong></span> <span class='ocrx_word' id='word_1_200' title='bbox 1523 1533 1616 1565; x_wconf 86' lang='lat' dir='ltr'><strong>sunt</strong></span> <span class='ocrx_word' id='word_1_201' title='bbox 1643 1526 1735 1565; x_wconf 89' lang='lat' dir='ltr'><strong>red-</strong></span> 
     </span>
     <span class='ocr_line' id='line_1_26' title="bbox 290 1580 1733 1637; baseline 0.001 -17"><span class='ocrx_word' id='word_1_202' title='bbox 290 1582 390 1620; x_wconf 87' lang='lat' dir='ltr'><strong>diti:</strong></span> <span class='ocrx_word' id='word_1_203' title='bbox 423 1580 777 1632; x_wconf 79' lang='lat' dir='ltr'><strong>Ilicet·Aeacidae‚</strong></span> <span class='ocrx_word' id='word_1_204' title='bbox 808 1583 928 1621; x_wconf 74' lang='lat' dir='ltr'><strong>iuxta</strong></span> <span class='ocrx_word' id='word_1_205' title='bbox 954 1584 1118 1622; x_wconf 81' lang='lat' dir='ltr'><strong>sublime</strong></span> <span class='ocrx_word' id='word_1_206' title='bbox 1142 1584 1361 1637; x_wconf 84' lang='lat' dir='ltr'><strong>sepulcrum</strong></span> <span class='ocrx_word' id='word_1_207' title='bbox 1381 1582 1559 1622; x_wconf 69' lang='lat' dir='ltr'><strong>exhibuit</strong></span> <span class='ocrx_word' id='word_1_208' title='bbox 1580 1582 1733 1633; x_wconf 82' lang='lat' dir='ltr'><strong>signum</strong></span> 
     </span>
     <span class='ocr_line' id='line_1_27' title="bbox 290 1636 1738 1692; baseline 0.001 -18"><span class='ocrx_word' id='word_1_209' title='bbox 290 1637 433 1675; x_wconf 80' lang='lat' dir='ltr'><strong>lucenti</strong></span> <span class='ocrx_word' id='word_1_210' title='bbox 462 1636 656 1690; x_wconf 81' lang='lat' dir='ltr'><strong>lampade</strong></span> <span class='ocrx_word' id='word_1_211' title='bbox 695 1637 838 1675; x_wconf 79' lang='lat' dir='ltr'><strong>Graiis</strong></span> <span class='ocrx_word' id='word_1_212' title='bbox 858 1637 1072 1677; x_wconf 77' lang='lat' dir='ltr'><strong>Aesonides</strong></span> <span class='ocrx_word' id='word_1_213' title='bbox 1092 1668 1103 1688; x_wconf 82' lang='lat'>‚</span> <span class='ocrx_word' id='word_1_214' title='bbox 1140 1640 1264 1678; x_wconf 79' lang='lat' dir='ltr'><strong>tacita</strong></span> <span class='ocrx_word' id='word_1_215' title='bbox 1293 1640 1514 1692; x_wconf 78' lang='lat' dir='ltr'><strong>monuitque</strong></span> <span class='ocrx_word' id='word_1_216' title='bbox 1541 1651 1738 1676; x_wconf 65' lang='lat' dir='ltr'><strong>recurrere</strong></span> 
     </span>
     <span class='ocr_line' id='line_1_28' title="bbox 288 1691 1734 1747; baseline 0.001 -18"><span class='ocrx_word' id='word_1_217' title='bbox 288 1692 425 1733; x_wconf 80' lang='lat' dir='ltr'><strong>classe.</strong></span> <span class='ocrx_word' id='word_1_218' title='bbox 483 1691 669 1742; x_wconf 78' lang='lat' dir='ltr'><strong>Pervigil</strong></span> <span class='ocrx_word' id='word_1_219' title='bbox 703 1693 795 1746; x_wconf 78' lang='lat' dir='ltr'><strong>ipsa</strong></span> <span class='ocrx_word' id='word_1_220' title='bbox 830 1694 947 1731; x_wconf 80' lang='lat' dir='ltr'><strong>etiam</strong></span> <span class='ocrx_word' id='word_1_221' title='bbox 987 1709 1007 1732; x_wconf 94' lang='lat' dir='ltr'><em>e</em></span> <span class='ocrx_word' id='word_1_222' title='bbox 1036 1695 1134 1732; x_wconf 80' lang='lat' dir='ltr'><strong>celso</strong></span> <span class='ocrx_word' id='word_1_223' title='bbox 1156 1696 1352 1746; x_wconf 83' lang='lat' dir='ltr'><strong>formosa</strong></span> <span class='ocrx_word' id='word_1_224' title='bbox 1381 1693 1502 1731; x_wconf 77' lang='lat' dir='ltr'><strong>cubili</strong></span> <span class='ocrx_word' id='word_1_225' title='bbox 1532 1706 1734 1747; x_wconf 84' lang='lat' dir='ltr'><strong>purpureo</strong></span> 
     </span>
     <span class='ocr_line' id='line_1_29' title="bbox 288 1746 1736 1801; baseline 0.001 -17"><span class='ocrx_word' id='word_1_226' title='bbox 288 1748 413 1785; x_wconf 83' lang='lat' dir='ltr'><strong>socios</strong></span> <span class='ocrx_word' id='word_1_227' title='bbox 449 1746 610 1784; x_wconf 79' lang='lat' dir='ltr'><strong>hortata</strong></span> <span class='ocrx_word' id='word_1_228' title='bbox 640 1755 699 1783; x_wconf 84' lang='lat' dir='ltr'><strong>est</strong></span> <span class='ocrx_word' id='word_1_229' title='bbox 721 1747 924 1797; x_wconf 78' lang='lat' dir='ltr'><strong>Tyndaris</strong></span> <span class='ocrx_word' id='word_1_230' title='bbox 948 1749 1046 1800; x_wconf 78' lang='lat' dir='ltr'><strong>igni.</strong></span> <span class='ocrx_word' id='word_1_231' title='bbox 1084 1750 1146 1787; x_wconf 90' lang='lat' dir='ltr'><strong>De</strong></span> <span class='ocrx_word' id='word_1_232' title='bbox 1179 1748 1329 1787; x_wconf 86' lang='lat' dir='ltr'><strong>Helena</strong></span> <span class='ocrx_word' id='word_1_233' title='bbox 1357 1762 1533 1801; x_wconf 86' lang='lat' dir='ltr'><strong>expresse</strong></span> <span class='ocrx_word' id='word_1_234' title='bbox 1565 1747 1736 1786; x_wconf 87' lang='lat' dir='ltr'><strong>affirmat</strong></span> 
     </span>
     <span class='ocr_line' id='line_1_30' title="bbox 289 1799 1739 1858; baseline 0.001 -19"><span class='ocrx_word' id='word_1_235' title='bbox 289 1803 412 1839; x_wconf 86' lang='lat' dir='ltr'><strong>etiam</strong></span> <span class='ocrx_word' id='word_1_236' title='bbox 443 1803 559 1838; x_wconf 89' lang='lat' dir='ltr'><strong>Maro</strong></span> <span class='ocrx_word' id='word_1_237' title='bbox 589 1799 693 1838; x_wconf 89' lang='lat' dir='ltr'><strong>libro</strong></span> <span class='ocrx_word' id='word_1_238' title='bbox 723 1801 795 1840; x_wconf 82' lang='lat'><strong>6.:</strong></span> <span class='ocrx_word' id='word_1_239' title='bbox 829 1804 1060 1855; x_wconf 84' lang='lat' dir='ltr'><strong>flammam</strong></span> <span class='ocrx_word' id='word_1_240' title='bbox 1086 1804 1224 1842; x_wconf 84' lang='lat' dir='ltr'><strong>media</strong></span> <span class='ocrx_word' id='word_1_241' title='bbox 1244 1805 1334 1858; x_wconf 83' lang='lat' dir='ltr'><strong>ipsa</strong></span> <span class='ocrx_word' id='word_1_242' title='bbox 1357 1803 1515 1842; x_wconf 81' lang='lat' dir='ltr'><strong>tenebat</strong></span> <span class='ocrx_word' id='word_1_243' title='bbox 1545 1805 1739 1855; x_wconf 80' lang='lat' dir='ltr'><strong>ingentem</strong></span> 
     </span>
     <span class='ocr_line' id='line_1_31' title="bbox 289 1855 1739 1911; baseline 0.001 -17"><span class='ocrx_word' id='word_1_244' title='bbox 289 1865 327 1895; x_wconf 78' lang='lat' dir='ltr'><strong>et</strong></span> <span class='ocrx_word' id='word_1_245' title='bbox 362 1869 515 1895; x_wconf 83' lang='lat' dir='ltr'><strong>summa</strong></span> <span class='ocrx_word' id='word_1_246' title='bbox 553 1855 729 1895; x_wconf 82' lang='lat' dir='ltr'><strong>Danaos</strong></span> <span class='ocrx_word' id='word_1_247' title='bbox 765 1872 819 1896; x_wconf 77' lang='lat' dir='ltr'><strong>ex</strong></span> <span class='ocrx_word' id='word_1_248' title='bbox 848 1873 942 1896; x_wconf 87' lang='lat' dir='ltr'><strong>arce</strong></span> <span class='ocrx_word' id='word_1_249' title='bbox 974 1860 1150 1902; x_wconf 75' lang='lat' dir='ltr'><strong>vocabat.</strong></span> <span class='ocrx_word' id='word_1_250' title='bbox 1207 1858 1362 1898; x_wconf 82' lang='lat' dir='ltr'><strong>Arabes</strong></span> <span class='ocrx_word' id='word_1_251' title='bbox 1399 1872 1556 1911; x_wconf 87' lang='lat' dir='ltr'><strong>quoque</strong></span> <span class='ocrx_word' id='word_1_252' title='bbox 1587 1858 1739 1896; x_wconf 89' lang='lat' dir='ltr'><strong>adven-</strong></span> 
     </span>
     <span class='ocr_line' id='line_1_32' title="bbox 288 1910 1740 1968; baseline 0.002 -20"><span class='ocrx_word' id='word_1_253' title='bbox 288 1918 380 1949; x_wconf 88' lang='lat' dir='ltr'><strong>tum</strong></span> <span class='ocrx_word' id='word_1_254' title='bbox 412 1910 589 1949; x_wconf 85' lang='lat' dir='ltr'><strong>hostium</strong></span> <span class='ocrx_word' id='word_1_255' title='bbox 622 1911 795 1950; x_wconf 80' lang='lat' dir='ltr'><strong>interdiu</strong></span> <span class='ocrx_word' id='word_1_256' title='bbox 836 1912 946 1952; x_wconf 86' lang='lat' dir='ltr'><strong>sumo</strong></span> <span class='ocrx_word' id='word_1_257' title='bbox 966 1944 975 1959; x_wconf 81' lang='grc'><em>,</em></span> <span class='ocrx_word' id='word_1_258' title='bbox 1011 1922 1134 1953; x_wconf 87' lang='lat' dir='ltr'><strong>noctu</strong></span> <span class='ocrx_word' id='word_1_259' title='bbox 1175 1916 1266 1967; x_wconf 84' lang='lat' dir='ltr'><strong>igne</strong></span> <span class='ocrx_word' id='word_1_260' title='bbox 1304 1914 1544 1968; x_wconf 81' lang='lat' dir='ltr'><strong>significasse</strong></span> <span class='ocrx_word' id='word_1_261' title='bbox 1571 1920 1740 1953; x_wconf 78' lang='lat' dir='ltr'><strong>testatur</strong></span> 
     </span>
     <span class='ocr_line' id='line_1_33' title="bbox 288 1965 1752 2019; baseline 0.008 -15"><span class='ocrx_word' id='word_1_262' title='bbox 288 1966 514 2008; x_wconf 88' lang='lat' dir='ltr'><strong>Frontinus</strong></span> <span class='ocrx_word' id='word_1_263' title='bbox 542 1965 614 2004; x_wconf 89' lang='lat' dir='ltr'><strong>lib.</strong></span> <span class='ocrx_word' id='word_1_264' title='bbox 645 1980 684 2005; x_wconf 84' lang='lat'><strong>2.</strong></span> <span class='ocrx_word' id='word_1_265' title='bbox 716 1981 800 2019; x_wconf 85' lang='lat' dir='ltr'><strong>cap.</strong></span> <span class='ocrx_word' id='word_1_266' title='bbox 830 1966 870 2007; x_wconf 84' lang='lat'><strong>5.</strong></span> <span class='ocrx_word' id='word_1_267' title='bbox 901 1982 1070 2012; x_wconf 80' lang='lat' dir='ltr'><strong>PONTAN.</strong></span> <span class='ocrx_word' id='word_1_268' title='bbox 1748 1994 1752 1998; x_wconf 91' lang='lat'><em>·</em></span> 
     </span>
    </p>

    <p class='ocr_par' dir='ltr' id='par_1_7' title="bbox 287 2019 1794 2459">
     <span class='ocr_line' id='line_1_34' title="bbox 402 2019 1740 2078; baseline -0.007 -8"><span class='ocrx_word' id='word_1_269' title='bbox 402 2019 622 2075; x_wconf 68' lang='lat' dir='ltr'><strong>pag-437,</strong></span> <span class='ocrx_word' id='word_1_270' title='bbox 655 2036 713 2061; x_wconf 76' lang='grc' dir='ltr'><strong>ιο.</strong></span> <span class='ocrx_word' id='word_1_271' title='bbox 752 2023 972 2078; x_wconf 77' lang='lat' dir='ltr'><strong>Ephori.</strong></span> <span class='ocrx_word' id='word_1_272' title='bbox 1031 2026 1143 2076; x_wconf 89' lang='lat' dir='ltr'><strong>Quos</strong></span> <span class='ocrx_word' id='word_1_273' title='bbox 1182 2026 1337 2078; x_wconf 87' lang='lat' dir='ltr'><strong>saepius</strong></span> <span class='ocrx_word' id='word_1_274' title='bbox 1381 2022 1596 2078; x_wconf 84' lang='lat' dir='ltr'><strong>appellavit</strong></span> <span class='ocrx_word' id='word_1_275' title='bbox 1635 2020 1740 2062; x_wconf 80' lang='grc' dir='ltr'><em>διοι-</em></span> 
     </span>
     <span class='ocr_line' id='line_1_35' title="bbox 289 2072 1783 2133; baseline 0.001 -19"><span class='ocrx_word' id='word_1_276' title='bbox 289 2074 471 2123; x_wconf 59' lang='lat' dir='ltr'><strong>novin-ag</strong></span> <span class='ocrx_word' id='word_1_277' title='bbox 498 2072 551 2113; x_wconf 76' lang='grc' dir='ltr'><strong>τὰ</strong></span> <span class='ocrx_word' id='word_1_278' title='bbox 587 2073 828 2128; x_wconf 77' lang='grc' dir='ltr'><em>πράγματα,</em></span> <span class='ocrx_word' id='word_1_279' title='bbox 852 2072 1055 2130; x_wconf 75' lang='grc' dir='ltr'><em>ἄρχοντας</em></span> <span class='ocrx_word' id='word_1_280' title='bbox 1077 2080 1160 2118; x_wconf 73' lang='grc' dir='ltr'><strong>ταῖν</strong></span> <span class='ocrx_word' id='word_1_281' title='bbox 1184 2075 1452 2133; x_wconf 76' lang='grc' dir='ltr'><em>πραγμάτων,</em></span> <span class='ocrx_word' id='word_1_282' title='bbox 1481 2092 1588 2116; x_wconf 87' lang='lat' dir='ltr'><strong>nunc</strong></span> <span class='ocrx_word' id='word_1_283' title='bbox 1616 2091 1639 2116; x_wconf 86' lang='lat' dir='ltr'><strong>a</strong></span> <span class='ocrx_word' id='word_1_284' title='bbox 1659 2077 1738 2116; x_wconf 85' lang='lat' dir='ltr'><strong>La-</strong></span> <span class='ocrx_word' id='word_1_285' title='bbox 1779 2101 1783 2107; x_wconf 80' lang='lat'><strong>·</strong></span> 
     </span>
     <span class='ocr_line' id='line_1_36' title="bbox 289 2127 1736 2188; baseline 0.008 -21"><span class='ocrx_word' id='word_1_286' title='bbox 289 2130 559 2169; x_wconf 85' lang='lat' dir='ltr'><strong>cedaemoniis</strong></span> <span class='ocrx_word' id='word_1_287' title='bbox 586 2139 744 2184; x_wconf 89' lang='lat' dir='ltr'><strong>sumpto</strong></span> <span class='ocrx_word' id='word_1_288' title='bbox 785 2135 1005 2182; x_wconf 84' lang='lat' dir='ltr'><strong>vocabulo,</strong></span> <span class='ocrx_word' id='word_1_289' title='bbox 1055 2135 1239 2188; x_wconf 88' lang='lat' dir='ltr'><strong>Ephoros</strong></span> <span class='ocrx_word' id='word_1_290' title='bbox 1269 2134 1454 2187; x_wconf 85' lang='lat' dir='ltr'><strong>appellat.</strong></span> <span class='ocrx_word' id='word_1_291' title='bbox 1520 2127 1736 2185; x_wconf 73' lang='grc' dir='ltr'><strong><em>Ἐφόρους,</em></strong></span> 
     </span>
     <span class='ocr_line' id='line_1_37' title="bbox 287 2183 1738 2244; baseline 0.012 -23"><span class='ocrx_word' id='word_1_292' title='bbox 287 2185 425 2237; x_wconf 90' lang='lat' dir='ltr'><strong>inquit</strong></span> <span class='ocrx_word' id='word_1_293' title='bbox 454 2185 609 2235; x_wconf 82' lang='lat' dir='ltr'><strong>Suidas,</strong></span> <span class='ocrx_word' id='word_1_294' title='bbox 635 2186 808 2227; x_wconf 77' lang='grc' dir='ltr'><strong><em>ἐκάλουν</em></strong></span> <span class='ocrx_word' id='word_1_295' title='bbox 841 2187 911 2227; x_wconf 73' lang='grc' dir='ltr'><strong>διά</strong></span> <span class='ocrx_word' id='word_1_296' title='bbox 934 2186 980 2229; x_wconf 86' lang='grc' dir='ltr'><strong>τὸ</strong></span> <span class='ocrx_word' id='word_1_297' title='bbox 1002 2189 1159 2244; x_wconf 75' lang='grc' dir='ltr'><strong><em>ἐφορᾷν</em></strong></span> <span class='ocrx_word' id='word_1_298' title='bbox 1187 2186 1238 2228; x_wconf 82' lang='grc' dir='ltr'><strong>τὰ</strong></span> <span class='ocrx_word' id='word_1_299' title='bbox 1264 2188 1338 2240; x_wconf 81' lang='grc' dir='ltr'><strong>τῆς</strong></span> <span class='ocrx_word' id='word_1_300' title='bbox 1361 2185 1516 2233; x_wconf 64' lang='grc' dir='ltr'><em>πόλεως</em></span> <span class='ocrx_word' id='word_1_301' title='bbox 1539 2183 1738 2238; x_wconf 65' lang='grc' dir='ltr'><em>πράγμα-</em></span> 
     </span>
     <span class='ocr_line' id='line_1_38' title="bbox 288 2234 1785 2299; baseline 0.001 -22"><span class='ocrx_word' id='word_1_302' title='bbox 288 2252 364 2278; x_wconf 85' lang='grc' dir='ltr'><strong>τα.</strong></span> <span class='ocrx_word' id='word_1_303' title='bbox 425 2239 488 2279; x_wconf 89' lang='lat' dir='ltr'><strong>De</strong></span> <span class='ocrx_word' id='word_1_304' title='bbox 527 2240 648 2279; x_wconf 87' lang='lat' dir='ltr'><strong>huius</strong></span> <span class='ocrx_word' id='word_1_305' title='bbox 690 2244 943 2296; x_wconf 84' lang='lat' dir='ltr'><strong>magistratus</strong></span> <span class='ocrx_word' id='word_1_306' title='bbox 970 2247 1122 2299; x_wconf 81' lang='lat' dir='ltr'><strong>origine</strong></span> <span class='ocrx_word' id='word_1_307' title='bbox 1153 2252 1191 2283; x_wconf 82' lang='lat' dir='ltr'><strong>et</strong></span> <span class='ocrx_word' id='word_1_308' title='bbox 1219 2244 1435 2296; x_wconf 83' lang='lat' dir='ltr'><strong>qualitate,</strong></span> <span class='ocrx_word' id='word_1_309' title='bbox 1475 2256 1643 2281; x_wconf 89' lang='lat' dir='ltr'><strong>numero</strong></span> <span class='ocrx_word' id='word_1_310' title='bbox 1690 2255 1738 2279; x_wconf 87' lang='lat' dir='ltr'><strong>ac</strong></span> <span class='ocrx_word' id='word_1_311' title='bbox 1782 2234 1785 2271; x_wconf 66' lang='grc' dir='ltr'>Ϊ</span> 
     </span>
     <span class='ocr_line' id='line_1_39' title="bbox 287 2295 1738 2353; baseline 0.001 -21"><span class='ocrx_word' id='word_1_312' title='bbox 287 2300 471 2346; x_wconf 87' lang='lat' dir='ltr'><strong>tempore</strong></span> <span class='ocrx_word' id='word_1_313' title='bbox 489 2322 501 2343; x_wconf 83' lang='lat'>‚</span> <span class='ocrx_word' id='word_1_314' title='bbox 537 2308 618 2346; x_wconf 82' lang='lat' dir='ltr'><strong>quo</strong></span> <span class='ocrx_word' id='word_1_315' title='bbox 646 2295 723 2336; x_wconf 82' lang='lat' dir='ltr'><strong>fine</strong></span> <span class='ocrx_word' id='word_1_316' title='bbox 761 2301 896 2348; x_wconf 84' lang='lat' dir='ltr'><strong>creati,</strong></span> <span class='ocrx_word' id='word_1_317' title='bbox 927 2309 1077 2353; x_wconf 83' lang='lat' dir='ltr'><strong>quanta</strong></span> <span class='ocrx_word' id='word_1_318' title='bbox 1111 2299 1277 2339; x_wconf 64' lang='lat' dir='ltr'><strong>exiaserit</strong></span> <span class='ocrx_word' id='word_1_319' title='bbox 1304 2299 1465 2337; x_wconf 83' lang='lat' dir='ltr'><strong>tandem</strong></span> <span class='ocrx_word' id='word_1_320' title='bbox 1496 2311 1634 2336; x_wconf 89' lang='lat' dir='ltr'><strong>eorum</strong></span> <span class='ocrx_word' id='word_1_321' title='bbox 1663 2309 1738 2348; x_wconf 91' lang='lat' dir='ltr'><strong>po-</strong></span> 
     </span>
     <span class='ocr_line' id='line_1_40' title="bbox 290 2350 1794 2408; baseline 0.002 -22"><span class='ocrx_word' id='word_1_322' title='bbox 290 2351 431 2398; x_wconf 86' lang='lat' dir='ltr'><strong>tentia,</strong></span> <span class='ocrx_word' id='word_1_323' title='bbox 462 2350 618 2387; x_wconf 84' lang='lat' dir='ltr'><strong>erudite</strong></span> <span class='ocrx_word' id='word_1_324' title='bbox 651 2351 806 2391; x_wconf 87' lang='lat' dir='ltr'><strong>disserit</strong></span> <span class='ocrx_word' id='word_1_325' title='bbox 834 2354 1023 2394; x_wconf 87' lang='lat' dir='ltr'><strong>Nicolaus</strong></span> <span class='ocrx_word' id='word_1_326' title='bbox 1051 2355 1215 2408; x_wconf 82' lang='lat' dir='ltr'><strong>Cragius</strong></span> <span class='ocrx_word' id='word_1_327' title='bbox 1249 2354 1297 2392; x_wconf 92' lang='lat' dir='ltr'><strong>de</strong></span> <span class='ocrx_word' id='word_1_328' title='bbox 1329 2353 1737 2393; x_wconf 87' lang='lat' dir='ltr'><strong>Lacedaemoniorum</strong></span> <span class='ocrx_word' id='word_1_329' title='bbox 1782 2375 1794 2402; x_wconf 63' lang='lat'><strong>‚1</strong></span> 
     </span>
     <span class='ocr_line' id='line_1_41' title="bbox 288 2402 1102 2459; baseline 0.004 -17"><span class='ocrx_word' id='word_1_330' title='bbox 288 2418 334 2442; x_wconf 89' lang='lat' dir='ltr'><strong>re</strong></span> <span class='ocrx_word' id='word_1_331' title='bbox 357 2402 520 2458; x_wconf 86' lang='lat' dir='ltr'><strong>publica</strong></span> <span class='ocrx_word' id='word_1_332' title='bbox 549 2403 652 2442; x_wconf 88' lang='lat' dir='ltr'><strong>libro</strong></span> <span class='ocrx_word' id='word_1_333' title='bbox 683 2419 720 2443; x_wconf 83' lang='lat'><strong>2.</strong></span> <span class='ocrx_word' id='word_1_334' title='bbox 748 2421 836 2459; x_wconf 86' lang='lat' dir='ltr'><strong>cap.</strong></span> <span class='ocrx_word' id='word_1_335' title='bbox 860 2408 898 2459; x_wconf 71' lang='grc'><strong>4,</strong></span> <span class='ocrx_word' id='word_1_336' title='bbox 927 2424 1102 2449; x_wconf 52' lang='lat' dir='ltr'><strong>pou-rm.</strong></span> 
     </span>
    </p>

    <p class='ocr_par' dir='ltr' id='par_1_8' title="bbox 284 2457 1778 2679">
     <span class='ocr_line' id='line_1_42' title="bbox 402 2457 1778 2516; baseline -0.002 -16"><span class='ocrx_word' id='word_1_337' title='bbox 402 2457 615 2510; x_wconf 42' lang='lat' dir='ltr'><strong>Pagufflz,</strong></span> <span class='ocrx_word' id='word_1_338' title='bbox 645 2459 703 2499; x_wconf 88' lang='lat'><strong>18.</strong></span> <span class='ocrx_word' id='word_1_339' title='bbox 737 2475 891 2501; x_wconf 87' lang='lat' dir='ltr'><strong>sacer</strong></span> <span class='ocrx_word' id='word_1_340' title='bbox 934 2466 1153 2503; x_wconf 83' lang='lat' dir='ltr'><strong>morbus,</strong></span> <span class='ocrx_word' id='word_1_341' title='bbox 1210 2464 1329 2502; x_wconf 81' lang='lat' dir='ltr'><strong>Sacer</strong></span> <span class='ocrx_word' id='word_1_342' title='bbox 1359 2464 1461 2516; x_wconf 84' lang='lat' dir='ltr'><strong>ignis</strong></span> <span class='ocrx_word' id='word_1_343' title='bbox 1490 2469 1573 2509; x_wconf 85' lang='lat' dir='ltr'><strong>est,</strong></span> <span class='ocrx_word' id='word_1_344' title='bbox 1614 2474 1735 2513; x_wconf 88' lang='lat' dir='ltr'><strong>quem</strong></span> <span class='ocrx_word' id='word_1_345' title='bbox 1776 2504 1778 2506; x_wconf 23' lang='lat'>¹</span> 
     </span>
     <span class='ocr_line' id='line_1_43' title="bbox 285 2513 1736 2569; baseline 0 -17"><span class='ocrx_word' id='word_1_346' title='bbox 285 2513 434 2567; x_wconf 70' lang='lat' dir='ltr'><strong>vul5us</strong></span> <span class='ocrx_word' id='word_1_347' title='bbox 457 2513 640 2552; x_wconf 79' lang='lat' dir='ltr'><strong>Italicum</strong></span> <span class='ocrx_word' id='word_1_348' title='bbox 670 2515 703 2552; x_wconf 86' lang='lat' dir='ltr'><strong>il</strong></span> <span class='ocrx_word' id='word_1_349' title='bbox 718 2517 818 2567; x_wconf 77' lang='lat' dir='ltr'><strong>joco</strong></span> <span class='ocrx_word' id='word_1_350' title='bbox 859 2518 928 2556; x_wconf 85' lang='lat' dir='ltr'><strong>del</strong></span> <span class='ocrx_word' id='word_1_351' title='bbox 954 2528 1041 2557; x_wconf 83' lang='lat' dir='ltr'><strong>sant</strong></span> <span class='ocrx_word' id='word_1_352' title='bbox 1069 2519 1242 2558; x_wconf 80' lang='lat' dir='ltr'><strong>Antonio</strong></span> <span class='ocrx_word' id='word_1_353' title='bbox 1269 2526 1385 2557; x_wconf 89' lang='lat' dir='ltr'><strong>vocat</strong></span> <span class='ocrx_word' id='word_1_354' title='bbox 1404 2549 1416 2567; x_wconf 94' lang='lat'><strong>,</strong></span> <span class='ocrx_word' id='word_1_355' title='bbox 1448 2517 1496 2555; x_wconf 93' lang='lat' dir='ltr'><strong>de</strong></span> <span class='ocrx_word' id='word_1_356' title='bbox 1525 2529 1604 2569; x_wconf 92' lang='lat' dir='ltr'><strong>quo</strong></span> <span class='ocrx_word' id='word_1_357' title='bbox 1632 2515 1736 2553; x_wconf 84' lang='lat' dir='ltr'><strong>dixi-</strong></span> 
     </span>
     <span class='ocr_line' id='line_1_44' title="bbox 286 2568 1733 2624; baseline 0.002 -19"><span class='ocrx_word' id='word_1_358' title='bbox 286 2582 376 2607; x_wconf 92' lang='lat' dir='ltr'><strong>mus</strong></span> <span class='ocrx_word' id='word_1_359' title='bbox 406 2570 447 2606; x_wconf 91' lang='lat' dir='ltr'><strong>in</strong></span> <span class='ocrx_word' id='word_1_360' title='bbox 465 2568 659 2621; x_wconf 85' lang='lat' dir='ltr'><strong>symbolis</strong></span> <span class='ocrx_word' id='word_1_361' title='bbox 689 2572 834 2611; x_wconf 79' lang='lat' dir='ltr'><strong>nostris</strong></span> <span class='ocrx_word' id='word_1_362' title='bbox 868 2574 910 2611; x_wconf 91' lang='lat' dir='ltr'><strong>in</strong></span> <span class='ocrx_word' id='word_1_363' title='bbox 939 2573 1127 2612; x_wconf 86' lang='lat' dir='ltr'><strong>ultimum</strong></span> <span class='ocrx_word' id='word_1_364' title='bbox 1148 2588 1308 2612; x_wconf 86' lang='lat' dir='ltr'><strong>versum</strong></span> <span class='ocrx_word' id='word_1_365' title='bbox 1322 2575 1359 2614; x_wconf 83' lang='lat'><strong>5.</strong></span> <span class='ocrx_word' id='word_1_366' title='bbox 1389 2574 1556 2624; x_wconf 85' lang='lat' dir='ltr'><strong>Georg.,</strong></span> <span class='ocrx_word' id='word_1_367' title='bbox 1588 2583 1733 2622; x_wconf 87' lang='lat' dir='ltr'><strong>nempe</strong></span> 
     </span>
     <span class='ocr_line' id='line_1_45' title="bbox 284 2623 1708 2679; baseline 0.004 -18"><span class='ocrx_word' id='word_1_368' title='bbox 284 2623 328 2661; x_wconf 89' lang='lat' dir='ltr'><strong>in</strong></span> <span class='ocrx_word' id='word_1_369' title='bbox 355 2623 491 2662; x_wconf 90' lang='lat' dir='ltr'><strong>hunc:</strong></span> <span class='ocrx_word' id='word_1_370' title='bbox 527 2633 719 2663; x_wconf 81' lang='lat' dir='ltr'><strong>contactos</strong></span> <span class='ocrx_word' id='word_1_371' title='bbox 740 2635 846 2665; x_wconf 84' lang='lat' dir='ltr'><strong>artus</strong></span> <span class='ocrx_word' id='word_1_372' title='bbox 870 2641 980 2665; x_wconf 77' lang='lat' dir='ltr'><strong>sacer</strong></span> <span class='ocrx_word' id='word_1_373' title='bbox 999 2628 1100 2679; x_wconf 79' lang='lat' dir='ltr'><strong>ignis</strong></span> <span class='ocrx_word' id='word_1_374' title='bbox 1123 2629 1271 2667; x_wconf 83' lang='lat' dir='ltr'><strong>edebat.</strong></span> <span class='ocrx_word' id='word_1_375' title='bbox 1301 2641 1472 2666; x_wconf 68' lang='lat' dir='ltr'><strong>PoN‘rAN.</strong></span> <span class='ocrx_word' id='word_1_376' title='bbox 1706 2643 1708 2646; x_wconf 93' lang='lat'>·</span> 
     </span>
    </p>

    <p class='ocr_par' dir='ltr' id='par_1_9' title="bbox 289 2677 1776 2790">
     <span class='ocr_line' id='line_1_46' title="bbox 402 2677 1728 2729; baseline 0.001 -12"><span class='ocrx_word' id='word_1_377' title='bbox 402 2678 507 2728; x_wconf 82' lang='lat' dir='ltr'><strong>Pag.</strong></span> <span class='ocrx_word' id='word_1_378' title='bbox 527 2677 624 2729; x_wconf 68' lang='grc'><strong>445,</strong></span> <span class='ocrx_word' id='word_1_379' title='bbox 647 2682 684 2722; x_wconf 84' lang='grc'><strong>3.</strong></span> <span class='ocrx_word' id='word_1_380' title='bbox 722 2682 949 2720; x_wconf 75' lang='lat' dir='ltr'><strong>sacellii</strong></span> <span class='ocrx_word' id='word_1_381' title='bbox 980 2692 1224 2723; x_wconf 84' lang='lat' dir='ltr'><strong>curator.</strong></span> <span class='ocrx_word' id='word_1_382' title='bbox 1283 2683 1454 2720; x_wconf 83' lang='lat' dir='ltr'><strong>Curator</strong></span> <span class='ocrx_word' id='word_1_383' title='bbox 1483 2680 1629 2720; x_wconf 82' lang='lat' dir='ltr'><strong>sacellii</strong></span> <span class='ocrx_word' id='word_1_384' title='bbox 1657 2686 1728 2727; x_wconf 83' lang='lat' dir='ltr'><strong>est,</strong></span> 
     </span>
     <span class='ocr_line' id='line_1_47' title="bbox 289 2733 1776 2790; baseline 0.003 -18"><span class='ocrx_word' id='word_1_385' title='bbox 289 2733 361 2786; x_wconf 89' lang='lat' dir='ltr'><strong>qui</strong></span> <span class='ocrx_word' id='word_1_386' title='bbox 389 2739 545 2786; x_wconf 81' lang='lat' dir='ltr'><strong>praeest</strong></span> <span class='ocrx_word' id='word_1_387' title='bbox 574 2735 752 2775; x_wconf 84' lang='lat' dir='ltr'><strong>curando</strong></span> <span class='ocrx_word' id='word_1_388' title='bbox 784 2736 968 2790; x_wconf 85' lang='lat' dir='ltr'><strong>sacellio,</strong></span> <span class='ocrx_word' id='word_1_389' title='bbox 1023 2751 1103 2790; x_wconf 90' lang='lat' dir='ltr'><strong>quo</strong></span> <span class='ocrx_word' id='word_1_390' title='bbox 1141 2739 1264 2779; x_wconf 85' lang='lat' dir='ltr'><strong>verbo</strong></span> <span class='ocrx_word' id='word_1_391' title='bbox 1304 2752 1366 2777; x_wconf 89' lang='lat' dir='ltr'><strong>res</strong></span> <span class='ocrx_word' id='word_1_392' title='bbox 1393 2749 1527 2777; x_wconf 83' lang='lat' dir='ltr'><strong>sacrae</strong></span> <span class='ocrx_word' id='word_1_393' title='bbox 1577 2742 1615 2775; x_wconf 86' lang='lat' dir='ltr'><strong>et</strong></span> <span class='ocrx_word' id='word_1_394' title='bbox 1643 2734 1732 2776; x_wconf 82' lang='lat' dir='ltr'><strong>loca</strong></span> <span class='ocrx_word' id='word_1_395' title='bbox 1774 2762 1776 2766; x_wconf 92' lang='lat'>·</span> 
     </span>
    </p>
   </div>
   <div class='ocr_carea' id='block_1_3' title="bbox 1767 2399 1794 3158">
    <p class='ocr_par' dir='ltr' id='par_1_10' title="bbox 1767 2399 1794 3158">
     <span class='ocr_line' id='line_1_48' title="bbox 1767 2399 1794 3158; baseline 0 0"><span class='ocrx_word' id='word_1_396' title='bbox 1767 2399 1794 3158; x_wconf 95' lang='lat' dir='ltr'><strong> </strong></span> 
     </span>
    </p>
   </div>
  </div>
 </body>
</html>
