1800 3164
329 151 428 216 142
851 170 1225 212 CANTAequNr

108 273 200 310 A.c.
220 275 305 310 1350
319 268 514 312 ἁπάντων
536 269 616 326 ἐγώ
647 285 716 314 σοι
743 270 897 320 πολλὰς
927 272 1113 328 ὀφείλειν
1142 273 1300 322 δίκαιος
1331 268 1437 315 εἶναι
1462 271 1639 329 χάριτας
1658 270 1759 326 ὅμο-

319 338 460 390 λογῶ,
491 337 541 377 οὖ
569 336 700 390 μόνον
736 336 806 379 διὰ
836 335 883 378 τὸ
916 339 1048 392 μηδὲν
1076 335 1318 393 ἠδικηκέναι
1355 336 1540 391 μάλιστα
1580 335 1761 391 δύναμε-

318 417 404 455 νον,
440 403 525 443 ἀλλ’
556 400 623 444 ὅτι
651 405 724 444 καί
757 401 835 456 τὴν
870 403 928 452 εἷς
967 404 1042 456 ἐμὲ
1080 401 1206 458 τιμὴν
1249 401 1380 456 μείζω
1425 399 1452 458 ἢ
1495 401 1599 458 πρὸς
1639 404 1762 459 φίλον

318 468 530 519 ἐπεδείξω.
587 466 741 521 σχεδὸν
765 466 846 522 γὰρ
877 472 977 524 παρ’
1006 466 1102 511 ὅσον
1133 466 1288 525 χρόνον
1314 468 1384 510 σοι’
1409 471 1554 523 συνῆν,
1582 469 1655 523 τῆς
1682 468 1762 523 ἅρ-

314 534 395 587 χῆς
425 535 522 586 ἐμοὶ
546 535 615 588 τῆς
643 535 718 589 σῆς
750 536 915 590 ἐξέστης
933 567 945 589 ,
993 535 1070 576 οὐκ
1112 531 1241 584 αὐτὸς
1282 531 1405 588 μόνον
1440 537 1521 576 τῶν
1549 534 1798 590 πρωτείων5

317 599 387 641 οἶεί
417 601 710 654 παραχωρῶν,
752 598 856 641 ἀλλὰ
888 599 961 643 καί
986 599 1083 651 τούς
1112 598 1320 656 ὑπηκόους
1360 597 1544 649 ἅπαντας
1590 599 1647 648 ὥς
1682 601 1761 641 αὖ·

317 667 402 706 τῶν
444 663 711 718 βασιλεύοντι
746 667 965 721 προσέχειν
991 665 1171 709 κελεύων
1215 665 1287 707 καί
1327 668 1466 708 πᾶσαν
1497 667 1604 708 αἰδῶ
1632 666 1762 721 παρέ-

316 747 410 783 χειν
441 732 515 772 καί
540 731 679 786 τιμήν.
736 732 789 773 δι’
822 728 850 773 α’
877 747 943 774 σοι
972 732 1046 774 καί
1069 734 1243 786 μείζους
1268 729 1363 775 οἶδα
1393 730 1600 787 χάριτας,
1631 726 1660 786 ἢ
1686 732 1761 787 τῆς

274 799 541 852 Πσωτηριάς.
597 794 690 840 τότε
716 799 796 851 μὲν
823 797 904 853 γάρ
934 798 1101 850 σωθείς,
1134 797 1298 848 πάντως
1325 795 1501 853 ὕστερον
1523 797 1762 839 ἀποθανοῦ-

316 881 410 916 μαι,
441 863 467 918 ἦ
496 861 594 918 τιμὴ
626 865 672 906 δὲ
700 866 773 906 καί
793 863 900 918 μετὰ
929 864 1124 920 τελευτὴν
1148 856 1340 918 διαμενεῖ·
1359 863 1438 906 ὑπὸ
1466 864 1633 906 πάντων
1658 863 1760 921 ‹gido-
1778 882 1800 909 ιη

315 932 418 985 μένη
447 932 520 972 καί
549 932 630 972 τῶν
657 931 716 980 εἰς
744 927 918 986 ὕστερον
949 931 1170 984 ἐσομένων.
1202 931 1252 972 οὐ
1281 933 1328 973 σὲ
1351 932 1398 973 δὲ
1423 927 1551 984 μόνον
1575 930 1644 971 ἐπὶ
1664 925 1762 971 τού-

314 1011 401 1044 τοις
424 997 583 1046 δίκαιος
614 992 664 1038 ἂν
686 996 776 1052 εἴην
795 999 994 1051 ἐπαινεῖν,
1021 995 1127 1039 ἀλλὰ
1148 998 1222 1038 καί
1240 996 1316 1053 τήν
1334 994 1413 1054 σήν
1428 1001 1608 1051 γυναῖκα
1632 995 1760 1048 μάλι-

314 1079 396 1103 στα
425 1064 670 1118 αἰτιωτάτην
700 1062 909 1120 ὀφθεῖσαν
934 1066 1018 1106 τῶν
1037 1065 1321 1119 γεγενημένων
1338 1064 1398 1112 εἰς
1427 1063 1513 1116 ἐμὲ.
1543 1058 1653 1116 αὐτὴ
1679 1058 1757 1116 γὰρ

315 1130 388 1169 καί
419 1128 697 1182 ἐβουλεύσατο
726 1131 800 1171 καί
829 1128 967 1172 ἔπεισέ
995 1131 1045 1172 σέ
1083 1146 1129 1171 τε
1173 1128 1331 1183 ὁμοίως
1371 1127 1444 1170 καὶ
1479 1126 1579 1178 ’τούς
1608 1123 1762 1176 ἄλλους

318 1193 419 1244 τούς
449 1196 494 1236 ἐν
520 1196 627 1236 τέλει
648 1227 659 1249 ‚
688 1194 746 1250 μὴ
776 1199 1062 1252 μικρολογεῖν,
1106 1198 1207 1251 μηδ’
1237 1193 1346 1238 εἶναι
1373 1193 1562 1250 α’γαθοὺς
1589 1193 1661 1236 ἐπὶ
1687 1209 1759 1247 μι-
1777 1211 1792 1238 1

182 1262 420 1315 v.62709q”›‚
456 1257 559 1302 ἄλλα
593 1267 745 1317 προῖκα
775 1263 848 1303 καί
873 1260 978 1304 κατὰ
1009 1262 1267 1318 φιλοτιμίαν,
1295 1263 1488 1316 μέγιστον
1518 1262 1664 1316 κέρδος
1684 1259 1761 1302 αὖ-

315 1324 363 1368 τὸ
391 1328 516 1367 τοῦτο
564 1324 819 1381 ἡγουμένους
861 1326 909 1369 τὸ
948 1326 1000 1370 τὰ
1029 1326 1136 1370 καλοὶ
1169 1329 1243 1370 καί
1270 1329 1412 1369 δίκαια
1441 1327 1682 1382 αἱρεῖσθαι·
1721 1324 1766 1368 οἳ

314 1407 358 1433 τε
387 1393 431 1433 ἐν
459 1394 570 1434 τέλει
597 1391 748 1443 πάντες
785 1396 858 1435 καί
885 1394 911 1448 ἦ
936 1389 1041 1448 ἄλλη
1075 1393 1251 1448 στρατιὰ
1299 1394 1351 1435 ου’
1391 1392 1462 1435 διὰ
1493 1390 1539 1434 τὸ
1573 1394 1622 1434 σὲ
1659 1388 1760 1446 βού-

182 1460 217 1495 Ρ.
236 1459 302 1506 784
314 1461 464 1500 λεσθαι
490 1457 616 1511 μόνον
644 1461 717 1500 καί
742 1459 935 1512 κελεύειν,
966 1457 1073 1504 dud
1101 1459 1176 1500 καί
1203 1458 1367 1500 οἴκοθεν
1393 1458 1654 1514 ὡρμημένοι,
1681 1473 1760 1511 με·

311 1522 443 1579 γάλην
486 1526 756 1575 ,ἐπεδείξαντο
804 1523 879 1580 τὴν
927 1526 1151 1566 ἐπιείκειαν
1194 1526 1267 1566 καί
1311 1522 1384 1577 τήν
1442 1521 1795 1578 εὖγνωμοσύνηνα

313 1592 372 1639 εἰς
404 1591 490 1642 ἐμέ.
539 1584 597 1631 ὧν
625 1587 818 1631 ἁπάντων
859 1584 985 1638 αὗτός
1029 1605 1072 1630 τε
1100 1589 1283 1642 χάριτας
1313 1587 1589 1644 ὅφειἊω,-και“
1614 1585 1652 1629 οἶ
1683 1584 1761 1630 ἅλ-

312 1649 377 1697 ’λοι
405 1656 713 1703 ἐπαινέσονται,
746 1651 859 1703 ὅσοις
891 1655 951 1702 εἷς
979 1652 1109 1702 οἷκοιὶς
1150 1653 1347 1709 α’φίξεται
1372 1654 1445 1694 καί
1472 1651 1576 1706 μετὰ
1603 1650 1760 1708 χρόνον

312 1721 358 1764 τὸ
392 1720 590 1777 διήγημα.
636 1723 682 1763 τί
710 1715 784 1762 οὖν
812 1718 926 1761 ἔστιν
955 1720 1100 1771 εἰπεῖν,
1135 1716 1204 1761 ὅτι
1231 1722 1317 1762 τῶν
1345 1717 1557 1762 τοσούτων
1584 1719 1759 1773 οἶγαθῶν

407 1809 439 1842 8.
465 1806 528 1848 τῆς
553 1816 622 1840 om.
651 1805 686 1839 P.
810 1805 862 1848 ¹4·
891 1803 936 1837 σέ
959 1815 1028 1838 om.
1053 1803 1093 1839 P.

312 1869 410 1903 nihil
436 1868 624 1908 nocueris,
653 1878 734 1900 cum
760 1866 799 1899 id
824 1866 996 1900 facillime
1022 1875 1145 1910 posses
1161 1891 1171 1907 ‚
1196 1866 1260 1900 sed
1287 1867 1398 1900 etiam
1424 1865 1524 1912 quod
1547 1866 1758 1910 maiorilme

312 1917 476 1957 honore,
516 1926 621 1960 quam
648 1916 824 1953 amicum,
851 1913 1098 1946 cumulaveris.
1151 1914 1278 1947 Ferme
1305 1915 1414 1953 enim,
1439 1912 1614 1958 quamdiu
1639 1918 1760 1947 tecum

312 1964 408 2004 vixi,
434 1969 497 1996 tuo
524 1962 730 2008 principatu
757 1960 848 1992 mihi
873 1959 1031 1999 cessisti,
1068 1970 1142 1992 non
1171 1961 1249 2003 ipse
1284 1961 1473 1994 dumtaxat
1505 1959 1644 2005 Priores
1669 1959 1761 1994 mihi

312 2010 500 2049 deferens,
530 2009 592 2042 sed
617 2013 653 2042 et
679 2007 862 2041 subiectos
889 2012 970 2039 tuos
997 2018 1140 2046 omnes,
1182 2012 1365 2052 tamquam
1403 2007 1433 2039 si
1464 2016 1588 2039 eorum
1614 2017 1677 2040 rex
1703 2017 1761 2040 es·

312 2068 409 2096 sem,
437 2056 527 2089 mihi
565 2055 815 2099 obtemperare
850 2054 1022 2098 omnique
1052 2053 1287 2086 veneratione
1317 2059 1353 2086 et
1378 2052 1516 2086 honore
1541 2062 1598 2084 me
1632 2064 1763 2099 prose-

313 2104 377 2149 qui
399 2102 638 2146 praecipiens.
689 2100 851 2145 Quorum
877 2101 990 2143 gratia
1015 2100 1208 2144 ampliores
1234 2100 1327 2140 tibi,
1353 2110 1461 2145 quam
1486 2110 1551 2143 pro
1579 2100 1694 2133 salute
1724 2104 1762 2134 et

312 2150 567 2183 incolumitate
593 2158 671 2180 mea
697 2149 761 2180 abs
777 2153 812 2180 te
837 2152 1058 2186 conservata,
1085 2148 1216 2191 gratias
1240 2157 1316 2190 ago.
1365 2147 1460 2178 'l'um
1487 2146 1668 2191 siquidem
1695 2146 1762 2181 aba

313 2202 351 2230 te
375 2202 548 2235 servatus,
574 2195 721 2229 omuino
746 2194 894 2227 tandem
919 2193 1117 2238 aliquando
1142 2193 1207 2226 hac
1233 2194 1314 2226 luce
1338 2192 1532 2236 defungar:
1558 2193 1675 2227 honor
1693 2205 1762 2227 au·

312 2248 384 2276 tem
401 2267 410 2282 ,
437 2253 509 2288 quo
539 2252 596 2273 me
623 2241 888 2279 cohonestasti‚
916 2242 1025 2274 ctiam
1051 2245 1133 2286 post
1157 2241 1228 2273 fata
1254 2251 1424 2280 manens,
1460 2249 1526 2284 per
1550 2250 1612 2273 ora
1634 2245 1762 2284 poste-

313 2300 434 2323 rorum
461 2287 643 2321 volitabit.
692 2286 820 2332 Neque
846 2297 930 2319 vero
958 2292 994 2318 te
1022 2293 1160 2321 tantum
1187 2286 1243 2319 his
1270 2286 1316 2319 de
1345 2286 1483 2326 causis,
1519 2285 1584 2319 sed
1609 2291 1646 2319 et
1674 2297 1761 2320 con-

313 2338 433 2380 iugem
461 2340 559 2368 tuam
585 2335 662 2367 iure
687 2334 856 2366 laudibus
884 2333 1097 2367 celebrarim
1113 2347 1127 2374 ,*
1163 2343 1256 2379 quae
1282 2338 1425 2366 tuorum
1459 2343 1542 2376 erga
1565 2344 1621 2366 me
1644 2333 1760 2366 bene-

314 2383 480 2419 ficiorum
505 2391 608 2414 causa
635 2382 830 2424 praecipua
859 2379 939 2413 suit.
990 2381 1069 2424 ipsa
1099 2381 1194 2413 enim
1220 2380 1412 2413 consilium
1445 2379 1558 2418 dedit,
1583 2381 1661 2425 ipsa
1685 2380 1758 2413 tibi

314 2429 472 2474 aliisque
496 2427 705 2473 proceribus
729 2426 932 2471 persuasit,
957 2438 1004 2460 ne
1036 2427 1124 2471 quid
1150 2426 1331 2460 sordidius
1358 2427 1644 2467 committeretis,
1666 2437 1760 2461 neve

314 2475 517 2521 praemium
544 2473 695 2519 aliquod
711 2478 973 2518 exspectantes,
999 2473 1062 2505 sed
1087 2477 1193 2516 gratis
1217 2485 1375 2518 prorsuS,
1400 2479 1436 2507 et
1449 2473 1549 2506 laudi
1562 2473 1666 2507 vobis
1680 2478 1761 2507 stu-

314 2521 415 2556 dium
443 2523 482 2554 in
506 2532 563 2554 me
588 2525 744 2554 vestrum
774 2522 946 2553 ducentes
964 2544 973 2559 ,
1000 2518 1155 2554 benefici
1180 2521 1304 2554 essetis
1320 2545 1329 2561 ‚
1354 2519 1424 2553 hoc
1450 2530 1563 2552 unum
1586 2520 1626 2552 in
1649 2520 1760 2554 lucris

313 2569 479 2611 maritimis
500 2569 736 2614 deputantes,
761 2567 855 2599 iusta
879 2571 916 2598 et
939 2566 1091 2599 honesta
1116 2567 1325 2603 consectari.
1374 2567 1554 2611 Principes
1578 2577 1687 2611 porro
1704 2567 1761 2600 tui

315 2627 438 2650 omnes
478 2621 515 2649 et
538 2615 699 2652 milites,
725 2624 800 2646 non
825 2617 966 2646 tantum
991 2614 1077 2658 quia
1107 2619 1145 2647 tu
1173 2616 1223 2647 ita
1261 2613 1372 2647 velles
1404 2614 1529 2658 itaque
1556 2613 1760 2655 mandares,

316 2663 381 2696 sed
405 2666 536 2707 sponte
568 2666 604 2696 et
638 2660 826 2694 voluntate
851 2658 968 2693 libera
994 2659 1259 2694 humanitatem
1296 2659 1560 2703 candoremque
1586 2660 1760 2693 eximium

316 2709 484 2743 adversus
510 2719 565 2742 me
590 2707 833 2743 declararunt.
880 2707 944 2740 Pro
969 2707 1102 2752 quibus
1129 2713 1166 2740 et
1190 2709 1267 2752 ipse
1291 2707 1423 2751 gratias
1449 2705 1579 2746 debeo,
1607 2711 1644 2740 et
1666 2718 1759 2752 quo-

317 2762 396 2792 rum
424 2766 528 2792 aures
554 2755 612 2792 vel
636 2765 716 2791 sero
741 2764 784 2788 ea
817 2753 973 2789 narratio
998 2753 1180 2799 tetigerit,
1214 2754 1297 2789 illos
1332 2752 1608 2801 praedicabunt.
1656 2752 1760 2800 Quid
