1794 3158
426 162 499 202 An
543 162 911 207 CANTACUanl
948 163 1046 206 Lm.
1087 167 1124 207 1.
1372 146 1486 221 447

51 262 127 303 sed
148 263 349 303 castellum
361 261 500 305 Serras
523 264 601 302 sibi
616 265 866 305 commissum
889 267 1047 315 muniit,
1081 267 1125 306 in
1151 279 1294 322 eoque,
1316 274 1489 308 contem-

51 319 101 357 tis
130 319 212 357 illis
241 317 351 357 rebus
375 319 566 371 omnibus,
595 321 707 370 sedit,
740 321 861 360 donee
888 323 1050 361 senioris
1072 322 1320 377 imperatoris
1342 323 1488 363 obitum

14 380 18 386 ²
51 374 280 416 audivisset.
312 372 385 412 Ad
400 388 488 413 eum
511 375 618 415 enim
642 390 758 430 usque
774 379 1053 416 contentionem
1083 391 1254 432 aequam
1270 378 1484 428 iudicavit,

51 429 160 469 ultra
187 443 283 469 vero
323 428 503 483 iniquam
527 439 565 469 et
597 432 761 470 minime
773 432 1038 485 probandam.
1085 434 1336 489 Quapropter
1355 435 1489 474 statim

44 486 228 539 pactione
248 497 334 524 cum
356 485 507 523 iuniore
538 486 777 541 imperatore
782 487 906 537 facta
922 517 932 535 ,
953 488 1004 526 ab
1029 502 1148 543 eoque
1176 489 1384 544 magnifice
1413 489 1488 529 do-

49 548 176 591 natus,
193 540 390 580 castellum
413 539 584 592 dedidit,
606 555 654 580 ac
673 541 815 580 deinde
836 542 944 581 illius
968 543 1168 583 voluntate
1185 545 1304 584 etiam
1319 546 1489 599 eiprae-

32 596 127 648 suit
173 603 250 635 etc.
283 596 393 635 Haec
423 596 570 635 nostris
597 596 831 648 neutiquam
859 605 1123 637 consentanea
1154 606 1261 642 sunt.
1289 613 1460 644 Pon-rur.

161 651 271 704 Pag.
287 651 379 701 285,
394 665 430 705 7.
458 651 782 691 calamitate.
839 652 1049 702 Quaenam
1069 653 1271 694 calamitas
1303 655 1373 694 illa
1400 655 1489 695 fue-’-

24 706 104 745 ⁴rit
140 713 180 746 et
210 720 336 760 genus
378 707 518 744 mortis
549 706 657 756 eius,
699 707 898 760 Gregoras
925 707 988 747 his
1020 709 1153 748 verbis
1190 710 1340 762 aperit:
1385 711 1491 751 Pro-

48 762 296 801 tovestiarius
334 769 465 800 autem
491 759 748 801 Andronicus
774 762 834 800 ad
860 772 1010 818 tempus
1032 772 1069 803 et
1093 765 1175 818 ipse
1206 766 1406 820 despotam
1429 781 1492 805 se-

50 826 156 856 cutus
169 846 180 866 ‚
222 831 301 856 non
334 817 464 871 potuit
496 826 685 871 perpetuo
722 819 900 871 parasiti
930 833 1038 858 more
1070 820 1203 858 aliena
1235 821 1390 874 quadra
1426 822 1492 860 υἰ-

48 886 142 910 vere
156 900 168 920 ‚
197 881 240 911 ut
265 872 334 910 ille
351 900 363 922 ‚
388 870 460 910 sed
475 881 641 926 quantas
682 873 797 911 modo
817 887 931 928 opes,
968 875 1164 924 iumenta,
1205 877 1460 930 possessiones
1478 907 1491 928 ,

46 927 216 979 gloriam
237 941 323 966 cum
349 927 461 966 omni
483 941 551 980 spe
576 927 699 966 subito
727 929 929 976 amisisset,
963 943 1090 968 secum
1114 939 1320 984 reputans,
1352 939 1390 971 et
1419 933 1494 970 illa

47 984 169 1021 etiam
196 982 246 1021 de
265 995 390 1021 uxore
409 983 622 1035 suspicatus
637 983 789 1037 probra
803 1014 813 1031 ‚
838 985 977 1037 quibus
1009 985 1196 1039 captivae
1218 986 1398 1025 mulieres
1427 988 1494 1038 af-

28 1037 115 1093 fici
143 1037 194 1077 ab
224 1037 393 1077 hostibus
421 1038 563 1087 solent,
592 1052 694 1093 prae
725 1038 994 1093 desperatione
1021 1049 1060 1078 et
1094 1041 1283 1079 immenso
1318 1054 1496 1080 moerore

47 1093 93 1131 in
119 1093 212 1132 locis
231 1093 374 1132 alienis
415 1101 455 1131 et
483 1093 643 1132 desertis
678 1092 864 1132 oberrans
895 1096 1130 1148 exspiravit.
1176 1095 1369 1147 Stuprum
1402 1110 1497 1150 ergo

47 1149 181 1187 uxoris
213 1147 316 1198 suit,
349 1146 458 1200 quod
484 1148 788 1187 Cantacuzenus
817 1150 901 1187 ait:
934 1149 991 1204 τῷ
1012 1146 1304 1204 ἀπροσδοκήτῳ
1330 1151 1498 1204 πληγείς

47 1203 123 1255 τῆς
153 1200 407 1256 συμφορᾶς,
439 1197 496 1250 ὥς
524 1202 698 1256 ἐλέγετο.
731 1217 900 1243 PONTAN.

162 1256 377 1311 Pag.285,
397 1270 458 1296 10.
485 1257 707 1298 Asanem
745 1259 990 1298 Triballi.
1050 1259 1279 1312 Pugnantia
1306 1259 1369 1299 his
1397 1262 1497 1300 scri-

47 1311 109 1351 bit
136 1314 352 1367 Gregoras.
411 1312 590 1352 Michael
608 1313 746 1364 Asan‚
770 1315 924 1366 inquit,
955 1314 1144 1353 Prosiaci
1163 1315 1353 1369 oppidulo
1369 1317 1497 1368 fisti-

46 1377 187 1408 nanter
207 1377 392 1422 occupato
440 1369 648 1423 eiectisque
675 1369 889 1423 oppidanis
913 1368 1088 1424 firmato
1101 1400 1114 1419 ‚
1147 1378 1270 1409 tutum
1302 1371 1361 1409 ibi
1388 1385 1498 1411 rece-

40 1432 154 1480 ptum
176 1424 319 1464 habuit.
378 1422 508 1462 Paulo
537 1437 632 1462 vero
655 1432 771 1478 post,
788 1424 1057 1479 proditionem
1076 1425 1224 1463 veritus
1237 1454 1249 1476 ‚
1267 1438 1295 1464 a
1331 1425 1499 1467 Ser-viae

49 1480 166 1519 Crale
195 1478 442 1534 praesidium
486 1480 674 1518 accersit:
720 1480 786 1518 cui
817 1479 1007 1534 oppidulo
1039 1481 1240 1520 commisso
1268 1489 1307 1520 et
1333 1482 1415 1535 ipse
1443 1483 1503 1522 ad

47 1535 206 1575 Cralem
234 1535 344 1575 abiit.
373 1546 548 1573 PONTAN.

94 1582 100 1589 ⁴
154 1587 427 1642 Pag.286‚2.
455 1588 580 1627 duce
622 1589 984 1628 Constantino
1012 1588 1205 1628 Asane.
1263 1589 1462 1644 Gregoras
1483 1605 1496 1632 ε

42 1643 166 1684 Sexto
193 1645 258 1683 die
301 1651 458 1682 sanctae
497 1643 752 1682 hebdomadis
778 1644 1115 1698 quadragesimae
1149 1644 1350 1699 proelium
1390 1661 1499 1686 com-

41 1701 231 1740 miserunt
257 1700 458 1752 utriusque
506 1699 759 1753 imperatoris
804 1699 998 1738 exercitus
1040 1713 1168 1753 prope
1195 1699 1392 1739 BIaurum
1405 1701 1499 1757 flu-

44 1769 153 1803 men,
195 1755 284 1794 hinc
326 1754 578 1793 Constantino
608 1754 767 1802 Amne,
808 1753 898 1791 inde
931 1762 1214 1807 protostratore
1249 1754 1361 1794 duce.
1417 1757 1503 1797 Sed

38 1809 272 1849 adversarii
312 1811 511 1848 vicerunt.-
551 1823 573 1847 e
622 1808 766 1848 nostris
809 1817 937 1847 autem
987 1809 1211 1847 ceciderunt
1248 1810 1391 1849 milites
1420 1826 1500 1852 non

40 1865 211 1919 amplius
237 1865 367 1904 decem
396 1865 573 1912 tribuni,
598 1864 782 1918 plerique
815 1877 895 1902 una
936 1878 1027 1903 cum
1064 1865 1160 1902 duce
1188 1862 1322 1903 Asane
1361 1869 1471 1921 capti
1482 1897 1496 1917 ‚

41 1922 162 1959 ceteri
189 1921 352 1975 spoliati
387 1921 598 1972 infeliciter
639 1919 885 1969 Byzantium
914 1927 1196 1972 pervenerunt.
1250 1919 1338 1958 Non
1366 1921 1501 1974 plures

40 1974 179 2014 decem
207 1977 385 2024 occisos,
405 1976 468 2014 vix
497 1982 556 2014 est
583 1973 790 2013 credibile.
820 1974 877 2012 Et
904 1976 1031 2028 magis
1053 1988 1209 2029 semper
1239 1975 1323 2016 seni
1339 2004 1353 2027 ,
1376 1991 1501 2032 quam

40 2031 176 2071 iuveni
206 2031 436 2084 imperatori
465 2031 572 2069 favet
599 2030 664 2068 hic
692 2030 905 2082 Gregoras.
934 2043 1111 2074 pomum.

148 2085 450 2139 Pag.286‚22.
483 2083 534 2137 δὴ
569 2086 626 2127 Μ,
659 2099 777 2137 supra
808 2084 877 2125 lin.

149 2139 443 2195 Pag.287,24.
472 2137 578 2180 κατὰ
613 2137 761 2191 λόγους
790 2140 848 2177 Μ.

148 2197 255 2250 Pag.
275 2195 372 2246 288,
391 2209 454 2237 20.
486 2189 633 2247 σιργήν
667 2208 716 2234 τε
738 2189 951 2242 νλεζιανόν
979 2188 1053 2233 τὸν
1078 2193 1136 2236 Μ.

149 2250 411 2306 Pag.289‚8.
442 2249 687 2299 Βυζαντίων
715 2251 774 2289 Μ.
812 2256 851 2288 et
884 2249 988 2289 l.12.
1022 2248 1230 2300 λογιστέον
1258 2249 1316 2295 Μ,

150 2306 255 2360 Pag.
274 2320 371 2361 291,
391 2305 453 2357 14.
485 2304 787 2357 ἐπιλελῆσθαι,
818 2304 889 2344 καί
914 2299 1044 2344 αυ’τὸν
1071 2302 1212 2355 ὀλίγου
1242 2309 1302 2347 Μ.

149 2360 360 2415 fag-290,
381 2361 443 2401 ¹6.
480 2362 624 2399 homo
651 2370 790 2400 veste
818 2361 1008 2399 lacera.
1063 2359 1127 2399 De
1151 2359 1311 2403 duobus
1340 2360 1492 2417 Byzan—

38 2416 84 2456 tii
110 2417 384 2470 proditoribus
412 2415 517 2456 libro
547 2428 654 2455 nono
686 2417 880 2468 scriptum
905 2429 928 2454 a
951 2416 1131 2470 Gregora
1152 2415 1194 2452 in
1223 2418 1324 2458 haec
1344 2419 1489 2458 verba:

41 2472 153 2526 Quae
190 2487 276 2512 cum
317 2474 376 2511 ita
417 2486 456 2510 se
498 2472 706 2523 haberent,
744 2473 822 2511 duo
860 2471 1031 2510 custodes
1068 2470 1263 2513 moenium
1301 2475 1406 2514 urbis
1436 2474 1496 2513 ad

39 2528 233 2567 iuniorem
262 2529 538 2582 imperatorem
568 2529 612 2566 in
639 2541 684 2566 eo
699 2557 709 2575 ‚
741 2541 854 2583 quem
892 2527 1084 2574 diximus,
1129 2525 1212 2565 loco
1248 2538 1382 2568 castra
1410 2531 1488 2569 ha-

40 2581 188 2620 bentem
225 2584 509 2635 transfugiunt,
541 2586 696 2622 nomine
724 2584 827 2622 alter
851 2582 1038 2621 Camaris
1051 2610 1062 2630 ‚
1080 2580 1184 2620 alter
1221 2583 1485 2635 castellanus,

23 2636 227 2687 fabrilem
262 2647 387 2677 artem
423 2647 667 2677 exercentes:
707 2640 787 2692 qui,
819 2638 976 2676 seducto
1016 2638 1251 2691 imperatore
1265 2669 1275 2686 ,
1314 2641 1488 2678 omnibus

42 2691 199 2730 arbitris
238 2695 417 2742 remotis,
471 2694 743 2732 Cantaeuzeno
778 2707 921 2743 magno
959 2692 1169 2730 domestico
1209 2703 1393 2747 excepto,
1438 2693 1487 2731 de

37 2746 267 2800 proditione
295 2748 416 2787 verba
444 2749 610 2801 faciunt
657 2757 694 2787 et
719 2750 883 2802 scriptas
906 2746 1208 2801 pollicitationes
1230 2750 1486 2802 pecuniarum
