1800 3164
312 148 387 221 :18
847 166 1220 210 CANTACUZENJ

96 270 188 308 Ac.
210 273 296 318 1348
308 284 393 309 σων
424 262 572 321 αὖθις,
614 271 687 311 καί
715 270 864 324 ἐφίστη
894 267 994 318 τούς
1022 271 1399 324 ἐπιμελησομένους
1428 271 1534 327 πρὸς
1559 271 1611 315 τὰ
1641 270 1759 330 ἔργα.

307 332 344 375 οἱ
379 334 424 375 ἐν
450 336 490 375 Γ
488 337 622 391 αλατᾷ
651 336 696 375 δὲ
719 335 1028 390 εὐτυχεστάτην
1050 339 1288 388 νομίσαντες
1309 338 1465 394 ἐκείνην
1488 338 1562 394 τήν
1584 340 1760 395 ἡμέραν,
1793 354 1797 395 ζ

307 400 352 440 ἐν
383 393 412 455 ᾗ
440 399 649 441 τοσούτων
678 402 782 441 νεῶν
814 399 1049 456 ἐκράτησαν
1077 404 1284 455 πολεμίων
1302 437 1312 454 ,
1345 404 1468 446 οὐδὲν
1496 404 1622 446 av’roc'
1651 405 1759 447 εἷσε-
1787 399 1800 425 '²

304 464 514 519 νεγκόντες
535 462 637 518 πρὸς
656 464 733 519 τήν
761 459 904 520 ἧτταν,
934 462 1143 519 ἑώρταζον
1172 465 1249 509 οὐκ
1272 470 1452 511 ἐπινίκια
1477 469 1619 523 μόνον,
1649 470 1756 513 α’λλὰ

303 531 378 573 καί
403 530 608 586 σωτήρια.
666 533 799 573 πᾶσαι
838 530 920 587 γάρ
965 529 1105 582 αὐτοῖς
1145 535 1190 575 ἐν
1215 538 1345 591 στενῷ
1373 535 1417 577 αἱ
1446 538 1546 591 περὶ
1572 540 1648 578 τοῦ·
1677 531 1800 581 oui-5

305 601 456 649 ζεσθαι
484 599 738 652 κατέστησαν
763 600 939 649 ἐλπίδες.
998 602 1041 650 ἐς
1069 599 1145 655 την
1173 600 1404 654 ὑστεραίαν
1429 605 1477 644 δὲ
1498 603 1638 651 πάσας
1658 604 1760 658 ἐφο-

302 664 525 712 nalo-amm
570 663 647 713 τας
690 661 851 707 ἑαυτῶν
891 663 1074 723 τριήρεις
1112 669 1460 723 ἐστεφανωμένας
1489 666 1544 718 ῶς
1573 667 1644 710 ἐπί
1668 670 1759 726 νίκῃ

302 732 374 770 καί
407 730 721 785 ’κεκοσμημένας
760 732 997 786 ἐκπρεπῶς,
1044 732 1213 789 ἀντικρὺ
1251 735 1482 789 παρέπλεον
1521 736 1759 788 βασιλείων,

257 796 497 851 Βσύροντες
529 796 690 849 ἀτίμως
720 799 791 838 καί
814 796 890 846 τὰς
906 800 1127 851 βασιλικάς
1146 799 1343 854 σημαίας,
1374 797 1514 856 ὥσπερ
1539 800 1652 852 ἔθος,
1683 799 1758 850 τὰς

301 864 581 917 νενικημένας.
640 857 763 919 ᾤοντο
794 865 842 905 δὲ
869 866 1048 917 βασιλέα
1078 864 1184 920 πρὸς
1205 865 1282 921 τήν
1304 866 1569 922 δυσπραγίαν
1588 866 1662 908 καί
1680 865 1758 922 τὴν
1773 882 1800 910 κ

301 927 469 983 γνώμην
512 928 767 985 ἡττημένον,
813 930 962 972 αὐτίκα
1005 931 1326 987 καταθήσεσθαι
1368 932 1440 974 τὸν
1479 934 1661 986 πόλεμον
1686 933 1761 976 καὶ
1779 954 1800 978 ,·

300 995 515 1049 χωρήσειν
547 995 654 1050 πρὸς
684 996 762 1051 τήν
791 994 973 1053 εἰρήνην,
1002 1001 1343 1055 παραχωροῦντα
1367 1002 1444 1041 τοῦ
1465 1001 1646 1055 χωρίου.
1700 998 1758 1049 ῶς

303 1063 351 1102 δὲ
372 1060 536 1116 α’πήντα
564 1064 657 1104 κατ’
685 1064 859 1114 ἐλπίδας
889 1061 1029 1113 αὐτοῖς
1058 1067 1196 1118 ου’δὲν,
1227 1067 1319 1107 ἄλλ’
1347 1065 1649 1120 ἐπυνθάνοντο,
1677 1069 1757 1119 βα-

302 1132 421 1170 σιλέα
452 1122 579 1177 αὖθις
608 1131 1030 1184 παρασκευαζόμενον
1061 1131 1245 1186 τριήρεις
1275 1135 1579 1187 ναυπηγεῖσθαι
1598 1165 1611 1187 ,
1651 1135 1757 1185 πέμ-

299 1206 460 1249 ψαντες
499 1195 726 1250 πρεσβείαν
754 1197 906 1237 ἐκεῖνοι
937 1198 1166 1251 διελέγοντο
1195 1196 1295 1252 περί
1320 1199 1502 1253 εἰρήνης.
1557 1197 1630 1239 καί
1643 1199 1756 1254 πρῶ·
1774 1200 1800 1240 ii

299 1278 353 1304 τα
382 1264 460 1315 μὲν
488 1263 710 1317 ἐπειρῶντο
738 1264 967 1316 βασιλέως,
1002 1266 1042 1305 εἰ
1069 1259 1213 1313 αὐτοῖς
1245 1266 1523 1320 παραχωροίη
1552 1266 1632 1306 τοῦ
1669 1281 1758 1320 χω-

299 1327 420 1383 ρίου·
479 1326 535 1378 ῶς
565 1331 605 1370 δ’
633 1326 778 1384 ἑώρων
808 1329 1008 1382 οὐδαμῶς
1037 1332 1391 1386 ἐκπεπληγμένον,
1422 1331 1523 1372 οῦδὲ
1550 1330 1625 1385 τὴν
1651 1331 1757 1385 γνώ-

298 1411 384 1449 μην
413 1394 641 1449 ἡττημένον
651 1429 664 1448 ,
705 1391 813 1437 ἄλλα
843 1395 918 1450 τήν
945 1398 1025 1449 μὲν
1055 1398 1320 1451 δυσπραγίαν
1348 1396 1506 1452 ἐκείνην
1533 1399 1757 1451 νομίζοντα

300 1457 453 1515 ἑτέρων
482 1462 606 1502 τινῶν
635 1459 952 1516 ἁμαρτημάτων
983 1461 1221 1518 εἴσπραξιν,
1260 1462 1390 1506 αὐτὸν
1429 1465 1476 1506 δὲ
1507 1465 1581 1519 τῆς
1607 1464 1758 1518 προτέ-

174 1530 287 1576 P.747
302 1543 381 1582 ρας
407 1525 574 1581 γνώμης
607 1528 791 1583 ἀκριβῶς
820 1526 1033 1582 ἐχόμενον,
1052 1531 1125 1571 καί
1152 1529 1241 1571 οὔδ’
1260 1525 1335 1583 ἂν,
1365 1531 1405 1571 εἰ
1420 1530 1556 1586 μυρία
1583 1532 1800 1577 τοιαῦταας

300 1593 459 1647 γένοιτο
477 1626 489 1646 ,
519 1589 666 1635 ἑκόντα
696 1589 806 1636 εἶναι
832 1596 910 1635 τοῦ
935 1597 1097 1650 χωρίου
1126 1596 1517 1652 παραχωρήσοντα,
1550 1592 1759 1653 ἄλλ’ὄργῇ
1798 1633 1800 1637 .

301 1659 533 1715 φερόμενον
551 1661 712 1712 μᾶλλον
741 1661 846 1715 πρὸς
876 1659 951 1715 τήν
978 1657 1109 1716 ἧτταν
1129 1664 1203 1705 καί
1221 1661 1537 1719 προθυμότερον
1554 1661 1661 1718 πρὸς
1679 1660 1756 1718 τὴν
1798 1674 1800 1695 ῑ

300 1724 592 1780 παρασκευήν,
622 1723 761 1782 ὥσπερ
794 1723 890 1782 ἄρτι
917 1724 1008 1769 τότε
1036 1729 1200 1783 πρῶτον
1228 1730 1413 1784 ἡμμένον
1439 1730 1515 1770 τοῦ
1540 1730 1724 1781 πολέμου
1742 1763 1756 1782 ,

299 1790 520 1845 δείσαντες,
552 1790 612 1846 μή
631 1793 691 1841 εἰς
715 1790 843 1834 κακὸν
871 1794 1012 1843 αὕτοῖς
1040 1793 1066 1848 ἦ
1095 1793 1226 1849 πολλή
1256 1795 1489 1852 φιλονεικία
1516 1792 1756 1851 τελευτήσῃ,
1792 1802 1800 1831 ·:

390 1881 423 1913 3.
451 1880 648 1926 πολεμιιῦν
671 1880 719 1913 Μ.
746 1892 813 1926 mg.
919 1893 968 1916 12.
994 1875 1064 1924 τὴν
1088 1894 1159 1916 om.
1184 1883 1221 1916 P.

296 1970 406 2005 porro
433 1958 530 1992 diem
555 1959 661 1993 illum
680 1961 941 1995 faustissimum
966 1967 1210 2002 numerantes,
1235 1973 1307 2007 quo
1331 1967 1389 1996 tot
1415 1963 1574 1996 hostium
1601 1962 1754 1996 navibus
1788 1970 1800 2005 ‘f

295 2006 400 2039 nullo
417 2017 482 2040 suo
498 2005 624 2040 labore
650 2009 763 2052 potiti
789 2015 921 2048 essent,
947 2020 1021 2043 non
1049 2011 1163 2043 solum
1193 2009 1366 2052 epinicia,
1392 2010 1455 2043 sed
1477 2011 1627 2054 insuper
1656 2015 1756 2043 sote·
1795 2052 1800 2056 ³

296 2054 350 2086 ria
378 2052 628 2086 celebrabant.
677 2056 752 2087 lam
779 2057 876 2088 enim
904 2061 981 2090 tota
1005 2067 1086 2101 spes
1113 2056 1239 2089 salutis
1269 2056 1340 2089 levi
1368 2061 1553 2089 momento
1578 2056 1656 2090 illis
1682 2067 1750 2101 pe·
1794 2071 1800 2102 j

295 2097 486 2144 penderat.
539 2100 606 2132 Die
632 2104 801 2147 sequenti
832 2103 1002 2136 omnibus
1028 2103 1238 2136 triremibus
1267 2104 1341 2136 suis
1368 2103 1555 2137 instructis
1592 2108 1630 2135 et
1661 2108 1754 2136 tam-
1794 2103 1797 2119 ³

297 2157 408 2190 quam
434 2147 472 2178 in
497 2147 652 2180 victoria
686 2150 867 2182 coronatis
902 2150 1178 2195 elegantemque
1207 2150 1247 2182 in
1282 2150 1429 2184 modum
1455 2151 1666 2190 exornatis,
1707 2161 1754 2183 ex
1784 2151 1800 2188 -ξ

297 2192 449 2226 adverso
476 2193 604 2236 palatii
634 2205 774 2228 sursum
799 2207 839 2229 ac
863 2196 1030 2230 deorsum
1057 2198 1280 2242 navigantes,
1303 2198 1535 2241 imperatoria
1563 2198 1664 2241 signa
1689 2206 1754 2229 ca·
1792 2206 1800 2234 Α

295 2245 359 2285 pta
394 2240 441 2273 ad
466 2239 668 2274 ludibrium
685 2266 694 2282 ‚
733 2247 774 2275 ut
798 2254 874 2276 mos
908 2248 974 2283 est,
999 2244 1204 2278 trahebant.
1254 2245 1300 2277 Et
1321 2245 1575 2288 imperatorem
1603 2249 1753 2288 propter

298 2285 488 2320 adversum
506 2298 627 2320 casum
652 2290 763 2322 etiam
780 2290 902 2322 animo
929 2291 1173 2332 succubuisse,
1201 2293 1394 2337 statimque
1415 2292 1514 2324 bello
1537 2291 1673 2336 posito,
1688 2301 1751 2334 pa-
1789 2289 1800 2328 ι’

298 2344 376 2367 cem
417 2334 663 2379 expetiturum
699 2341 737 2368 et
771 2338 942 2380 spatium,
969 2336 1013 2370 de
1042 2349 1115 2382 quo
1141 2350 1267 2382 supra,
1305 2339 1378 2371 illis
1404 2338 1623 2372 donaturum
1652 2336 1753 2371 arbi·
1788 2341 1800 2382 ᾖ

295 2379 499 2414 trahantur.
562 2382 636 2415 Sed
669 2387 710 2414 ut
742 2390 841 2427 spem
872 2384 1020 2416 eventus
1058 2385 1212 2426 fefellit,
1251 2396 1408 2430 eumque
1441 2397 1552 2419 novas
1585 2384 1752 2418 triremes

297 2427 583 2473 compingendas
612 2428 786 2462 locavisse
811 2430 1053 2471 audiverunt,
1088 2443 1213 2475 pacem
1239 2444 1304 2476 per
1331 2433 1467 2477 legatos
1494 2436 1751 2477 poposcerunt.
1778 2440 1783 2447 ’

297 2475 349 2508 Ac
377 2476 535 2518 primum
570 2475 719 2520 quidem
752 2476 796 2509 de
832 2476 912 2510 loco
938 2476 1010 2509 sibi
1036 2480 1276 2524 relinquendo
1303 2482 1558 2523 imperatorem
1585 2483 1752 2512 tent-ave·
1798 2518 1800 2522 V

298 2526 403 2555 runt:
429 2532 538 2567 quem
568 2528 610 2555 ut
638 2523 861 2567 intrepidum
885 2529 921 2556 ct
943 2524 1065 2558 animo
1093 2527 1269 2559 invictum
1292 2532 1574 2571 putantemque,
1609 2525 1751 2558 tristem

298 2568 400 2600 illam
426 2568 612 2602 fortunam
644 2569 798 2602 aliorum
836 2571 1071 2614 quorumdam
1109 2573 1325 2605 delictorum
1348 2585 1426 2606 esse
1450 2572 1624 2617 pretium,
1651 2577 1688 2605 et
1712 2572 1752 2605 in
1787 2570 1800 2615 ξ

298 2616 422 2659 priore
448 2617 630 2649 sententia
654 2616 880 2650 immobilem
907 2617 1089 2658 viderunt,
1116 2631 1195 2659 nec,
1221 2621 1250 2652 si
1282 2620 1416 2652 millies
1443 2619 1533 2652 talia
1561 2620 1752 2664 continge·
1785 2627 1800 2681 3

297 2667 402 2702 rent,
431 2662 549 2696 locum
575 2664 649 2696 illis
676 2663 907 2702 donaturum,
947 2669 983 2697 et
1008 2665 1139 2698 iratum
1168 2668 1455 2711 frementemque
1482 2666 1619 2709 potius,
1652 2663 1753 2711 quod
1785 2680 1800 2710 v!

298 2709 434 2749 victus,
460 2714 497 2743 et
522 2709 567 2742 ad
601 2711 695 2743 vires
733 2711 948 2755 reparandas
973 2712 1207 2753 alacriorem,
1245 2713 1345 2745 velut
1369 2719 1443 2746 tum
1471 2713 1627 2756 primum
1655 2723 1752 2744 arma
1785 2709 1800 2770 ΞΣ

301 2757 572 2802 capessivisset‚
597 2762 823 2800 metuentes,
861 2770 907 2793 ne
933 2759 1004 2793 sibi
1040 2770 1166 2805 parum
1204 2759 1362 2794 feliciter
1399 2758 1543 2793 caderet
1577 2758 1751 2793 diuturna
1782 2767 1800 2805 '1⁴:7
