<?xml version="1.0" encoding="UTF-8"?>
<!DOCTYPE html PUBLIC "-//W3C//DTD XHTML 1.0 Transitional//EN"
    "http://www.w3.org/TR/xhtml1/DTD/xhtml1-transitional.dtd">
<html xmlns="http://www.w3.org/1999/xhtml" xml:lang="en" lang="en">
 <head>
  <title>
</title>
<meta http-equiv="Content-Type" content="text/html;charset=utf-8" />
  <meta name='ocr-system' content='tesseract 3.04.00' />
  <meta name='ocr-capabilities' content='ocr_page ocr_carea ocr_par ocr_line ocrx_word'/>
</head>
<body>
  <div class='ocr_page' id='page_1' title='image "./corpusscriptorum25niebuoft_0467.png"; bbox 0 0 1794 3158; ppageno 0'>
   <div class='ocr_carea' id='block_1_1' title="bbox 387 142 1470 218">
    <p class='ocr_par' dir='ltr' id='par_1_1' title="bbox 387 142 1470 218">
     <span class='ocr_line' id='line_1_1' title="bbox 387 142 1470 218; baseline -0.006 -14"><span class='ocrx_word' id='word_1_1' title='bbox 387 163 460 204; x_wconf 82' lang='lat' dir='ltr'>AD</span> <span class='ocrx_word' id='word_1_2' title='bbox 502 162 871 206; x_wconf 72' lang='lat' dir='ltr'>CANTAcuzml</span> <span class='ocrx_word' id='word_1_3' title='bbox 910 164 1010 204; x_wconf 77' lang='lat' dir='ltr'>mn.</span> <span class='ocrx_word' id='word_1_4' title='bbox 1039 164 1092 204; x_wconf 87' lang='lat'>11.</span> <span class='ocrx_word' id='word_1_5' title='bbox 1357 142 1470 218; x_wconf 71' lang='lat'>457</span> 
     </span>
    </p>
   </div>
   <div class='ocr_carea' id='block_1_2' title="bbox 0 261 1481 2792">
    <p class='ocr_par' dir='ltr' id='par_1_2' title="bbox 0 261 1479 539">
     <span class='ocr_line' id='line_1_2' title="bbox 0 261 1477 324; baseline 0 -22"><span class='ocrx_word' id='word_1_6' title='bbox 0 299 3 302; x_wconf 76' lang='grc'>,</span> <span class='ocrx_word' id='word_1_7' title='bbox 41 263 213 324; x_wconf 61' lang='lat' dir='ltr'>praeter·</span> <span class='ocrx_word' id='word_1_8' title='bbox 246 263 361 304; x_wconf 84' lang='lat' dir='ltr'>diras</span> <span class='ocrx_word' id='word_1_9' title='bbox 393 264 491 304; x_wconf 83' lang='lat' dir='ltr'>illas</span> <span class='ocrx_word' id='word_1_10' title='bbox 525 273 569 303; x_wconf 82' lang='grc' dir='ltr'>ιιτ</span> <span class='ocrx_word' id='word_1_11' title='bbox 591 265 715 304; x_wconf 83' lang='lat' dir='ltr'>eciam</span> <span class='ocrx_word' id='word_1_12' title='bbox 750 264 884 319; x_wconf 80' lang='lat' dir='ltr'>capite</span> <span class='ocrx_word' id='word_1_13' title='bbox 909 263 1163 318; x_wconf 76' lang='lat' dir='ltr'>plecteretur·-</span> <span class='ocrx_word' id='word_1_14' title='bbox 1221 261 1315 302; x_wconf 84' lang='lat' dir='ltr'>Non</span> <span class='ocrx_word' id='word_1_15' title='bbox 1342 269 1477 302; x_wconf 85' lang='lat' dir='ltr'>tamen</span> 
     </span>
     <span class='ocr_line' id='line_1_3' title="bbox 7 317 1479 372; baseline -0.002 -13"><span class='ocrx_word' id='word_1_16' title='bbox 7 332 10 334; x_wconf 85' lang='lat'>·</span> <span class='ocrx_word' id='word_1_17' title='bbox 44 321 194 360; x_wconf 80' lang='lat' dir='ltr'>mansit</span> <span class='ocrx_word' id='word_1_18' title='bbox 220 320 260 358; x_wconf 91' lang='lat' dir='ltr'>in</span> <span class='ocrx_word' id='word_1_19' title='bbox 289 319 379 367; x_wconf 82' lang='lat' dir='ltr'>fide,</span> <span class='ocrx_word' id='word_1_20' title='bbox 411 326 450 358; x_wconf 91' lang='lat' dir='ltr'>et</span> <span class='ocrx_word' id='word_1_21' title='bbox 477 319 706 358; x_wconf 88' lang='lat' dir='ltr'>interfectus</span> <span class='ocrx_word' id='word_1_22' title='bbox 733 326 815 369; x_wconf 81' lang='lat' dir='ltr'>est,</span> <span class='ocrx_word' id='word_1_23' title='bbox 843 326 1047 372; x_wconf 82' lang='lat' dir='ltr'><strong>tamquam</strong></span> <span class='ocrx_word' id='word_1_24' title='bbox 1077 317 1262 371; x_wconf 83' lang='lat' dir='ltr'>perfidus,</span> <span class='ocrx_word' id='word_1_25' title='bbox 1287 324 1333 356; x_wconf 90' lang='lat' dir='ltr'>ut</span> <span class='ocrx_word' id='word_1_26' title='bbox 1359 318 1479 357; x_wconf 84' lang='lat' dir='ltr'>doee-</span> 
     </span>
     <span class='ocr_line' id='line_1_4' title="bbox 0 371 1476 432; baseline -0.003 -17"><span class='ocrx_word' id='word_1_27' title='bbox 0 372 3 432; x_wconf 56' lang='grc' dir='ltr'><em>ζ</em></span> <span class='ocrx_word' id='word_1_28' title='bbox 47 374 159 415; x_wconf 79' lang='lat' dir='ltr'>bitur</span> <span class='ocrx_word' id='word_1_29' title='bbox 187 388 273 427; x_wconf 89' lang='lat' dir='ltr'>cap.</span> <span class='ocrx_word' id='word_1_30' title='bbox 302 375 367 414; x_wconf 81' lang='lat'>25-</span> <span class='ocrx_word' id='word_1_31' title='bbox 427 374 480 413; x_wconf 90' lang='lat' dir='ltr'>Et</span> <span class='ocrx_word' id='word_1_32' title='bbox 510 388 630 427; x_wconf 89' lang='lat' dir='ltr'>quem</span> <span class='ocrx_word' id='word_1_33' title='bbox 652 375 769 414; x_wconf 83' lang='lat' dir='ltr'>Xena</span> <span class='ocrx_word' id='word_1_34' title='bbox 798 375 878 413; x_wconf 91' lang='lat' dir='ltr'>iam</span> <span class='ocrx_word' id='word_1_35' title='bbox 919 374 1152 413; x_wconf 81' lang='lat' dir='ltr'>devoratum</span> <span class='ocrx_word' id='word_1_36' title='bbox 1186 371 1300 422; x_wconf 86' lang='lat' dir='ltr'>vult,</span> <span class='ocrx_word' id='word_1_37' title='bbox 1341 380 1476 425; x_wconf 86' lang='lat' dir='ltr'>postea</span> 
     </span>
     <span class='ocr_line' id='line_1_5' title="bbox 48 427 1477 483; baseline -0.001 -14"><span class='ocrx_word' id='word_1_38' title='bbox 48 430 228 483; x_wconf 83' lang='lat' dir='ltr'>adoptat,</span> <span class='ocrx_word' id='word_1_39' title='bbox 257 429 371 483; x_wconf 87' lang='lat' dir='ltr'>eique</span> <span class='ocrx_word' id='word_1_40' title='bbox 398 443 441 468; x_wconf 90' lang='lat' dir='ltr'>se</span> <span class='ocrx_word' id='word_1_41' title='bbox 466 436 593 469; x_wconf 87' lang='lat' dir='ltr'>totam</span> <span class='ocrx_word' id='word_1_42' title='bbox 623 429 848 478; x_wconf 83' lang='lat' dir='ltr'><strong>committit,</strong></span> <span class='ocrx_word' id='word_1_43' title='bbox 880 435 926 468; x_wconf 90' lang='lat' dir='ltr'>ut</span> <span class='ocrx_word' id='word_1_44' title='bbox 953 435 1012 469; x_wconf 86' lang='lat' dir='ltr'>est</span> <span class='ocrx_word' id='word_1_45' title='bbox 1037 429 1146 483; x_wconf 87' lang='lat' dir='ltr'>apud</span> <span class='ocrx_word' id='word_1_46' title='bbox 1172 427 1357 469; x_wconf 85' lang='lat' dir='ltr'>eumdem</span> <span class='ocrx_word' id='word_1_47' title='bbox 1377 429 1477 468; x_wconf 87' lang='lat' dir='ltr'>Gre-</span> 
     </span>
     <span class='ocr_line' id='line_1_6' title="bbox 49 497 402 539; baseline -0.006 -15"><span class='ocrx_word' id='word_1_48' title='bbox 49 497 201 539; x_wconf 82' lang='lat' dir='ltr'>goram.</span> <span class='ocrx_word' id='word_1_49' title='bbox 231 498 402 526; x_wconf 59' lang='lat' dir='ltr'>ronna.</span> 
     </span>
    </p>

    <p class='ocr_par' dir='ltr' id='par_1_3' title="bbox 155 537 793 592">
     <span class='ocr_line' id='line_1_7' title="bbox 155 537 793 592; baseline 0.005 -14"><span class='ocrx_word' id='word_1_50' title='bbox 155 539 370 592; x_wconf 80' lang='lat' dir='ltr'>Pag.537‚</span> <span class='ocrx_word' id='word_1_51' title='bbox 398 538 458 581; x_wconf 79' lang='lat'>13.</span> <span class='ocrx_word' id='word_1_52' title='bbox 492 537 592 590; x_wconf 77' lang='grc' dir='ltr'><em>ἐρᾶν</em></span> <span class='ocrx_word' id='word_1_53' title='bbox 623 540 681 577; x_wconf 90' lang='grc' dir='ltr'>Μ.</span> <span class='ocrx_word' id='word_1_54' title='bbox 714 551 793 590; x_wconf 83' lang='lat' dir='ltr'>mg.</span> 
     </span>
    </p>

    <p class='ocr_par' dir='ltr' id='par_1_4' title="bbox 157 592 971 648">
     <span class='ocr_line' id='line_1_8' title="bbox 157 592 971 648; baseline 0.001 -15"><span class='ocrx_word' id='word_1_55' title='bbox 157 593 261 646; x_wconf 82' lang='lat' dir='ltr'>Pag.</span> <span class='ocrx_word' id='word_1_56' title='bbox 281 593 376 644; x_wconf 80' lang='lat'>358,</span> <span class='ocrx_word' id='word_1_57' title='bbox 401 607 464 648; x_wconf 85' lang='lat'>¹7·</span> <span class='ocrx_word' id='word_1_58' title='bbox 494 592 686 632; x_wconf 71' lang='grc' dir='ltr'><em>ἀναθεῖεν</em></span> <span class='ocrx_word' id='word_1_59' title='bbox 714 595 770 634; x_wconf 92' lang='grc' dir='ltr'>Μ.</span> <span class='ocrx_word' id='word_1_60' title='bbox 800 605 971 646; x_wconf 88' lang='lat' dir='ltr'>quoque.</span> 
     </span>
    </p>

    <p class='ocr_par' dir='ltr' id='par_1_5' title="bbox 155 641 925 701">
     <span class='ocr_line' id='line_1_9' title="bbox 155 641 925 701; baseline 0.003 -13"><span class='ocrx_word' id='word_1_61' title='bbox 155 648 257 701; x_wconf 84' lang='lat' dir='ltr'>Pag.</span> <span class='ocrx_word' id='word_1_62' title='bbox 278 649 375 701; x_wconf 77' lang='lat'>359,</span> <span class='ocrx_word' id='word_1_63' title='bbox 391 647 432 688; x_wconf 87' lang='grc'>8.</span> <span class='ocrx_word' id='word_1_64' title='bbox 464 641 484 685; x_wconf 81' lang='grc' dir='ltr'>ὅ</span> <span class='ocrx_word' id='word_1_65' title='bbox 514 648 643 699; x_wconf 80' lang='grc' dir='ltr'><em>μέγας</em></span> <span class='ocrx_word' id='word_1_66' title='bbox 668 647 715 686; x_wconf 82' lang='grc' dir='ltr'>δὲ</span> <span class='ocrx_word' id='word_1_67' title='bbox 745 646 839 697; x_wconf 61' lang='lat' dir='ltr'>crepa.</span> <span class='ocrx_word' id='word_1_68' title='bbox 865 649 925 690; x_wconf 89' lang='lat' dir='ltr'>M.</span> 
     </span>
    </p>

    <p class='ocr_par' dir='ltr' id='par_1_6' title="bbox 10 698 1478 973">
     <span class='ocr_line' id='line_1_10' title="bbox 154 698 1476 758; baseline 0.002 -16"><span class='ocrx_word' id='word_1_69' title='bbox 154 704 257 756; x_wconf 83' lang='lat' dir='ltr'>Pag.</span> <span class='ocrx_word' id='word_1_70' title='bbox 279 703 374 756; x_wconf 78' lang='lat'>339,</span> <span class='ocrx_word' id='word_1_71' title='bbox 401 716 467 742; x_wconf 80' lang='lat'>12.</span> <span class='ocrx_word' id='word_1_72' title='bbox 495 703 576 741; x_wconf 78' lang='grc' dir='ltr'>τῶν</span> <span class='ocrx_word' id='word_1_73' title='bbox 596 702 742 741; x_wconf 79' lang='grc' dir='ltr'><em>κοινῶν</em></span> <span class='ocrx_word' id='word_1_74' title='bbox 760 698 1016 753; x_wconf 80' lang='grc' dir='ltr'><em>πραγμάτων</em></span> <span class='ocrx_word' id='word_1_75' title='bbox 1033 698 1252 755; x_wconf 74' lang='grc' dir='ltr'><em>διοικητὴς.</em></span> <span class='ocrx_word' id='word_1_76' title='bbox 1279 703 1353 743; x_wconf 88' lang='lat' dir='ltr'>Est</span> <span class='ocrx_word' id='word_1_77' title='bbox 1370 704 1476 758; x_wconf 86' lang='lat' dir='ltr'>apud</span> 
     </span>
     <span class='ocr_line' id='line_1_11' title="bbox 45 756 1478 810; baseline 0.001 -13"><span class='ocrx_word' id='word_1_78' title='bbox 45 771 118 799; x_wconf 86' lang='lat' dir='ltr'>nos</span> <span class='ocrx_word' id='word_1_79' title='bbox 147 757 420 807; x_wconf 82' lang='lat' dir='ltr'>cancellarius3</span> <span class='ocrx_word' id='word_1_80' title='bbox 450 758 584 810; x_wconf 86' lang='lat' dir='ltr'>itaque</span> <span class='ocrx_word' id='word_1_81' title='bbox 612 756 880 810; x_wconf 84' lang='lat' dir='ltr'>explicationis</span> <span class='ocrx_word' id='word_1_82' title='bbox 906 771 1025 797; x_wconf 86' lang='lat' dir='ltr'>causa</span> <span class='ocrx_word' id='word_1_83' title='bbox 1051 772 1177 810; x_wconf 89' lang='lat' dir='ltr'>paene</span> <span class='ocrx_word' id='word_1_84' title='bbox 1204 758 1281 798; x_wconf 89' lang='lat' dir='ltr'>hoc</span> <span class='ocrx_word' id='word_1_85' title='bbox 1309 760 1478 799; x_wconf 90' lang='lat' dir='ltr'>verbum</span> 
     </span>
     <span class='ocr_line' id='line_1_12' title="bbox 47 808 1473 865; baseline 0.001 -14"><span class='ocrx_word' id='word_1_86' title='bbox 47 813 185 854; x_wconf 85' lang='lat' dir='ltr'>adieci.</span> <span class='ocrx_word' id='word_1_87' title='bbox 242 813 324 863; x_wconf 88' lang='lat' dir='ltr'>Qui</span> <span class='ocrx_word' id='word_1_88' title='bbox 352 812 500 852; x_wconf 81' lang='lat' dir='ltr'>fuerint</span> <span class='ocrx_word' id='word_1_89' title='bbox 525 810 826 862; x_wconf 81' lang='grc' dir='ltr'><em>μεσιτεύοντες,</em></span> <span class='ocrx_word' id='word_1_90' title='bbox 858 808 1105 861; x_wconf 78' lang='grc' dir='ltr'><em>μεσάζοντες</em></span> <span class='ocrx_word' id='word_1_91' title='bbox 1131 816 1216 860; x_wconf 81' lang='grc' dir='ltr'><strong><em>τοῖς</em></strong></span> <span class='ocrx_word' id='word_1_92' title='bbox 1242 811 1473 865; x_wconf 73' lang='grc' dir='ltr'><em>πράγμασι,</em></span> 
     </span>
     <span class='ocr_line' id='line_1_13' title="bbox 44 864 1477 922; baseline 0.002 -17"><span class='ocrx_word' id='word_1_93' title='bbox 44 870 127 908; x_wconf 72' lang='grc' dir='ltr'>τῶν</span> <span class='ocrx_word' id='word_1_94' title='bbox 155 864 410 920; x_wconf 78' lang='grc' dir='ltr'><em>πραγμάτων</em></span> <span class='ocrx_word' id='word_1_95' title='bbox 435 866 510 906; x_wconf 81' lang='grc' dir='ltr'>τοῦ</span> <span class='ocrx_word' id='word_1_96' title='bbox 537 867 754 917; x_wconf 74' lang='grc' dir='ltr'><em>βασιλέως,</em></span> <span class='ocrx_word' id='word_1_97' title='bbox 767 875 813 907; x_wconf 88' lang='lat' dir='ltr'>ut</span> <span class='ocrx_word' id='word_1_98' title='bbox 838 866 901 906; x_wconf 87' lang='lat' dir='ltr'>his</span> <span class='ocrx_word' id='word_1_99' title='bbox 932 866 1043 907; x_wconf 88' lang='lat' dir='ltr'>libris</span> <span class='ocrx_word' id='word_1_100' title='bbox 1060 882 1248 922; x_wconf 86' lang='lat' dir='ltr'>persaepe</span> <span class='ocrx_word' id='word_1_101' title='bbox 1264 870 1477 908; x_wconf 80' lang='lat' dir='ltr'>nominan-</span> 
     </span>
     <span class='ocr_line' id='line_1_14' title="bbox 10 921 658 973; baseline -0.003 -11"><span class='ocrx_word' id='word_1_102' title='bbox 10 965 13 969; x_wconf 57' lang='grc'><strong><em>,</em></strong></span> <span class='ocrx_word' id='word_1_103' title='bbox 45 928 130 973; x_wconf 75' lang='lat' dir='ltr'>tur,</span> <span class='ocrx_word' id='word_1_104' title='bbox 162 923 264 962; x_wconf 85' lang='lat' dir='ltr'>infra</span> <span class='ocrx_word' id='word_1_105' title='bbox 294 921 458 962; x_wconf 82' lang='lat' dir='ltr'>dicetur.</span> <span class='ocrx_word' id='word_1_106' title='bbox 490 935 658 961; x_wconf 67' lang='lat' dir='ltr'>rom-An.</span> 
     </span>
    </p>

    <p class='ocr_par' dir='ltr' id='par_1_7' title="bbox 34 976 1481 1843">
     <span class='ocr_line' id='line_1_15' title="bbox 154 976 1477 1031; baseline 0.001 -14"><span class='ocrx_word' id='word_1_107' title='bbox 154 977 454 1031; x_wconf 76' lang='lat' dir='ltr'><strong>Pag·539‚21·</strong></span> <span class='ocrx_word' id='word_1_108' title='bbox 486 977 801 1031; x_wconf 81' lang='lat' dir='ltr'><em>principem</em></span> <span class='ocrx_word' id='word_1_109' title='bbox 836 976 1112 1030; x_wconf 77' lang='lat' dir='ltr'>Phrygiae</span> <span class='ocrx_word' id='word_1_110' title='bbox 1153 978 1477 1018; x_wconf 75' lang='lat' dir='ltr'>Tamercba-</span> 
     </span>
     <span class='ocr_line' id='line_1_16' title="bbox 43 1031 1476 1086; baseline 0 -14"><span class='ocrx_word' id='word_1_111' title='bbox 43 1045 174 1073; x_wconf 81' lang='lat' dir='ltr'>nem.</span> <span class='ocrx_word' id='word_1_112' title='bbox 215 1033 384 1083; x_wconf 89' lang='lat' dir='ltr'>Tureae,</span> <span class='ocrx_word' id='word_1_113' title='bbox 418 1045 499 1070; x_wconf 89' lang='lat' dir='ltr'>non</span> <span class='ocrx_word' id='word_1_114' title='bbox 529 1046 551 1070; x_wconf 89' lang='lat' dir='ltr'>e</span> <span class='ocrx_word' id='word_1_115' title='bbox 577 1032 775 1079; x_wconf 88' lang='lat' dir='ltr'>Tartaria‚</span> <span class='ocrx_word' id='word_1_116' title='bbox 807 1031 876 1070; x_wconf 93' lang='lat' dir='ltr'>sed</span> <span class='ocrx_word' id='word_1_117' title='bbox 905 1045 927 1070; x_wconf 92' lang='lat' dir='ltr'>e</span> <span class='ocrx_word' id='word_1_118' title='bbox 955 1032 1118 1073; x_wconf 82' lang='lat' dir='ltr'>Perside</span> <span class='ocrx_word' id='word_1_119' title='bbox 1146 1032 1250 1086; x_wconf 91' lang='lat' dir='ltr'>pulsi</span> <span class='ocrx_word' id='word_1_120' title='bbox 1279 1047 1302 1072; x_wconf 90' lang='lat' dir='ltr'>a</span> <span class='ocrx_word' id='word_1_121' title='bbox 1332 1035 1476 1073; x_wconf 89' lang='lat' dir='ltr'>Tarta-</span> 
     </span>
     <span class='ocr_line' id='line_1_17' title="bbox 42 1087 1481 1142; baseline 0.001 -16"><span class='ocrx_word' id='word_1_122' title='bbox 42 1088 129 1139; x_wconf 86' lang='lat' dir='ltr'>ris‚</span> <span class='ocrx_word' id='word_1_123' title='bbox 159 1088 201 1126; x_wconf 89' lang='lat' dir='ltr'>in</span> <span class='ocrx_word' id='word_1_124' title='bbox 233 1087 371 1126; x_wconf 84' lang='lat' dir='ltr'>Asiam</span> <span class='ocrx_word' id='word_1_125' title='bbox 408 1087 603 1126; x_wconf 83' lang='lat' dir='ltr'>minorem</span> <span class='ocrx_word' id='word_1_126' title='bbox 634 1089 974 1140; x_wconf 85' lang='lat' dir='ltr'>commigrarunt,</span> <span class='ocrx_word' id='word_1_127' title='bbox 1017 1103 1139 1142; x_wconf 89' lang='lat' dir='ltr'>quam</span> <span class='ocrx_word' id='word_1_128' title='bbox 1179 1102 1286 1127; x_wconf 91' lang='lat' dir='ltr'>nunc</span> <span class='ocrx_word' id='word_1_129' title='bbox 1319 1088 1481 1128; x_wconf 88' lang='lat' dir='ltr'>Anato—</span> 
     </span>
     <span class='ocr_line' id='line_1_18' title="bbox 42 1141 1475 1195; baseline 0 -13"><span class='ocrx_word' id='word_1_130' title='bbox 42 1141 137 1182; x_wconf 80' lang='lat' dir='ltr'>liam</span> <span class='ocrx_word' id='word_1_131' title='bbox 170 1149 327 1181; x_wconf 80' lang='lat' dir='ltr'>vocant.</span> <span class='ocrx_word' id='word_1_132' title='bbox 358 1141 517 1195; x_wconf 89' lang='lat' dir='ltr'>Septem</span> <span class='ocrx_word' id='word_1_133' title='bbox 543 1141 664 1181; x_wconf 88' lang='lat' dir='ltr'>duces</span> <span class='ocrx_word' id='word_1_134' title='bbox 696 1156 784 1181; x_wconf 89' lang='lat' dir='ltr'>eam</span> <span class='ocrx_word' id='word_1_135' title='bbox 810 1141 1014 1181; x_wconf 81' lang='lat' dir='ltr'>subactam</span> <span class='ocrx_word' id='word_1_136' title='bbox 1047 1145 1153 1182; x_wconf 90' lang='lat' dir='ltr'>inter</span> <span class='ocrx_word' id='word_1_137' title='bbox 1175 1157 1217 1181; x_wconf 90' lang='lat' dir='ltr'>se</span> <span class='ocrx_word' id='word_1_138' title='bbox 1237 1143 1475 1195; x_wconf 79' lang='lat' dir='ltr'>diviserunt,</span> 
     </span>
     <span class='ocr_line' id='line_1_19' title="bbox 41 1197 1477 1253; baseline 0.001 -17"><span class='ocrx_word' id='word_1_139' title='bbox 41 1204 88 1236; x_wconf 80' lang='lat' dir='ltr'>ut</span> <span class='ocrx_word' id='word_1_140' title='bbox 115 1197 171 1237; x_wconf 88' lang='lat' dir='ltr'>ait</span> <span class='ocrx_word' id='word_1_141' title='bbox 199 1197 409 1239; x_wconf 85' lang='lat' dir='ltr'>Laonieus.</span> <span class='ocrx_word' id='word_1_142' title='bbox 455 1197 676 1236; x_wconf 77' lang='lat' dir='ltr'>Cal-amano</span> <span class='ocrx_word' id='word_1_143' title='bbox 703 1197 933 1249; x_wconf 85' lang='lat' dir='ltr'>obtigerunt</span> <span class='ocrx_word' id='word_1_144' title='bbox 960 1198 1248 1238; x_wconf 84' lang='lat' dir='ltr'>mediterranea</span> <span class='ocrx_word' id='word_1_145' title='bbox 1276 1199 1477 1253; x_wconf 85' lang='lat' dir='ltr'>Phrygiae</span> 
     </span>
     <span class='ocr_line' id='line_1_20' title="bbox 41 1251 1477 1307; baseline 0 -15"><span class='ocrx_word' id='word_1_146' title='bbox 41 1254 204 1293; x_wconf 85' lang='lat' dir='ltr'>maioris</span> <span class='ocrx_word' id='word_1_147' title='bbox 231 1266 323 1291; x_wconf 91' lang='lat' dir='ltr'>cum</span> <span class='ocrx_word' id='word_1_148' title='bbox 353 1251 517 1291; x_wconf 82' lang='lat' dir='ltr'>Cilicia:</span> <span class='ocrx_word' id='word_1_149' title='bbox 548 1254 660 1291; x_wconf 89' lang='lat' dir='ltr'>euius</span> <span class='ocrx_word' id='word_1_150' title='bbox 687 1265 710 1290; x_wconf 92' lang='lat' dir='ltr'>a</span> <span class='ocrx_word' id='word_1_151' title='bbox 738 1252 898 1290; x_wconf 88' lang='lat' dir='ltr'>nomine</span> <span class='ocrx_word' id='word_1_152' title='bbox 926 1265 1027 1303; x_wconf 88' lang='lat' dir='ltr'>quae</span> <span class='ocrx_word' id='word_1_153' title='bbox 1054 1255 1166 1307; x_wconf 90' lang='lat' dir='ltr'>prius</span> <span class='ocrx_word' id='word_1_154' title='bbox 1195 1252 1332 1292; x_wconf 86' lang='lat' dir='ltr'>Cilicia</span> <span class='ocrx_word' id='word_1_155' title='bbox 1349 1283 1360 1301; x_wconf 91' lang='lat'>,</span> <span class='ocrx_word' id='word_1_156' title='bbox 1400 1268 1477 1306; x_wconf 80' lang='lat' dir='ltr'>po·-</span> 
     </span>
     <span class='ocr_line' id='line_1_21' title="bbox 40 1305 1474 1359; baseline 0 -12"><span class='ocrx_word' id='word_1_157' title='bbox 40 1314 125 1347; x_wconf 76' lang='lat' dir='ltr'>stea</span> <span class='ocrx_word' id='word_1_158' title='bbox 152 1308 387 1346; x_wconf 82' lang='lat' dir='ltr'>Caramania</span> <span class='ocrx_word' id='word_1_159' title='bbox 418 1307 492 1345; x_wconf 90' lang='lat' dir='ltr'>fuit</span> <span class='ocrx_word' id='word_1_160' title='bbox 522 1307 626 1346; x_wconf 90' lang='lat' dir='ltr'>dicta</span> <span class='ocrx_word' id='word_1_161' title='bbox 666 1313 705 1346; x_wconf 91' lang='lat' dir='ltr'>et</span> <span class='ocrx_word' id='word_1_162' title='bbox 731 1320 857 1359; x_wconf 89' lang='lat' dir='ltr'>usque</span> <span class='ocrx_word' id='word_1_163' title='bbox 895 1305 1016 1346; x_wconf 90' lang='lat' dir='ltr'>hodie</span> <span class='ocrx_word' id='word_1_164' title='bbox 1055 1309 1216 1348; x_wconf 86' lang='lat' dir='ltr'>dicitur.</span> <span class='ocrx_word' id='word_1_165' title='bbox 1282 1307 1474 1347; x_wconf 88' lang='lat' dir='ltr'>Sarehani</span> 
     </span>
     <span class='ocr_line' id='line_1_22' title="bbox 40 1361 1476 1416; baseline 0 -14"><span class='ocrx_word' id='word_1_166' title='bbox 40 1375 126 1402; x_wconf 80' lang='lat' dir='ltr'>sors</span> <span class='ocrx_word' id='word_1_167' title='bbox 153 1364 392 1401; x_wconf 80' lang='lat' dir='ltr'>maritimam</span> <span class='ocrx_word' id='word_1_168' title='bbox 420 1362 555 1400; x_wconf 87' lang='lat' dir='ltr'>Ioniae</span> <span class='ocrx_word' id='word_1_169' title='bbox 574 1363 774 1415; x_wconf 85' lang='lat' dir='ltr'>regionem</span> <span class='ocrx_word' id='word_1_170' title='bbox 792 1362 1003 1414; x_wconf 84' lang='lat' dir='ltr'>Smyrnam</span> <span class='ocrx_word' id='word_1_171' title='bbox 1025 1365 1153 1416; x_wconf 82' lang='lat' dir='ltr'>usque</span> <span class='ocrx_word' id='word_1_172' title='bbox 1171 1361 1337 1402; x_wconf 80' lang='lat' dir='ltr'><strong>tribuit:</strong></span> <span class='ocrx_word' id='word_1_173' title='bbox 1368 1364 1476 1402; x_wconf 83' lang='lat' dir='ltr'>unde</span> 
     </span>
     <span class='ocr_line' id='line_1_23' title="bbox 43 1416 1476 1470; baseline 0.001 -14"><span class='ocrx_word' id='word_1_174' title='bbox 43 1416 284 1456; x_wconf 85' lang='lat' dir='ltr'>Sarchaniae</span> <span class='ocrx_word' id='word_1_175' title='bbox 311 1430 456 1455; x_wconf 89' lang='lat' dir='ltr'>nomen</span> <span class='ocrx_word' id='word_1_176' title='bbox 485 1424 543 1455; x_wconf 87' lang='lat' dir='ltr'>est</span> <span class='ocrx_word' id='word_1_177' title='bbox 569 1417 720 1470; x_wconf 84' lang='lat' dir='ltr'>adepta.</span> <span class='ocrx_word' id='word_1_178' title='bbox 780 1416 931 1454; x_wconf 83' lang='lat' dir='ltr'>Calami</span> <span class='ocrx_word' id='word_1_179' title='bbox 959 1424 998 1456; x_wconf 89' lang='lat' dir='ltr'>et</span> <span class='ocrx_word' id='word_1_180' title='bbox 1025 1417 1108 1458; x_wconf 85' lang='lat' dir='ltr'>filio</span> <span class='ocrx_word' id='word_1_181' title='bbox 1145 1419 1282 1458; x_wconf 87' lang='lat' dir='ltr'>Carasi</span> <span class='ocrx_word' id='word_1_182' title='bbox 1310 1418 1476 1458; x_wconf 90' lang='lat' dir='ltr'>obvenit</span> 
     </span>
     <span class='ocr_line' id='line_1_24' title="bbox 41 1471 1475 1526; baseline 0.001 -15"><span class='ocrx_word' id='word_1_183' title='bbox 41 1472 170 1525; x_wconf 88' lang='lat' dir='ltr'>Lydia</span> <span class='ocrx_word' id='word_1_184' title='bbox 196 1486 322 1524; x_wconf 90' lang='lat' dir='ltr'>usque</span> <span class='ocrx_word' id='word_1_185' title='bbox 360 1471 411 1510; x_wconf 85' lang='lat' dir='ltr'>ad</span> <span class='ocrx_word' id='word_1_186' title='bbox 452 1473 647 1525; x_wconf 85' lang='lat' dir='ltr'>Mysiam:</span> <span class='ocrx_word' id='word_1_187' title='bbox 692 1485 794 1525; x_wconf 88' lang='lat' dir='ltr'>quae</span> <span class='ocrx_word' id='word_1_188' title='bbox 825 1471 935 1524; x_wconf 84' lang='lat' dir='ltr'>regio</span> <span class='ocrx_word' id='word_1_189' title='bbox 962 1472 1123 1513; x_wconf 88' lang='lat' dir='ltr'>Carasia</span> <span class='ocrx_word' id='word_1_190' title='bbox 1152 1474 1227 1512; x_wconf 86' lang='lat' dir='ltr'>fuit</span> <span class='ocrx_word' id='word_1_191' title='bbox 1264 1472 1475 1526; x_wconf 83' lang='lat' dir='ltr'>appellata.</span> 
     </span>
     <span class='ocr_line' id='line_1_25' title="bbox 39 1526 1475 1581; baseline 0 -15"><span class='ocrx_word' id='word_1_192' title='bbox 39 1527 194 1566; x_wconf 85' lang='lat' dir='ltr'>Osman</span> <span class='ocrx_word' id='word_1_193' title='bbox 221 1526 424 1567; x_wconf 89' lang='lat' dir='ltr'>Etruculis</span> <span class='ocrx_word' id='word_1_194' title='bbox 452 1526 557 1566; x_wconf 82' lang='lat' dir='ltr'>filius</span> <span class='ocrx_word' id='word_1_195' title='bbox 584 1527 812 1581; x_wconf 86' lang='lat' dir='ltr'>Bithyniam</span> <span class='ocrx_word' id='word_1_196' title='bbox 830 1556 841 1574; x_wconf 88' lang='lat'>‚</span> <span class='ocrx_word' id='word_1_197' title='bbox 875 1541 967 1565; x_wconf 91' lang='lat' dir='ltr'>cum</span> <span class='ocrx_word' id='word_1_198' title='bbox 993 1529 1221 1581; x_wconf 86' lang='lat' dir='ltr'>regionibus</span> <span class='ocrx_word' id='word_1_199' title='bbox 1252 1527 1475 1581; x_wconf 88' lang='lat' dir='ltr'>Olympum</span> 
     </span>
     <span class='ocr_line' id='line_1_26' title="bbox 37 1582 1476 1635; baseline 0.001 -14"><span class='ocrx_word' id='word_1_200' title='bbox 37 1595 177 1622; x_wconf 79' lang='lat' dir='ltr'>versus</span> <span class='ocrx_word' id='word_1_201' title='bbox 204 1582 488 1635; x_wconf 83' lang='lat' dir='ltr'>spectantibus,</span> <span class='ocrx_word' id='word_1_202' title='bbox 520 1589 559 1621; x_wconf 90' lang='lat' dir='ltr'>et</span> <span class='ocrx_word' id='word_1_203' title='bbox 586 1596 678 1621; x_wconf 90' lang='lat' dir='ltr'>cum</span> <span class='ocrx_word' id='word_1_204' title='bbox 698 1584 760 1621; x_wconf 91' lang='lat' dir='ltr'>Te</span> <span class='ocrx_word' id='word_1_205' title='bbox 790 1582 869 1620; x_wconf 83' lang='lat' dir='ltr'>Kie</span> <span class='ocrx_word' id='word_1_206' title='bbox 896 1589 1037 1622; x_wconf 86' lang='lat' dir='ltr'>nactus</span> <span class='ocrx_word' id='word_1_207' title='bbox 1064 1591 1136 1623; x_wconf 86' lang='lat' dir='ltr'>est.</span> <span class='ocrx_word' id='word_1_208' title='bbox 1192 1583 1258 1622; x_wconf 92' lang='lat' dir='ltr'>Ab</span> <span class='ocrx_word' id='word_1_209' title='bbox 1287 1583 1366 1622; x_wconf 89' lang='lat' dir='ltr'>hoc</span> <span class='ocrx_word' id='word_1_210' title='bbox 1395 1584 1476 1622; x_wconf 91' lang='lat' dir='ltr'>Os-</span> 
     </span>
     <span class='ocr_line' id='line_1_27' title="bbox 39 1637 1474 1690; baseline 0 -14"><span class='ocrx_word' id='word_1_211' title='bbox 39 1638 174 1676; x_wconf 84' lang='lat' dir='ltr'>mania</span> <span class='ocrx_word' id='word_1_212' title='bbox 200 1637 264 1677; x_wconf 90' lang='lat' dir='ltr'>vel</span> <span class='ocrx_word' id='word_1_213' title='bbox 293 1637 513 1676; x_wconf 88' lang='lat' dir='ltr'>Othmania</span> <span class='ocrx_word' id='word_1_214' title='bbox 542 1637 904 1690; x_wconf 86' lang='lat' dir='ltr'>(quemadmodum</span> <span class='ocrx_word' id='word_1_215' title='bbox 936 1638 1127 1678; x_wconf 88' lang='lat' dir='ltr'>haetenus</span> <span class='ocrx_word' id='word_1_216' title='bbox 1150 1638 1216 1677; x_wconf 87' lang='lat' dir='ltr'>alii</span> <span class='ocrx_word' id='word_1_217' title='bbox 1250 1638 1474 1689; x_wconf 78' lang='lat' dir='ltr'>scribunt‚)</span> 
     </span>
     <span class='ocr_line' id='line_1_28' title="bbox 37 1692 1474 1746; baseline 0.001 -15"><span class='ocrx_word' id='word_1_218' title='bbox 37 1692 156 1731; x_wconf 87' lang='lat' dir='ltr'>dieta.</span> <span class='ocrx_word' id='word_1_219' title='bbox 210 1692 387 1731; x_wconf 89' lang='lat' dir='ltr'>Amurae</span> <span class='ocrx_word' id='word_1_220' title='bbox 415 1692 515 1731; x_wconf 86' lang='lat' dir='ltr'>filios</span> <span class='ocrx_word' id='word_1_221' title='bbox 542 1693 666 1732; x_wconf 84' lang='lat' dir='ltr'>tradit</span> <span class='ocrx_word' id='word_1_222' title='bbox 693 1693 890 1731; x_wconf 88' lang='lat' dir='ltr'>Laonicus</span> <span class='ocrx_word' id='word_1_223' title='bbox 921 1695 1114 1746; x_wconf 86' lang='lat' dir='ltr'>accepisse</span> <span class='ocrx_word' id='word_1_224' title='bbox 1160 1692 1474 1746; x_wconf 86' lang='lat' dir='ltr'>Paphlagoniam</span> 
     </span>
     <span class='ocr_line' id='line_1_29' title="bbox 36 1747 1470 1802; baseline 0.001 -17"><span class='ocrx_word' id='word_1_225' title='bbox 36 1760 130 1786; x_wconf 88' lang='lat' dir='ltr'>eum</span> <span class='ocrx_word' id='word_1_226' title='bbox 161 1748 226 1798; x_wconf 89' lang='lat' dir='ltr'>iis,</span> <span class='ocrx_word' id='word_1_227' title='bbox 255 1761 358 1800; x_wconf 87' lang='lat' dir='ltr'>quae</span> <span class='ocrx_word' id='word_1_228' title='bbox 399 1747 450 1785; x_wconf 87' lang='lat' dir='ltr'>ad</span> <span class='ocrx_word' id='word_1_229' title='bbox 479 1748 681 1786; x_wconf 86' lang='lat' dir='ltr'>Euxinum</span> <span class='ocrx_word' id='word_1_230' title='bbox 709 1755 894 1800; x_wconf 84' lang='lat' dir='ltr'>vergunt.</span> <span class='ocrx_word' id='word_1_231' title='bbox 925 1748 1031 1786; x_wconf 90' lang='lat' dir='ltr'>Vide</span> <span class='ocrx_word' id='word_1_232' title='bbox 1058 1748 1175 1801; x_wconf 87' lang='lat' dir='ltr'>plura</span> <span class='ocrx_word' id='word_1_233' title='bbox 1207 1748 1315 1802; x_wconf 87' lang='lat' dir='ltr'>apud</span> <span class='ocrx_word' id='word_1_234' title='bbox 1334 1749 1470 1787; x_wconf 85' lang='lat' dir='ltr'>Leun-</span> 
     </span>
     <span class='ocr_line' id='line_1_30' title="bbox 34 1801 1178 1843; baseline -0.001 0"><span class='ocrx_word' id='word_1_235' title='bbox 34 1801 210 1843; x_wconf 84' lang='lat' dir='ltr'>clavium</span> <span class='ocrx_word' id='word_1_236' title='bbox 242 1803 283 1841; x_wconf 88' lang='lat' dir='ltr'>in</span> <span class='ocrx_word' id='word_1_237' title='bbox 319 1802 520 1842; x_wconf 86' lang='lat' dir='ltr'>Pandecte</span> <span class='ocrx_word' id='word_1_238' title='bbox 557 1803 745 1842; x_wconf 85' lang='lat' dir='ltr'>historiae</span> <span class='ocrx_word' id='word_1_239' title='bbox 771 1803 978 1842; x_wconf 89' lang='lat' dir='ltr'>Turcicae.</span> <span class='ocrx_word' id='word_1_240' title='bbox 1009 1817 1178 1843; x_wconf 75' lang='lat' dir='ltr'>PONTAN.</span> 
     </span>
    </p>

    <p class='ocr_par' dir='ltr' id='par_1_8' title="bbox 147 1851 974 1909">
     <span class='ocr_line' id='line_1_31' title="bbox 147 1851 974 1909; baseline 0 -13"><span class='ocrx_word' id='word_1_241' title='bbox 147 1857 248 1909; x_wconf 77' lang='lat' dir='ltr'>Pag.</span> <span class='ocrx_word' id='word_1_242' title='bbox 271 1856 363 1906; x_wconf 78' lang='grc'><em>340,</em></span> <span class='ocrx_word' id='word_1_243' title='bbox 384 1857 423 1908; x_wconf 95' lang='grc'>4.</span> <span class='ocrx_word' id='word_1_244' title='bbox 455 1858 528 1897; x_wconf 78' lang='grc' dir='ltr'>καί</span> <span class='ocrx_word' id='word_1_245' title='bbox 554 1855 591 1897; x_wconf 81' lang='grc' dir='ltr'>οἱ</span> <span class='ocrx_word' id='word_1_246' title='bbox 620 1851 739 1897; x_wconf 78' lang='grc' dir='ltr'><em>ἄλλοι</em></span> <span class='ocrx_word' id='word_1_247' title='bbox 768 1859 823 1898; x_wconf 94' lang='grc' dir='ltr'>Μ.</span> <span class='ocrx_word' id='word_1_248' title='bbox 854 1865 974 1902; x_wconf 85' lang='lat' dir='ltr'>reete.</span> 
     </span>
    </p>

    <p class='ocr_par' dir='ltr' id='par_1_9' title="bbox 145 1908 1091 1968">
     <span class='ocr_line' id='line_1_32' title="bbox 145 1908 1091 1968; baseline 0.001 -16"><span class='ocrx_word' id='word_1_249' title='bbox 145 1911 248 1965; x_wconf 82' lang='lat' dir='ltr'>Pag.</span> <span class='ocrx_word' id='word_1_250' title='bbox 270 1911 367 1964; x_wconf 72' lang='lat'>340,</span> <span class='ocrx_word' id='word_1_251' title='bbox 388 1926 450 1952; x_wconf 86' lang='lat'>20.</span> <span class='ocrx_word' id='word_1_252' title='bbox 488 1908 599 1967; x_wconf 73' lang='grc' dir='ltr'>αὐτῷ</span> <span class='ocrx_word' id='word_1_253' title='bbox 628 1910 700 1951; x_wconf 80' lang='grc' dir='ltr'><em>καί</em></span> <span class='ocrx_word' id='word_1_254' title='bbox 726 1909 802 1959; x_wconf 80' lang='grc' dir='ltr'>τὰς</span> <span class='ocrx_word' id='word_1_255' title='bbox 832 1914 888 1953; x_wconf 90' lang='grc' dir='ltr'>Μ.</span> <span class='ocrx_word' id='word_1_256' title='bbox 918 1926 1091 1968; x_wconf 86' lang='lat' dir='ltr'>quoque.</span> 
     </span>
    </p>

    <p class='ocr_par' dir='ltr' id='par_1_10' title="bbox 142 1965 1272 2021">
     <span class='ocr_line' id='line_1_33' title="bbox 142 1965 1272 2021; baseline 0.001 -15"><span class='ocrx_word' id='word_1_257' title='bbox 142 1965 249 2020; x_wconf 81' lang='lat' dir='ltr'>Pag.</span> <span class='ocrx_word' id='word_1_258' title='bbox 270 1968 365 2017; x_wconf 70' lang='lat'><strong>541,</strong></span> <span class='ocrx_word' id='word_1_259' title='bbox 384 1982 420 2021; x_wconf 86' lang='lat'>7.</span> <span class='ocrx_word' id='word_1_260' title='bbox 451 1967 670 2020; x_wconf 71' lang='grc' dir='ltr'><em>Βυθηνίαν</em></span> <span class='ocrx_word' id='word_1_261' title='bbox 703 1970 778 2018; x_wconf 84' lang='grc' dir='ltr'>Μ.,</span> <span class='ocrx_word' id='word_1_262' title='bbox 807 1967 891 2007; x_wconf 85' lang='lat' dir='ltr'>sed.</span> <span class='ocrx_word' id='word_1_263' title='bbox 919 1982 1022 2011; x_wconf 86' lang='lat' dir='ltr'>corr.</span> <span class='ocrx_word' id='word_1_264' title='bbox 1051 1966 1272 2009; x_wconf 75' lang='grc' dir='ltr'><em>Βιθυνίαν.</em></span> 
     </span>
    </p>

    <p class='ocr_par' dir='ltr' id='par_1_11' title="bbox 145 2018 917 2075">
     <span class='ocr_line' id='line_1_34' title="bbox 145 2018 917 2075; baseline 0.001 -14"><span class='ocrx_word' id='word_1_265' title='bbox 145 2021 245 2075; x_wconf 82' lang='lat' dir='ltr'>Pag.</span> <span class='ocrx_word' id='word_1_266' title='bbox 266 2023 360 2072; x_wconf 63' lang='lat'>3415</span> <span class='ocrx_word' id='word_1_267' title='bbox 381 2036 445 2061; x_wconf 80' lang='lat'>22.</span> <span class='ocrx_word' id='word_1_268' title='bbox 474 2018 832 2075; x_wconf 74' lang='grc' dir='ltr'><em>ἀναχωρησάντων</em></span> <span class='ocrx_word' id='word_1_269' title='bbox 859 2024 917 2066; x_wconf 92' lang='grc' dir='ltr'>Μ.</span> 
     </span>
    </p>

    <p class='ocr_par' dir='ltr' id='par_1_12' title="bbox 18 2075 1474 2284">
     <span class='ocr_line' id='line_1_35' title="bbox 142 2075 1471 2132; baseline 0 -16"><span class='ocrx_word' id='word_1_270' title='bbox 142 2077 236 2130; x_wconf 83' lang='lat' dir='ltr'>Pag</span> <span class='ocrx_word' id='word_1_271' title='bbox 268 2077 360 2128; x_wconf 71' lang='grc'>342,</span> <span class='ocrx_word' id='word_1_272' title='bbox 377 2092 415 2131; x_wconf 88' lang='lat'>9.</span> <span class='ocrx_word' id='word_1_273' title='bbox 444 2079 500 2118; x_wconf 89' lang='lat' dir='ltr'>in</span> <span class='ocrx_word' id='word_1_274' title='bbox 527 2079 797 2117; x_wconf 77' lang='lat' dir='ltr'>orientem.</span> <span class='ocrx_word' id='word_1_275' title='bbox 854 2078 916 2117; x_wconf 93' lang='lat' dir='ltr'>De</span> <span class='ocrx_word' id='word_1_276' title='bbox 959 2078 1036 2117; x_wconf 88' lang='lat' dir='ltr'>hac</span> <span class='ocrx_word' id='word_1_277' title='bbox 1077 2078 1326 2132; x_wconf 85' lang='lat' dir='ltr'>expeditione</span> <span class='ocrx_word' id='word_1_278' title='bbox 1365 2075 1471 2131; x_wconf 84' lang='lat' dir='ltr'>legas</span> 
     </span>
     <span class='ocr_line' id='line_1_36' title="bbox 36 2132 1472 2186; baseline -0.001 -15"><span class='ocrx_word' id='word_1_279' title='bbox 36 2145 203 2182; x_wconf 86' lang='lat' dir='ltr'>censeo,</span> <span class='ocrx_word' id='word_1_280' title='bbox 230 2147 332 2185; x_wconf 89' lang='lat' dir='ltr'>quae</span> <span class='ocrx_word' id='word_1_281' title='bbox 359 2132 461 2172; x_wconf 88' lang='lat' dir='ltr'>libro</span> <span class='ocrx_word' id='word_1_282' title='bbox 489 2147 531 2186; x_wconf 87' lang='lat'>9.</span> <span class='ocrx_word' id='word_1_283' title='bbox 565 2140 702 2171; x_wconf 87' lang='lat' dir='ltr'>narrat</span> <span class='ocrx_word' id='word_1_284' title='bbox 736 2134 933 2186; x_wconf 80' lang='lat' dir='ltr'>Gregoras</span> <span class='ocrx_word' id='word_1_285' title='bbox 963 2140 1002 2172; x_wconf 89' lang='lat' dir='ltr'>et</span> <span class='ocrx_word' id='word_1_286' title='bbox 1044 2147 1137 2172; x_wconf 91' lang='lat' dir='ltr'>eum</span> <span class='ocrx_word' id='word_1_287' title='bbox 1166 2141 1300 2173; x_wconf 85' lang='lat' dir='ltr'>nostra</span> <span class='ocrx_word' id='word_1_288' title='bbox 1328 2146 1472 2171; x_wconf 86' lang='lat' dir='ltr'>narra-</span> 
     </span>
     <span class='ocr_line' id='line_1_37' title="bbox 18 2187 1474 2241; baseline 0.001 -16"><span class='ocrx_word' id='word_1_289' title='bbox 18 2189 146 2226; x_wconf 63' lang='lat' dir='ltr'>‘tione</span> <span class='ocrx_word' id='word_1_290' title='bbox 173 2188 379 2239; x_wconf 82' lang='lat' dir='ltr'>conferas3</span> <span class='ocrx_word' id='word_1_291' title='bbox 410 2203 531 2241; x_wconf 90' lang='lat' dir='ltr'>quam</span> <span class='ocrx_word' id='word_1_292' title='bbox 561 2188 688 2227; x_wconf 81' lang='lat' dir='ltr'>multo</span> <span class='ocrx_word' id='word_1_293' title='bbox 716 2188 943 2228; x_wconf 86' lang='lat' dir='ltr'>uberiorem</span> <span class='ocrx_word' id='word_1_294' title='bbox 959 2202 1005 2228; x_wconf 91' lang='lat' dir='ltr'>ac</span> <span class='ocrx_word' id='word_1_295' title='bbox 1036 2188 1338 2238; x_wconf 85' lang='lat' dir='ltr'>distinctiorem‚</span> <span class='ocrx_word' id='word_1_296' title='bbox 1369 2187 1474 2226; x_wconf 89' lang='lat' dir='ltr'>addo</span> 
     </span>
     <span class='ocr_line' id='line_1_38' title="bbox 37 2243 809 2284; baseline 0.003 -4"><span class='ocrx_word' id='word_1_297' title='bbox 37 2243 159 2281; x_wconf 82' lang='lat' dir='ltr'>etiam</span> <span class='ocrx_word' id='word_1_298' title='bbox 189 2245 383 2282; x_wconf 88' lang='lat' dir='ltr'>veriorem</span> <span class='ocrx_word' id='word_1_299' title='bbox 413 2244 601 2284; x_wconf 85' lang='lat' dir='ltr'>invenies.</span> <span class='ocrx_word' id='word_1_300' title='bbox 634 2257 809 2283; x_wconf 77' lang='lat' dir='ltr'><strong>PONTAN.</strong></span> 
     </span>
    </p>

    <p class='ocr_par' dir='ltr' id='par_1_13' title="bbox 35 2297 1477 2792">
     <span class='ocr_line' id='line_1_39' title="bbox 146 2297 1470 2354; baseline 0.001 -19"><span class='ocrx_word' id='word_1_301' title='bbox 146 2297 249 2351; x_wconf 76' lang='lat' dir='ltr'>Pag.</span> <span class='ocrx_word' id='word_1_302' title='bbox 271 2297 364 2348; x_wconf 69' lang='grc'>542,</span> <span class='ocrx_word' id='word_1_303' title='bbox 393 2312 452 2337; x_wconf 84' lang='grc' dir='ltr'>ιο.</span> <span class='ocrx_word' id='word_1_304' title='bbox 481 2299 552 2337; x_wconf 87' lang='lat' dir='ltr'>ad</span> <span class='ocrx_word' id='word_1_305' title='bbox 583 2298 836 2338; x_wconf 63' lang='lat' dir='ltr'>Sontas-iu</span> <span class='ocrx_word' id='word_1_306' title='bbox 851 2314 905 2339; x_wconf 91' lang='lat' dir='ltr'>m.</span> <span class='ocrx_word' id='word_1_307' title='bbox 937 2299 1098 2354; x_wconf 83' lang='lat' dir='ltr'>Angulo</span> <span class='ocrx_word' id='word_1_308' title='bbox 1117 2298 1470 2346; x_wconf 84' lang='lat' dir='ltr'>SultaniniSaraii‚</span> 
     </span>
     <span class='ocr_line' id='line_1_40' title="bbox 47 2351 1477 2407; baseline 0.001 -17"><span class='ocrx_word' id='word_1_309' title='bbox 47 2351 89 2390; x_wconf 89' lang='lat' dir='ltr'>id</span> <span class='ocrx_word' id='word_1_310' title='bbox 117 2358 206 2399; x_wconf 80' lang='lat' dir='ltr'>est,</span> <span class='ocrx_word' id='word_1_311' title='bbox 243 2352 395 2405; x_wconf 87' lang='lat' dir='ltr'>palatii,</span> <span class='ocrx_word' id='word_1_312' title='bbox 427 2353 640 2407; x_wconf 83' lang='lat' dir='ltr'>respondet</span> <span class='ocrx_word' id='word_1_313' title='bbox 669 2367 690 2392; x_wconf 88' lang='lat' dir='ltr'>e</span> <span class='ocrx_word' id='word_1_314' title='bbox 717 2355 878 2407; x_wconf 81' lang='lat' dir='ltr'>regione</span> <span class='ocrx_word' id='word_1_315' title='bbox 909 2355 1136 2394; x_wconf 88' lang='lat' dir='ltr'>Scutarium</span> <span class='ocrx_word' id='word_1_316' title='bbox 1165 2356 1204 2393; x_wconf 92' lang='lat' dir='ltr'>in</span> <span class='ocrx_word' id='word_1_317' title='bbox 1237 2355 1353 2402; x_wconf 84' lang='lat' dir='ltr'>Asia,</span> <span class='ocrx_word' id='word_1_318' title='bbox 1391 2354 1477 2391; x_wconf 85' lang='lat' dir='ltr'>dis-</span> 
     </span>
     <span class='ocr_line' id='line_1_41' title="bbox 40 2407 1476 2449; baseline 0.001 -4"><span class='ocrx_word' id='word_1_319' title='bbox 40 2407 186 2445; x_wconf 86' lang='lat' dir='ltr'>iunctis</span> <span class='ocrx_word' id='word_1_320' title='bbox 214 2421 237 2446; x_wconf 91' lang='lat' dir='ltr'>a</span> <span class='ocrx_word' id='word_1_321' title='bbox 267 2422 308 2446; x_wconf 92' lang='lat' dir='ltr'>se</span> <span class='ocrx_word' id='word_1_322' title='bbox 336 2410 508 2447; x_wconf 88' lang='lat' dir='ltr'>invicem</span> <span class='ocrx_word' id='word_1_323' title='bbox 536 2407 631 2447; x_wconf 81' lang='lat' dir='ltr'>locis</span> <span class='ocrx_word' id='word_1_324' title='bbox 660 2408 768 2447; x_wconf 90' lang='lat' dir='ltr'>hisee</span> <span class='ocrx_word' id='word_1_325' title='bbox 797 2409 1002 2449; x_wconf 82' lang='lat' dir='ltr'>dumtaxat</span> <span class='ocrx_word' id='word_1_326' title='bbox 1031 2425 1112 2449; x_wconf 87' lang='lat' dir='ltr'>uno</span> <span class='ocrx_word' id='word_1_327' title='bbox 1134 2409 1294 2449; x_wconf 87' lang='lat' dir='ltr'>milliari</span> <span class='ocrx_word' id='word_1_328' title='bbox 1309 2411 1476 2447; x_wconf 84' lang='lat' dir='ltr'>Graeco.</span> 
     </span>
     <span class='ocr_line' id='line_1_42' title="bbox 35 2460 1476 2518; baseline 0 -18"><span class='ocrx_word' id='word_1_329' title='bbox 35 2460 146 2500; x_wconf 86' lang='lat' dir='ltr'>Ante</span> <span class='ocrx_word' id='word_1_330' title='bbox 177 2475 284 2512; x_wconf 89' lang='lat' dir='ltr'>vero,</span> <span class='ocrx_word' id='word_1_331' title='bbox 301 2478 422 2516; x_wconf 89' lang='lat' dir='ltr'>quam</span> <span class='ocrx_word' id='word_1_332' title='bbox 450 2463 516 2502; x_wconf 85' lang='lat' dir='ltr'>hie</span> <span class='ocrx_word' id='word_1_333' title='bbox 543 2464 730 2502; x_wconf 88' lang='lat' dir='ltr'>traiectus</span> <span class='ocrx_word' id='word_1_334' title='bbox 757 2472 980 2518; x_wconf 83' lang='lat' dir='ltr'>superetur,</span> <span class='ocrx_word' id='word_1_335' title='bbox 1001 2467 1174 2504; x_wconf 85' lang='lat' dir='ltr'>occurrit</span> <span class='ocrx_word' id='word_1_336' title='bbox 1192 2466 1232 2503; x_wconf 88' lang='lat' dir='ltr'>in</span> <span class='ocrx_word' id='word_1_337' title='bbox 1253 2465 1345 2516; x_wconf 84' lang='lat' dir='ltr'>ipsis</span> <span class='ocrx_word' id='word_1_338' title='bbox 1361 2463 1476 2515; x_wconf 81' lang='lat' dir='ltr'>aquis</span> 
     </span>
     <span class='ocr_line' id='line_1_43' title="bbox 40 2518 1475 2572; baseline 0.001 -18"><span class='ocrx_word' id='word_1_339' title='bbox 40 2522 221 2556; x_wconf 85' lang='lat' dir='ltr'>extructa</span> <span class='ocrx_word' id='word_1_340' title='bbox 242 2519 438 2569; x_wconf 85' lang='lat' dir='ltr'>quaedam</span> <span class='ocrx_word' id='word_1_341' title='bbox 467 2533 535 2557; x_wconf 88' lang='lat' dir='ltr'>arx</span> <span class='ocrx_word' id='word_1_342' title='bbox 569 2533 704 2571; x_wconf 87' lang='lat' dir='ltr'>parva,</span> <span class='ocrx_word' id='word_1_343' title='bbox 726 2534 847 2572; x_wconf 89' lang='lat' dir='ltr'>quam</span> <span class='ocrx_word' id='word_1_344' title='bbox 876 2522 1020 2559; x_wconf 78' lang='lat' dir='ltr'>turrim</span> <span class='ocrx_word' id='word_1_345' title='bbox 1050 2521 1302 2560; x_wconf 88' lang='lat' dir='ltr'>Scutarinam</span> <span class='ocrx_word' id='word_1_346' title='bbox 1332 2518 1475 2556; x_wconf 88' lang='lat' dir='ltr'>Graeci</span> 
     </span>
     <span class='ocr_line' id='line_1_44' title="bbox 36 2574 1475 2627; baseline 0.001 -18"><span class='ocrx_word' id='word_1_347' title='bbox 36 2579 210 2622; x_wconf 80' lang='lat' dir='ltr'>vocant,</span> <span class='ocrx_word' id='word_1_348' title='bbox 250 2574 372 2612; x_wconf 87' lang='lat' dir='ltr'>Turci</span> <span class='ocrx_word' id='word_1_349' title='bbox 404 2574 632 2624; x_wconf 88' lang='lat' dir='ltr'>Kisculam,</span> <span class='ocrx_word' id='word_1_350' title='bbox 662 2574 737 2613; x_wconf 88' lang='lat' dir='ltr'>hoc</span> <span class='ocrx_word' id='word_1_351' title='bbox 765 2583 846 2622; x_wconf 88' lang='lat' dir='ltr'>est,</span> <span class='ocrx_word' id='word_1_352' title='bbox 894 2590 1026 2615; x_wconf 83' lang='lat' dir='ltr'>arcem</span> <span class='ocrx_word' id='word_1_353' title='bbox 1052 2575 1231 2627; x_wconf 82' lang='lat' dir='ltr'>virginis.</span> <span class='ocrx_word' id='word_1_354' title='bbox 1289 2574 1419 2612; x_wconf 89' lang='lat' dir='ltr'>Distat</span> <span class='ocrx_word' id='word_1_355' title='bbox 1450 2585 1475 2610; x_wconf 88' lang='lat' dir='ltr'>a</span> 
     </span>
     <span class='ocr_line' id='line_1_45' title="bbox 37 2629 1475 2684; baseline 0.001 -20"><span class='ocrx_word' id='word_1_356' title='bbox 37 2629 265 2667; x_wconf 76' lang='lat' dir='ltr'>continente</span> <span class='ocrx_word' id='word_1_357' title='bbox 300 2629 450 2670; x_wconf 88' lang='lat' dir='ltr'>Asiana</span> <span class='ocrx_word' id='word_1_358' title='bbox 487 2629 713 2668; x_wconf 90' lang='lat' dir='ltr'>Scutarium</span> <span class='ocrx_word' id='word_1_359' title='bbox 757 2636 919 2669; x_wconf 73' lang='lat' dir='ltr'>&#39;centum</span> <span class='ocrx_word' id='word_1_360' title='bbox 962 2630 1155 2684; x_wconf 84' lang='lat' dir='ltr'>passibus.</span> <span class='ocrx_word' id='word_1_361' title='bbox 1211 2630 1367 2667; x_wconf 89' lang='lat' dir='ltr'>Nomen</span> <span class='ocrx_word' id='word_1_362' title='bbox 1398 2641 1475 2679; x_wconf 88' lang='lat' dir='ltr'>op-</span> 
     </span>
     <span class='ocr_line' id='line_1_46' title="bbox 37 2681 1475 2733; baseline 0.001 -14"><span class='ocrx_word' id='word_1_363' title='bbox 37 2681 130 2733; x_wconf 78' lang='lat' dir='ltr'>pido</span> <span class='ocrx_word' id='word_1_364' title='bbox 161 2684 292 2722; x_wconf 91' lang='lat' dir='ltr'>vicino</span> <span class='ocrx_word' id='word_1_365' title='bbox 325 2683 450 2732; x_wconf 78' lang='lat' dir='ltr'>dedit,</span> <span class='ocrx_word' id='word_1_366' title='bbox 481 2692 527 2723; x_wconf 90' lang='lat' dir='ltr'>ut</span> <span class='ocrx_word' id='word_1_367' title='bbox 554 2684 595 2723; x_wconf 87' lang='lat' dir='ltr'>id</span> <span class='ocrx_word' id='word_1_368' title='bbox 614 2686 776 2724; x_wconf 77' lang='lat' dir='ltr'>Graecis</span> <span class='ocrx_word' id='word_1_369' title='bbox 808 2685 927 2724; x_wconf 84' lang='lat' dir='ltr'>hodie</span> <span class='ocrx_word' id='word_1_370' title='bbox 942 2686 1185 2733; x_wconf 81' lang='lat' dir='ltr'>scutarium,</span> <span class='ocrx_word' id='word_1_371' title='bbox 1207 2684 1351 2722; x_wconf 87' lang='lat' dir='ltr'>Tureis</span> <span class='ocrx_word' id='word_1_372' title='bbox 1367 2683 1475 2720; x_wconf 85' lang='lat' dir='ltr'>Iseo-</span> 
     </span>
     <span class='ocr_line' id='line_1_47' title="bbox 40 2735 1475 2792; baseline 0.001 -18"><span class='ocrx_word' id='word_1_373' title='bbox 40 2735 112 2775; x_wconf 89' lang='lat' dir='ltr'>dar</span> <span class='ocrx_word' id='word_1_374' title='bbox 140 2737 326 2778; x_wconf 79' lang='lat' dir='ltr'>dicatur:</span> <span class='ocrx_word' id='word_1_375' title='bbox 372 2738 468 2778; x_wconf 86' lang='lat' dir='ltr'>olim</span> <span class='ocrx_word' id='word_1_376' title='bbox 501 2754 581 2779; x_wconf 93' lang='lat' dir='ltr'>non</span> <span class='ocrx_word' id='word_1_377' title='bbox 633 2739 889 2791; x_wconf 82' lang='lat' dir='ltr'>Chalcedon,</span> <span class='ocrx_word' id='word_1_378' title='bbox 937 2748 981 2779; x_wconf 86' lang='lat' dir='ltr'>ut</span> <span class='ocrx_word' id='word_1_379' title='bbox 1019 2739 1182 2792; x_wconf 87' lang='lat' dir='ltr'>quidam</span> <span class='ocrx_word' id='word_1_380' title='bbox 1219 2738 1353 2791; x_wconf 79' lang='lat' dir='ltr'>magni</span> <span class='ocrx_word' id='word_1_381' title='bbox 1398 2735 1475 2775; x_wconf 79' lang='lat' dir='ltr'>viri</span> 
     </span>
    </p>
   </div>
   <div class='ocr_carea' id='block_1_3' title="bbox 0 580 31 3158">
    <p class='ocr_par' dir='ltr' id='par_1_14' title="bbox 0 580 31 3158">
     <span class='ocr_line' id='line_1_48' title="bbox 0 580 31 3158; baseline 0 0"><span class='ocrx_word' id='word_1_382' title='bbox 0 580 31 3158; x_wconf 95' lang='lat' dir='ltr'> </span> 
     </span>
    </p>
   </div>
  </div>
 </body>
</html>
