1794 3158
328 141 439 207 482
833 160 1245 204 ANNOTATmNEs

327 261 565 301 lentissimos
596 262 776 312 Tumas,
819 274 842 299 a
871 275 1044 314 qnorum
1082 270 1254 316 tyranno
1295 265 1446 317 primus
1486 273 1573 318 post
1610 273 1762 319 captam

327 317 714 369 Constantinopolim
745 314 972 356 δικανίκιον
992 347 1005 368 ,
1046 318 1122 357 hoc
1150 326 1208 357 est
1227 347 1239 368 ,
1271 321 1417 372 pedum
1445 321 1668 374 episcopale
1697 337 1759 360 ac·

326 374 432 425 cepit
463 372 695 411 Gennadius
724 371 975 424 patriarcha:
1016 380 1054 411 et
1093 373 1168 413 hac
1210 375 1328 412 etiam
1363 382 1594 428 tempestate
1630 376 1763 416 nunus

326 427 554 480 patriarcha
585 441 729 465 munus
769 441 885 466 suum
914 428 1025 467 obire
1053 435 1208 480 potest,
1254 431 1329 468 nisi
1361 432 1470 482 prius
1497 426 1764 482 χρυσόβουλ-

327 484 410 529 λον,
443 496 538 533 seu,
571 489 616 520 nt
642 489 788 520 vocant
816 482 997 521 hodierni
1028 485 1168 522 Graeci
1196 482 1444 533 μπεράτιον,
1476 485 1552 525 hoc
1582 494 1662 535 est,
1701 486 1762 524 di-

325 537 455 588 ploma
486 544 525 575 et
552 536 702 576 litteras
731 537 1041 577 confirmationis
1070 546 1108 577 et
1136 541 1340 591 potestatis
1373 540 1424 578 ab
1443 541 1564 594 impio
1593 543 1763 594 impera-

325 599 413 630 tore
436 593 731 644 impetraverit:
763 607 835 631 nec
864 592 1051 646 impetrat
1082 595 1157 632 nisi
1186 593 1296 647 largo
1325 596 1496 647 pescesio
1530 596 1626 647 (hoc
1655 597 1763 635 enim

326 661 473 687 nomen
501 655 559 686 est
593 647 746 686 tributo
767 678 777 693 ,
823 648 930 700 quod
961 663 984 686 a
1012 663 1119 686 novo
1147 649 1372 701 patriarcha
1402 651 1516 689 initio
1549 665 1642 690 suae
1672 651 1763 690 fun-

324 704 466 740 ctionis
497 703 534 752 in
565 703 762 741 aerarium
795 703 1011 741 Turcicum
1050 704 1185 742 inferri
1218 704 1365 755 debet)
1393 707 1605 745 comitatus
1632 708 1765 746 veniat

328 756 388 802 εἰς
416 753 463 795 τὸ
493 753 658 810 ὃιβάνη,
691 758 742 796 ad
769 765 951 796 senatum
981 759 1228 797 Turcicum:
1270 767 1356 798 tum
1387 760 1518 799 aditus
1546 761 1595 799 ad
1626 768 1764 815 tyran-

324 826 438 861 num,
471 813 591 851 immo
624 820 663 851 et
691 812 742 851 ad
769 813 951 851 osculum
979 828 1119 852 manus
1147 820 1272 866 patet,
1296 815 1435 867 grandi
1468 815 1616 854 scilicet
1641 817 1766 856 bene-

325 867 446 906 ficio:
497 875 584 905 tum
612 867 837 920 praeclarus
865 867 933 907 ille
961 876 1213 922 mystagogus
1253 869 1323 908 dat
1349 870 1598 923 patriarchae
1625 872 1765 910 πᾶσαν

325 921 518 969 ἐξουσίαν
546 923 616 960 καί
649 922 894 961 δεσποτείαν
927 923 986 969 εἰς
1021 922 1176 970 πάντας
1203 920 1304 970 τούς
1345 923 1532 976 ειῖσεβεΐς
1559 926 1765 977 Χριστια-

323 974 444 1027 νούς,
484 974 735 1028 ἱερωμένους
777 975 850 1016 καί
893 976 1084 1028 λαϊκούς,
1121 985 1166 1017 nt
1195 978 1394 1031 proditum
1433 988 1490 1020 est
1531 981 1571 1019 in
1600 980 1766 1021 historia

322 1032 495 1084 quadam
526 1032 804 1071 mixobarbara
841 1034 891 1072 de
917 1033 1154 1085 patriarchis
1181 1034 1627 1088 Constantinopolitanis
1656 1037 1764 1075 Tur-

323 1088 550 1139 cograeciae
576 1089 736 1129 inserta.
794 1088 855 1127 Ex
887 1088 1027 1126 eodem
1056 1088 1164 1127 sonte
1192 1091 1396 1140 manavit,
1436 1098 1482 1129 ut
1509 1091 1765 1144 imperatores

323 1144 602 1194 episcoporum
649 1143 812 1196 synodis
863 1143 1162 1195 praesiderent,
1210 1145 1406 1199 primique
1448 1145 1756 1196 subscriberent,

322 1198 451 1247 (cuius
478 1198 630 1250 aliquot
658 1197 836 1251 exempla
866 1199 904 1236 in
933 1197 1008 1236 hac
1030 1205 1165 1237 nostra
1192 1199 1359 1239 historia
1377 1202 1542 1252 exstant)
1571 1201 1761 1242 adversus

319 1266 482 1290 omnem
523 1253 774 1305 antiquitatis
810 1267 963 1291 morem
990 1261 1029 1291 et
1063 1256 1237 1294 cuiusvis
1270 1263 1377 1294 recte
1406 1258 1610 1295 sentientis
1637 1259 1763 1295 ratio-

323 1321 431 1345 nem.
492 1308 602 1358 Quid
632 1308 738 1346 enim
767 1308 1027 1358 indecentius,
1061 1323 1180 1361 quam
1209 1318 1254 1349 ut
1282 1312 1368 1350 ovis
1395 1312 1619 1363 pastoribus
1647 1326 1763 1364 prae-

323 1363 402 1400 sit?
459 1363 668 1412 Quantum
695 1363 816 1402 distat
845 1364 1014 1402 istorum
1048 1367 1276 1417 arrogantia
1304 1380 1327 1404 a
1353 1367 1490 1419 Magni
1513 1367 1764 1407 Constantini

322 1417 612 1468 submissione,
656 1419 725 1471 qui
753 1420 794 1456 in
826 1418 1005 1457 Concilio
1034 1419 1207 1466 Nicaeuo
1246 1421 1382 1459 sedere
1410 1421 1541 1460 noluit
1563 1451 1576 1473 ‚
1617 1422 1691 1461 nisi
1720 1424 1763 1461 in

322 1473 415 1511 sede
452 1473 691 1521 humiliore,
732 1488 852 1526 quam
892 1481 1021 1512 essent
1062 1475 1341 1527 episcoporum
1381 1476 1542 1524 sedilia,
1585 1491 1658 1515 nec
1687 1478 1765 1516 nisi

324 1529 519 1580 episcopis
550 1529 834 1579 annuentibus,
865 1535 910 1567 ut
937 1529 1137 1581 colligitur
1165 1544 1209 1567 ex
1241 1530 1495 1569 Theodoreto
1527 1531 1595 1570 lib.
1616 1546 1650 1570 1.
1671 1546 1762 1585 cap.

324 1597 360 1635 7.
391 1583 533 1622 histor.
567 1584 782 1622 ecclesiast.
837 1591 877 1622 et
915 1598 960 1622 ex
993 1584 1168 1623 Eusebio
1197 1584 1266 1623 lib.
1298 1585 1338 1623 3.
1373 1586 1424 1625 de
1450 1587 1532 1624 vita
1561 1587 1763 1626 Constan-

321 1638 409 1678 tini.
467 1639 579 1677 Idem
613 1639 896 1677 Constantinus
923 1647 1012 1691 post
1040 1653 1175 1678 omnes
1203 1641 1408 1692 episcopos
1437 1640 1683 1694 subscripsit,
1715 1649 1762 1680 nt

320 1698 489 1732 testatur
517 1693 688 1732 Basilius
723 1696 940 1746 imperator
972 1695 1049 1732 fine
1084 1702 1250 1733 octavae
1291 1696 1456 1748 Synodi.
1485 1696 1616 1745 Quam
1645 1698 1767 1749 igitur

321 1747 534 1800 degeneres
568 1749 707 1787 Graeci
741 1750 889 1802 posteri
923 1764 946 1787 a
974 1750 1371 1801 Constantinopoleos
1410 1750 1615 1790 conditore
1656 1752 1765 1790 Con-

323 1806 526 1854 stantino,
556 1804 639 1856 qui,
670 1819 744 1857 pro
773 1805 883 1843 nefas
901 1833 912 1851 ‚
943 1805 1261 1856 imperatricibus
1292 1819 1450 1859 quoque
1479 1805 1587 1844 hunc
1615 1808 1767 1859 pracsi-

322 1858 444 1896 dendi
474 1859 668 1897 honorem
698 1860 736 1897 in
767 1858 955 1898 Conciliis
984 1859 1240 1910 detulerunt3
1281 1875 1361 1899 non
1391 1861 1508 1914 longe
1535 1861 1766 1901 abeundum

323 1921 410 1952 est:
451 1914 527 1953 sub
554 1914 675 1953 finem
702 1914 794 1953 libri
833 1915 940 1954 tertii
980 1930 1074 1954 suae
1108 1915 1300 1954 historiae
1338 1915 1612 1955 subministrat
1648 1917 1766 1956 nobis

321 1969 624 2008 Cantacuzenus
655 1968 850 2022 praeclari
881 1970 1000 2008 huius
1028 1971 1120 2009 facti
1148 1971 1397 2023 praeclarum
1427 1972 1640 2024 specimen.
1685 1972 1764 2012 Sed

322 2038 664 2076 supervacaneum
702 2025 822 2064 fuerit
861 2024 1045 2078 pluribus
1084 2026 1134 2064 de
1179 2025 1256 2065 hoc
1296 2034 1530 2079 argumento
1573 2027 1766 2066 disserere

320 2079 437 2122 velle,
498 2081 543 2118 In
573 2087 762 2133 promptu
791 2087 849 2119 est
879 2079 1160 2131 Bellen-minus,
1189 2083 1257 2134 qui
1287 2083 1444 2134 copiose
1472 2083 1608 2131 docet,
1646 2083 1760 2121 'cuius

320 2135 370 2171 sit
402 2135 627 2186 praesidere
659 2135 846 2174 Conciliis
888 2142 926 2174 et
967 2137 1055 2189 quis
1092 2137 1283 2175 hactenus
1319 2151 1479 2190 quoque
1506 2137 1762 2189 praesederit,

322 2188 424 2227 libro
453 2191 583 2242 primo
620 2191 671 2229 de
700 2189 853 2231 Concil.
896 2205 982 2243 cap.
1021 2205 1082 2244 ¹9·
1112 2199 1151 2230 et
1178 2205 1257 2240 20„
1288 2199 1332 2229 ut
1362 2199 1400 2230 et
1428 2192 1549 2242 illud,
1576 2193 1689 2231 cuius
1714 2193 1766 2231 sit

321 2257 562 2296 congregare
584 2245 778 2293 Concilia,
812 2260 901 2298 cap.
939 2260 1001 2284 12.
1031 2247 1207 2286 eiusdem
1235 2246 1340 2288 libri.
1370 2261 1559 2288 GRETSER.

431 2299 539 2351 Pag.
563 2299 720 2350 43:22.
751 2301 817 2340 ad
842 2302 1102 2340 maiorem
1127 2303 1436 2356 provehere.
1474 2302 1654 2340 Nimium
1687 2315 1762 2340 au·
1793 2320 1794 2356 3

321 2355 515 2393 ctoritatis
549 2355 748 2393 dederunt
786 2357 1017 2408 imperatori
1046 2357 1218 2410 episcopi
1247 2363 1286 2395 et
1314 2356 1563 2409 patriarchae
1604 2357 1764 2405 Graeci,
1793 2358 1794 2376 ³

320 2416 534 2463 postquam
565 2423 606 2448 se
634 2410 686 2447 ab
713 2410 876 2450 ecclesia
903 2412 1085 2451 Romana
1114 2412 1372 2464 abruperunt,
1402 2419 1440 2450 et
1468 2414 1496 2450 ii
1525 2412 1654 2451 delata
1688 2411 1763 2450 sibi

320 2472 516 2516 potestate
553 2465 609 2503 usi
641 2472 734 2503 sunt
761 2466 933 2519 egregie.
987 2467 1104 2506 Patet
1132 2481 1204 2520 per
1231 2481 1367 2506 omnes
1394 2467 1577 2506 historias
1609 2467 1764 2519 Byzan-

320 2521 426 2558 tinas
464 2521 540 2559 ista
579 2520 770 2559 subiectio
823 2529 863 2560 et
906 2522 1103 2574 quaedam
1152 2522 1313 2574 indigna
1356 2522 1533 2576 profecto
1573 2522 1762 2570 servitus,

322 2588 443 2626 quam
474 2575 653 2614 volentes
682 2576 762 2615 suis
792 2577 1100 2629 imperatoribus
1137 2579 1371 2617 servierunt.
1427 2577 1488 2616 Ne
1526 2578 1662 2629 itaque
1687 2577 1763 2614 mi-

322 2631 439 2679 reris,
465 2632 504 2668 'si
534 2638 572 2669 et
608 2631 715 2683 apud
747 2630 857 2670 hunc
888 2632 972 2670 eins
1001 2635 1058 2671 rei
1089 2632 1267 2685 exempla
1300 2632 1449 2671 videas.
1481 2644 1652 2671 PONTAN.

432 2684 743 2737 Pag.435‚10.
784 2683 840 2731 ὥς
874 2690 961 2732 τοῖς
1004 2687 1168 2734 οἰκείοις
1208 2683 1396 2726 ἑάλωσαν
1439 2689 1614 2737 πτεροῖς.
1670 2684 1762 2724 Suis

325 2752 366 2778 se
393 2738 546 2793 laqueis
575 2742 728 2780 irretire
751 2742 904 2794 saepius
934 2740 1035 2795 lcgi:
1079 2744 1158 2782 suis
1194 2743 1335 2796 pennis
1371 2757 1412 2781 se
1441 2755 1581 2796 capere
1603 2771 1613 2789 ,
1657 2754 1761 2778 nun—
