1800 3164
461 141 839 184 HISTORIARUM
880 146 950 186 w.
988 147 1054 190 38.
1382 129 1491 202 275

53 249 168 288 σιλεῖ
187 244 261 298 τῆς
287 238 386 298 περὶ
413 240 468 283 τά
514 245 612 283 θεῖα
643 243 863 296 εὐλαβείας
890 245 964 285 καί
999 246 1074 299 τῆς
1109 243 1208 300 περὶ
1242 245 1399 295 αὐτούς
1427 247 1492 288 αι’-
1505 254 1543 287 A.
1556 254 1592 288 C.
1613 255 1697 291 1353

54 311 177 362 δοῦς,
214 308 288 349 καί
319 307 590 360 ἐπευξάμενοι
632 310 805 363 άγαθῶν
842 311 1007 351 πολλῶν
1041 309 1200 364 ἑσμὸν,
1240 309 1385 353 ἔπειτα
1414 310 1531 365 τῆνο

49 370 172 418 θείαν
197 374 326 430 χάριν
354 374 698 427 ἐπικαλεσάμενοι
718 377 796 416 τοῦ
822 373 1071 428 πνεύματος,
1099 376 1340 426 ἐπελέξαντο
1366 384 1492 431 τρεῖς,

54 438 262 484 Φιλόθεόν
291 455 336 481 τε
371 438 444 481 τὸν
481 442 553 495 τῆς
578 440 829 495 Ἡρακλείας
861 440 1086 495 ἀρχιερέα,
1137 444 1210 484 καί
1244 441 1318 484 τὸν
1358 445 1491 484 Φιλα-

12 502 244 562 ίδελφείας
265 507 514 559 Μακάριον,
548 506 621 548 καί
646 507 857 548 Νικόλαον
884 504 958 548 τὸν
992 507 1265 562 Καβάσιλαν,
1297 502 1398 550 ὄντα
1428 507 1493 550 ἔτι

0 554 238 628 ξ-ἶδιιότην,
284 574 357 614 καί
399 571 634 627 γράψαντες
671 573 883 624 πέμπουσι
919 573 975 628 τῷ
1012 575 1185 625 βασιλεῖ
1209 573 1262 616 τά
1303 573 1493 627 ὀνόματα

0 609 4 674 Ι
48 641 131 682 τῶν
169 639 399 696 ᾑρημένων·
456 637 658 691 βασιλεύς
686 639 752 685 ,δὲ
779 638 908 679 εἵλετο
938 639 1021 679 ταῖν
1067 634 1203 679 ἄλλων
1234 641 1394 692 μᾶλλον
1422 638 1493 682 τὸν

0 710 13 745 ἰ’
50 703 260 748 Φιλόθεον
283 737 295 756 ,
335 703 408 746 καί
437 701 487 745 οὗ
516 705 654 761 πολλῷ
685 700 864 758 ’ὕστερον
903 702 1090 756 πάντων,
1120 701 1201 746 ὅσα
1237 704 1494 759 νενόμισται,

0 776 3 827 ᾖ
46 773 374 823 τετελεσμένων,
432 769 698 824 πατριάρχης
744 769 1013 810 ἀπεδείκνυτο
1056 771 1130 810 καί
1169 769 1220 811 τά
1263 770 1370 812 κατά
1417 769 1699 828 τὴνΑ,ρ,.354

0 846 36 903 Ιῑὲ)
48 836 266 891 ἐκκλησίαν
292 835 519 890 πράγματα
545 835 700 890 χρόνον
727 836 804 888 μέν
823 851 916 876 τινα
935 832 1149 890 διῴκησεν,
1182 834 1400 890 ἐκβληθείς
1418 837 1535 890 τῆςῙ)

0 910 2 952 i
46 902 182 957 ἀρχῆς
207 903 292 955 μετ’
323 903 376 942 ου’
403 900 534 961 πολὺ,
578 898 718 955 ὥσπερ
758 898 938 956 ὕστερον
974 898 1188 956 εἰρήσεται
1220 901 1365 959 ὀλίγῳ,
1409 900 1493 955 μά-

0 971 1 994 ³
44 972 164 1011 λιστα
198 969 244 1010 δὲ
269 970 522 1021 θαυμασίως
552 967 626 1008 καί
654 965 733 1009 σύν
761 967 868 1023 λόγῳ
898 967 956 1024 τῷ
987 965 1258 1021 προσήκοντι,
1299 967 1373 1008 καί
1409 971 1492 1008 πᾶ-

42 1050 121 1076 σαν
153 1035 484 1087 ἐπιδεδειγμένος
512 1035 735 1074 ἐπιείκειαν
773 1035 848 1074 καί
883 1035 978 1086 βίου
1012 1030 1293 1088 περιφάνειαν
1319 1034 1392 1075 καί
1417 1031 1490 1075 λό-

40 1115 132 1155 γου.
190 1099 428 1148 Κάλλιστος
446 1101 492 1141 δὲ
515 1099 536 1140 ὃ
566 1101 832 1155 πατριάρχης
850 1099 1004 1154 χρόνον
1033 1099 1108 1141 οὐκ
1137 1098 1276 1152 ὀλίγον
1305 1101 1358 1156 τῇ
1378 1096 1492 1155 μάρ-

0 1165 166 1221 ῑ5τυρος
209 1166 284 1207 τοῦ
322 1165 561 1218 Μάμαντος
599 1167 705 1222 μονῇ
749 1166 1023 1220 ἐνδιατρίψας
1043 1198 1055 1217 ,
1091 1165 1239 1220 πρῶτα
1276 1168 1354 1218 μὲν
1406 1167 1492 1206 ὄιε-

41 1233 264 1288 δίδρασκεν
310 1232 369 1279 εἰς
413 1234 609 1275 Γαλατᾶν
647 1233 719 1274 καί
752 1231 907 1287 χρόνον
947 1229 1038 1272 τινὰ
1069 1229 1291 1284 ἐκρύπτετο
1321 1232 1366 1272 ἐν
1407 1237 1491 1280 τοϊς

40 1301 271 1351 Λατίνοις,
302 1296 442 1340 ἔπειτα
460 1331 472 1350 ,
506 1297 646 1339 αΰτῶν
685 1297 978 1353 πραττόντων,
1030 1298 1090 1345 εἰς
1124 1298 1297 1338 Τένεδον
1334 1297 1488 1353 ἀφῖκτο

39 1363 146 1418 πρὸς
170 1363 241 1406 τὸν
287 1365 380 1406 νέον
403 1365 584 1416 βασιλέα
623 1363 696 1405 καί
733 1365 889 1417 πολλῆς
918 1359 1121 1416 ἐτύγχανε
1149 1364 1221 1416 τῆς
1253 1360 1488 1415 εὐμενείας,

41 1426 110 1474 οἶα
138 1428 190 1486 δὴ
219 1429 324 1485 ὗπὲρ
347 1429 506 1472 ἐκείνου
539 1428 614 1485 την
640 1429 842 1483 τοσαύτην
873 1429 1157 1484 κακοπραγίαν
1184 1428 1405 1485 ᾑρημένος.

0 1501 31 1533 Π)
148 1494 224 1551 λη’.
277 1495 390 1538 Ἐπεὶ
418 1498 464 1539 δὲ
496 1493 518 1537 ὃ
545 1493 648 1538 κατά
676 1495 753 1549 τήν
787 1496 1008 1549 ἐκκλησίαν
1050 1492 1236 1549 θόρυβος
1275 1496 1484 1536 ἐπέπαυτο
1498 1504 1531 1536 P.
1545 1505 1613 1539 860

39 1560 113 1604 καὶ
137 1563 275 1604 πᾶσαν
303 1559 390 1615 εἶχε
426 1561 542 1614 τάξιν
583 1562 656 1602 καί
703 1561 989 1614 εὐαρμοστίαν
999 1593 1012 1612 ,
1052 1563 1284 1609 Ματθαῖος
1313 1557 1334 1599 ὃ
1362 1563 1524 1614 βασι-Β

38 1626 133 1676 λεύς
160 1625 377 1682 γενόμενος
404 1629 448 1670 ἐν
476 1626 693 1684 Βυζαντίῳ
725 1624 813 1679 ἅμα
841 1625 1030 1679 βασιλίδι
1061 1628 1112 1682 τῇ
1139 1627 1334 1683 συζύγῳ,
1380 1625 1487 1668 κατά

36 1692 108 1736 τὸν
137 1695 180 1736 ε”ν
208 1697 475 1749 Βλαχέρναις
512 1694 583 1748 τῆς
623 1691 880 1747 θεομὴτορος
920 1690 1023 1732 ναὸν
1066 1692 1262 1746 έστέφετο
1304 1690 1408 1733 κατά
1438 1692 1483 1733 τὸ

39 1757 136 1809 ἔθος
163 1758 245 1801 ὑπὸ
278 1762 490 1803 Φιλοθέου
539 1762 614 1802 τοῦ
646 1756 909 1815 πατριάρχου
953 1759 1026 1799 καί
1063 1758 1271 1810 βασιλέως
1299 1760 1376 1799 τοῦ
1404 1775 1485 1799 πα-

130 1861 160 1895 7.
188 1850 396 1896 εἰρημένων
422 1850 471 1883 Μ.

36 1929 152 1964 Deum
177 1929 312 1973 pietate
338 1933 375 1963 et
402 1939 483 1975 erga
508 1930 606 1975 ipsos
632 1929 834 1964 reverentia
852 1953 862 1968 ‚
898 1926 1152 1970 bonorumque
1186 1926 1382 1960 multorum
1421 1934 1478 1956 cu·

34 1977 174 2010 mulum
200 1978 417 2020 comprecati
434 2002 443 2018 ‚
469 1977 591 2011 divina
617 1977 731 2010 sancti
759 1976 918 2020 Spiritus
942 1973 1054 2019 gratia
1078 1974 1265 2012 invocata,
1303 1977 1373 2005 tres
1411 1971 1479 2004 eli-

30 2029 145 2071 gunt,
167 2022 410 2064 philotheum,
436 2025 642 2064 Heracleae,
665 2023 876 2061 Maenium,
902 2019 1175 2063 philadelphiae
1201 2020 1414 2065 episcopos,
1441 2023 1478 2051 et

30 2070 211 2116 privatum
236 2070 353 2104 adhuc
377 2071 567 2105 Nicolaum
593 2071 810 2110 cabasitam,
837 2069 1111 2112 electorumque
1137 2068 1284 2100 nomina
1316 2066 1475 2108 impera-

32 2118 106 2151 tori
129 2118 262 2161 scripta
285 2118 459 2158 mittunt,
485 2119 548 2163 qui
573 2117 804 2151 Philothcum
830 2115 976 2149 maluit:
1011 2119 1047 2148 et.
1074 2114 1102 2146 is
1128 2124 1202 2146 non
1229 2112 1292 2146 diu
1319 2116 1400 2156 post
1421 2111 1477 2144 le-

33 2163 169 2207 gitimis
194 2165 362 2198 omnibus
391 2166 562 2206 servatis,
590 2163 795 2210 patriarcha
816 2165 1055 2200 consecratus,
1082 2160 1265 2193 ecclesiam
1292 2158 1476 2203 aliquam-

35 2208 99 2244 diu
122 2209 409 2245 administravit:
436 2223 518 2243 nam
545 2212 653 2255 gradu
679 2223 743 2244 suo
771 2210 870 2243 brevi
898 2209 1069 2252 depulsus
1094 2212 1171 2248 est,
1210 2213 1250 2240 ut
1276 2206 1370 2239 infra
1395 2216 1474 2238 me·

29 2257 267 2292 morabimus.
316 2259 590 2292 Administravit.
625 2262 745 2290 autem
778 2257 909 2290 eximie
945 2261 1079 2301 atque,
1107 2258 1147 2286 ut
1172 2265 1236 2298 par
1259 2253 1358 2291 fuit,
1392 2262 1472 2284 cum

33 2312 171 2337 summa
195 2304 374 2346 lenitate,
403 2305 564 2339 moribus
589 2310 625 2339 et
660 2315 823 2337 sermone
857 2303 1015 2336 inclitus.
1064 2301 1234 2335 Callistus
1266 2299 1472 2346 patriarcha

22 2359 113 2383 1cutn
136 2351 263 2395 perdiu
297 2352 334 2385 in
366 2353 583 2386 monasterio
621 2351 814 2385 Mamantis
846 2350 1012 2391 martyris
1047 2348 1278 2388 delituisset,
1316 2345 1472 2389 primum

35 2396 182 2442 quidem
206 2398 368 2432 Galatam
393 2398 580 2443 confugit,
610 2398 674 2431 ubi
702 2398 747 2430 ad
774 2404 914 2441 tempus
939 2398 1034 2428 inter
1073 2394 1226 2427 Latinos>
1247 2405 1284 2426 se
1317 2391 1470 2425 abdidit.

34 2442 123 2477 Inde
158 2455 281 2478 eorum
314 2456 423 2490 opera
449 2445 638 2479 Tenedum
670 2445 715 2478 ad
748 2444 927 2477 iuniorem
956 2443 1209 2486 imperatorem
1238 2438 1426 2485 pervenit,
1450 2450 1471 2471 a

35 2501 108 2535 quo
132 2493 373 2536 perbenevole
398 2493 544 2527 habitus
569 2498 641 2532 cst,
677 2493 805 2538 utqui
827 2491 941 2535 ipsius
970 2500 1074 2523 causa
1102 2493 1237 2521 tautam
1263 2496 1471 2520 aerumnam

35 2534 107 2570 tibi
135 2539 339 2581 paravisset.

129 2586 182 2618 38.
245 2585 377 2620 Sedato
414 2586 453 2618 in
490 2585 640 2619 ecelesia
677 2586 857 2624 tumultu,
891 2594 969 2616 cum
1008 2582 1130 2615 omnia
1171 2580 1333 2614 ordinem
1369 2589 1479 2618 suum,

37 2638 300 2676 numerumque
329 2632 563 2671 obtinerent,
603 2632 806 2665 Matthaeus
833 2632 1029 2676 imperator
1054 2640 1124 2661 una
1150 2638 1230 2661 cum
1256 2627 1407 2670 coniuge
1434 2626 1469 2655 in

38 2677 173 2720 templo
200 2678 375 2723 Deiparae
400 2680 438 2712 in
464 2679 668 2712 Blachernis
693 2691 712 2711 a
730 2677 919 2712 Philothco
946 2675 1149 2722 patriarcha
1177 2678 1214 2707 et
1249 2678 1348 2719 patre
1376 2682 1472 2705 inore

40 2725 192 2769 antiquo
219 2732 406 2760 coronatus
433 2731 506 2772 εει,
534 2726 598 2772 qui
631 2727 800 2760 similiter
824 2737 890 2770 pro
927 2734 1024 2758 inore
1051 2723 1238 2766 coniugem
1275 2719 1471 2753 coronavit.
