1794 3158
299 138 414 206 434
808 150 1223 195 ΑΝΝΟΤΑΤιοΝΕε

297 261 364 314 pia
391 272 461 299 seu
491 259 708 313 loquacitas
736 257 878 297 crebro
905 257 990 295 sine
1029 269 1146 295 causa
1184 249 1597 309 verbamultiplicat.¹
1646 254 1726 294 La·
1763 307 1765 309 Ι

297 317 372 356 tini
398 317 614 355 severiores
638 321 744 364 sunt,
771 319 810 352 et
837 325 939 365 quae
967 326 1010 350 ex
1039 311 1154 350 dictis
1181 312 1275 350 satis
1309 311 1586 365 intelliguntur
1603 339 1615 363 ,
1657 316 1727 349 aut

299 372 522 411 necessario
549 370 761 408 coniuncta
789 375 897 417 sunt,
925 373 1068 408 tacent.
1098 380 1268 408 rou-rm.

409 425 626 478 Pag.216‚
646 423 684 463 5.
714 421 840 469 αὐτὸς
870 425 926 462 Μ.
955 429 993 461 et
1023 420 1050 462 1.
1082 435 1144 460 10.
1172 420 1352 462 συνετῶν
1382 434 1427 461 τε
1456 414 1602 462 ὅντων.

408 479 620 532 Pag.216‚
642 479 704 518 15.
737 475 1032 518 ἀποδύσασθαι
1061 477 1118 515 Μ.

412 536 518 587 Pag.
539 533 635 585 218,
658 535 698 573 3.
733 530 951 585 δογμάτων
978 533 1035 571 Μ.
1062 539 1181 571 recte.

410 590 518 642 Pag.
537 588 633 640 218,
648 588 687 631 6.
716 588 801 628 τῶν
830 588 932 627 adde
957 601 1003 626 ex
1033 588 1090 630 M.
1118 594 1212 626 ante
1243 585 1408 638 ψυχῶν.

413 645 519 696 Pag.
540 644 637 695 218,
654 657 693 698 9.
719 641 907 695 γίνεσθαι
937 643 992 683 Μ.
1021 656 1094 695 pro
1121 639 1322 693 βαδίζειν.

410 699 514 752 Pag.
535 712 631 753 219,
654 713 717 753 19.
747 698 968 749 ἐμβάλλειν
1000 699 1054 739 Μ.
1086 712 1164 751 mg.

410 754 512 807 Pag.
532 768 624 805 221,
647 769 681 797 1.
714 751 913 805 προσήκει
940 754 995 792 M.
1025 767 1097 805 pro
1129 748 1228 804 χρή.

409 810 512 862 Pag.
533 808 682 859 221,5.
722 809 927 848 duobus
970 817 1056 846 aut
1084 808 1252 847 tribus
1288 809 1456 847 comit.
1515 806 1739 848 Audiamus

301 867 522 918 Gregoram
549 863 654 903 libro
685 877 824 903 nono:
886 863 981 900 Cum
1011 872 1142 902 autem
1178 877 1240 901 res
1276 864 1333 902 ita
1361 878 1400 902 se
1427 863 1610 902 haberent
1630 894 1641 911 ‚
1685 864 1745 904 ad
1771 868 1773 870 ’

301 921 488 972 Rhegium
529 921 713 974 pervenit
756 921 971 972 imperator·
1005 927 1119 972 atque
1155 918 1247 956 inde
1289 919 1434 971 legulos
1472 920 1530 958 acl
1551 920 1743 959 seniorem

300 977 433 1024 mittit,
462 983 503 1013 ut
526 975 756 1013 alcerzurum
782 974 859 1012 sibi
884 973 1119 1011 concedatur
1149 1001 1161 1022 ,
1191 981 1259 1012 aut
1279 988 1356 1027 per·
1389 974 1571 1013 induc-ias
1596 976 1744 1028 ingres·
1771 981 1773 987 ’

301 1045 363 1069 sus
388 1031 432 1068 in
465 1030 596 1068 urbem
611 1058 622 1078 ‚
651 1038 718 1068 aut
745 1038 785 1068 ut
815 1028 1008 1083 aliquibus
1036 1042 1057 1066 e
1084 1036 1232 1078 senatu,
1260 1042 1316 1067 ex
1342 1029 1523 1067 ecclesiae
1546 1031 1742 1085 principi-

302 1086 367 1124 bus
392 1094 430 1123 ec
454 1099 476 1122 e
499 1085 647 1139 populo
681 1084 844 1123 erudias
876 1083 934 1121 ad
958 1097 998 1132 se
1025 1083 1161 1134 egredi
1195 1084 1350 1132 liceret,
1393 1084 1463 1138 qui
1506 1099 1617 1124 suam
1644 1091 1746 1124 ora·‘

301 1141 444 1179 tionem
486 1141 722 1194 imperatori
758 1148 795 1177 et
838 1139 910 1177 toti
945 1138 1143 1189 Byzantio
1186 1139 1408 1177 renuntiare
1437 1149 1605 1193 possent.
1670 1139 1747 1178 Se-²
1774 1147 1775 1150 ’

301 1196 393 1234 nior
421 1208 530 1243 vero,
562 1208 652 1233 cum
679 1209 727 1233 ea
747 1194 946 1249 postulata
967 1194 1091 1247 plena
1119 1193 1206 1231 doli
1229 1207 1306 1232 esse
1334 1193 1550 1248 iudicaret,
1594 1195 1665 1234 diu
1692 1196 1776 1234 si--n

302 1251 378 1289 luit
402 1257 480 1289 etc.
510 1263 681 1291 rom-AN.

417 1305 525 1356 Pag.
541 1317 636 1352 221,
664 1317 726 1342 12.
754 1301 884 1345 πάντα
909 1303 955 1342 δὲ
983 1304 1042 1342 Μ.

422 1360 520 1411 Pag.
538 1372 632 1409 221,
657 1357 716 1409 14.
743 1360 814 1398 ad
857 1372 1014 1397 avum
1054 1361 1292 1413 scripsit.
1350 1359 1477 1413 Atqui
1519 1374 1638 1413 supra
1676 1373 1749 1413 per

307 1414 459 1467 legatos
487 1414 612 1465 egisse
639 1413 748 1453 dixit.
804 1414 884 1453 Sed
912 1416 953 1452 in
983 1413 1059 1451 hac
1087 1413 1254 1452 historia
1282 1414 1399 1468 legati
1425 1417 1656 1465 mittuntur,
1678 1416 1748 1468 qui

309 1469 428 1508 simul
459 1469 609 1508 litteras
640 1468 829 1516 afferant,
859 1476 898 1507 et
926 1470 1072 1507 conscii
1100 1483 1253 1519 eorum,
1282 1485 1385 1522 quae
1416 1472 1750 1516 scribuntursea‘

307 1532 446 1577 postea
473 1525 555 1563 suis
568 1523 702 1564 verbis
728 1531 1036 1577 prosequantur.
1094 1525 1186 1563 Non
1216 1525 1337 1577 igitur
1351 1532 1444 1564 sunt
1471 1525 1537 1566 hic
1567 1539 1750 1580 pugnan-

309 1581 382 1619 tia.
414 1593 590 1622 PONTAN.
1778 1581 1779 1585 ’

420 1633 523 1687 Pag.
544 1648 640 1684 222,
665 1647 727 1673 1ο.
761 1633 1055 1684 δεδιδαγμένον
1079 1634 1133 1672 Μ.
1156 1647 1277 1686 supra
1308 1635 1379 1677 lin.

420 1689 527 1742 Pag.
546 1690 642 1739 223,
666 1704 704 1743 7.
745 1689 992 1740 dzssicile
1021 1703 1140 1727 esse.
1197 1690 1372 1729 Causam
1395 1689 1511 1729 affert
1536 1691 1748 1746 Gregoras:

313 1743 457 1782 Senior
483 1758 568 1782 cum
597 1758 644 1782 ea
666 1745 869 1798 postulata
892 1745 1015 1798 plena
1043 1758 1120 1781 esse
1157 1745 1242 1796 doli
1271 1746 1482 1795 izaiicaret,
1518 1745 1590 1785 diu
1628 1748 1750 1797 siluit,
1779 1773 1782 1780 -

312 1812 439 1837 secum
471 1799 714 1848 deliberans,
765 1808 892 1837 utrum
928 1807 1156 1853 praestaret.
1229 1800 1338 1839 Nam
1366 1802 1515 1855 nepotis
1542 1802 1585 1839 in
1622 1802 1754 1840 urbem
1778 1835 1781 1844 s

312 1855 523 1905 ingressum
551 1855 835 1908 perniciosum,
865 1868 935 1892 nec
953 1854 1193 1892 incruentum
1203 1856 1306 1906 sore
1319 1874 1330 1893 :
1357 1865 1525 1910 paratos
1551 1857 1654 1895 enim
1668 1858 1756 1908 By·
1779 1860 1783 1867 ‘

315 1910 482 1959 munos,
512 1918 555 1947 ut
582 1909 641 1947 ad
669 1909 781 1947 illum
822 1908 1008 1962 deficiant
1041 1911 1172 1947 statim
1199 1911 1308 1949 intra
1330 1920 1468 1965 portas
1494 1915 1761 1966 conspecmm,'

315 1973 355 2002 et
378 1978 418 2002 se
441 1978 517 2018 per
538 1965 759 2003 cruciatum
787 1979 808 2002 e
838 1965 922 2002 vita
950 1964 1100 2003 tollant.
1155 1964 1214 2003 Ec
1239 1966 1526 2016 Byzantiorum
1561 1967 1620 2005 ad
1645 1968 1759 2006 illum

316 2031 510 2070 egressum
535 2032 614 2057 non
641 2020 722 2058 sine
749 2019 937 2058 seditione
947 2021 1049 2070 fore
1078 2026 1155 2058 etc.
1185 2034 1354 2060 PONTAN.
1782 2067 1784 2070 Ι

430 2074 536 2125 Pag.
565 2074 658 2123 225,
682 2087 749 2113 20.
804 2075 1084 2112 Romanum
1135 2075 1417 2129 imperium
1481 2077 1627 2116 velut
1671 2077 1785 2127 nez-³}

318 2128 439 2169 vim.
495 2129 583 2168 Non
612 2135 670 2167 est
697 2143 774 2168 vox
804 2131 918 2167 navis
949 2130 989 2168 in
1021 2130 1174 2168 Graeco
1197 2145 1207 2168 :
1238 2133 1432 2170 sententia
1458 2138 1594 2171 tamen
1621 2130 1785 2185 exigit,⁴

322 2196 415 2220 cum
442 2182 538 2222 belli
565 2182 783 2222 tumultum
823 2186 1046 2237 tempestati
1079 2191 1117 2223 et
1159 2183 1295 2224 fluctui
1324 2194 1528 2239 comparet
1564 2193 1604 2226 et
1634 2188 1785 2240 impe-²]

322 2238 386 2275 rio
413 2239 740 2277 summersionem
773 2240 919 2278 minari
959 2239 1144 2278 affirmet.
1201 2241 1306 2279 Sane
1343 2256 1434 2280 cum
1474 2243 1569 2281 navi
1606 2242 1787 2296 saepius{

324 2305 388 2330 res
419 2292 581 2344 publica
610 2294 833 2333 confertur.
891 2295 1058 2333 Horae:
1097 2294 1135 2332 O
1162 2297 1290 2342 navis,
1325 2298 1494 2348 referent
1517 2298 1560 2336 in
1589 2304 1786 2337 mar-ete*-

325 2348 423 2385 novi
460 2347 621 2386 Fluctus
651 2355 726 2387 etc.
776 2349 867 2389 Ode
893 2349 953 2400 14.
985 2348 1057 2387 lib.
1083 2363 1116 2391 1.
1165 2350 1303 2389 Cicero
1332 2365 1495 2404 quoque
1533 2353 1575 2391 in
1602 2348 1794 2405 pertur4}

325 2400 557 2441 bationibus
587 2402 644 2441 rei
670 2403 850 2455 publicae
879 2411 971 2443 ante
998 2403 1134 2443 oculos
1160 2407 1368 2457 ponenda,
1396 2407 1697 2460 tempestatibus
1725 2399 1789 2454 et}

325 2454 525 2502 fluctibus,
557 2455 636 2507 his,
670 2458 847 2510 inquam,
878 2459 1045 2499 vocibus
1073 2460 1262 2499 translate
1289 2460 1491 2514 eleganter
1517 2469 1574 2500 est
1600 2476 1696 2503 usus
1730 2440 1790 2508 nl

328 2510 380 2548 de
408 2511 522 2549 Orat.
537 2525 549 2549 ε
577 2511 635 2549 Et
668 2513 740 2552 hoc
767 2523 913 2568 tempus
945 2529 1058 2553 omne
1080 2524 1173 2569 post
1209 2517 1449 2555 consulatum
1478 2517 1686 2557 obiecimus
1717 2510 1791 2610 iis}

311 2564 514 2620 fluctibus,
549 2567 618 2620 qui
637 2580 714 2619 per
741 2583 810 2606 nos
842 2583 868 2607 a
889 2571 1086 2609 communi
1102 2579 1210 2623 peste
1230 2571 1395 2625 depulsi,
1425 2571 1467 2610 in
1496 2581 1644 2611 nosmet
1661 2575 1766 2628 zpsos
1779 2592 1791 2623 52,

329 2620 617 2659 redundarunt.
672 2621 752 2660 Pro
780 2623 930 2662 Milone
945 2638 957 2662 ε
1015 2624 1212 2678 Equidem
1260 2635 1405 2664 ceteras
1454 2634 1692 2680 tempestates
1727 2627 1791 2684 et}

324 2675 527 2728 procellas
557 2676 600 2713 in
628 2676 707 2713 illis
742 2677 960 2717 dumtaxat
979 2678 1170 2733 fluctibus
1196 2681 1425 2721 concionum
1451 2695 1606 2736 semper
1621 2682 1768 2737 putavi
1776 2682 1793 2736 L}

332 2729 482 2769 Miloni
507 2742 585 2768 esse
612 2730 840 2773 subeundas.
869 2746 1036 2772 murm.
1783 2737 1793 2754 ²
