1794 3158
324 131 436 197 452
832 144 1265 193 ANNo‘rAnoNEs

433 251 648 306 Pag.312‚
671 265 733 291 12.
763 267 819 291 ne
868 253 999 291 lites
1031 261 1079 291 et
1114 253 1523 291 controversiae
1564 256 1758 290 nasce-

322 316 518 349 rentur.
575 309 707 346 Aliter
748 314 788 345 et
820 306 982 359 quidem
1021 307 1162 345 iustius
1203 307 1295 345 fecit
1334 306 1482 345 Aratus
1511 305 1757 359 Sicyonius:

322 375 396 400 nec
426 362 574 401 mirum
596 391 607 410 ,
638 362 731 415 quia
763 361 919 413 longius
946 360 1201 400 intervallum
1224 361 1305 409 5o.,
1334 374 1455 413 quam
1482 360 1523 400 6.
1542 373 1754 406 annorum,

321 418 492 455 maiores
520 420 759 455 mutationes
787 417 981 455 effecerat.
1015 416 1123 469 Ergo
1151 417 1207 464 is,
1238 429 1329 453 cum
1363 417 1445 454 eius
1472 417 1610 454 civitas
1640 416 1759 467 quin-⁴

324 473 513 524 quaginta
542 485 666 510 annos
702 485 724 510 a
763 472 942 524 tyrannis
971 478 1200 520 teneretur,
1243 471 1443 522 profectus
1471 470 1590 523 Argis
1617 469 1757 523 Sicyo-

322 539 414 563 nem
434 557 445 575 ,
475 525 719 565 clandestino
745 527 910 564 introitu
928 526 1028 565 urbe
1057 533 1114 564 est
1143 525 1300 578 potitus.
1330 525 1513 577 Cumque
1539 532 1757 578 tyrannum

322 579 522 618 Nicoclem
559 581 778 633 improviso
820 583 1097 633 oppressisset,
1148 587 1349 619 sexcentos
1373 579 1530 630 exules,
1571 580 1639 632 qui
1669 579 1758 618 sue-

320 642 412 673 rant
441 636 524 674 eius
552 636 721 675 civitatis
751 635 1079 689 locupletissimi,
1109 636 1306 684 restituit,
1350 647 1514 687 remque
1553 633 1758 686 publicam

321 689 499 727 adventu
535 702 607 728 suo
649 690 845 729 liberavit.
900 691 978 729 Sed
1018 704 1110 728 cum
1138 704 1323 742 magnam
1351 688 1687 728 animadverteret
1715 691 1757 728 in

320 744 436 782 boniS
464 751 503 782 et
531 745 844 797 possessionibus
873 744 1146 783 difficultatem
1167 774 1179 794 ,
1223 743 1333 797 quod
1360 751 1400 783 et
1427 758 1516 793 eos,
1546 757 1646 796 quos
1674 745 1759 796 ipse

318 801 548 838 restituerat
564 829 575 849 ,
595 814 767 852 quorum
798 800 902 838 bona
932 799 1000 838 alii
1028 799 1283 852 possederant
1297 830 1310 848 ‚
1332 812 1446 852 egere
1465 798 1759 851 iniquissimum

319 854 619 901 arbitrabatur,
654 862 693 893 et
730 855 1021 907 quinquaginta
1058 867 1257 892 annorum
1296 855 1558 906 possessiones
1595 866 1758 893 movere

319 923 402 946 non
431 910 549 947 nimis
579 923 752 961 aequum
786 909 977 961 putabat,
1022 916 1233 961 propterea
1261 908 1371 960 quod
1399 915 1481 947 tam
1512 906 1632 961 longo
1665 920 1758 960 spa-

318 965 375 1002 tio
407 963 531 1002 multa
560 963 871 1014 hereditatibus,
922 963 1049 1003 multa
1092 963 1384 1015 emptionibus,
1430 962 1556 1001 multa
1597 962 1760 1002 dotibus

317 1018 558 1058 tenebantur
586 1019 670 1057 sine
705 1019 883 1058 iniuria:
922 1019 1114 1058 iudicavit
1154 1031 1282 1071 neque
1309 1016 1387 1056 illis
1431 1017 1585 1064 adimi,
1629 1031 1760 1071 neque

318 1072 382 1112 his
409 1088 492 1112 non
524 1073 730 1122 satisfieri,
762 1088 935 1126 quorum
968 1073 1038 1112 illa
1077 1074 1260 1120 fuerant,
1300 1079 1495 1124 oportere.
1551 1071 1654 1111 Cum
1683 1073 1760 1126 igi-⁴

317 1135 386 1167 tur
413 1128 640 1176 statuisset,
671 1142 770 1181 opus
799 1143 881 1167 esse
908 1129 958 1167 ad
987 1143 1075 1167 eam
1109 1143 1193 1166 rem
1223 1126 1542 1166 constituendam
1562 1128 1755 1179 pecunia,

318 1182 606 1222 Alexandriam
635 1196 676 1221 se
704 1184 900 1236 proficisci
930 1183 1031 1222 velle
1060 1183 1158 1222 dixit
1176 1212 1189 1233 ,
1206 1196 1370 1235 remque
1397 1183 1590 1235 integram
1617 1182 1669 1221 ad
1695 1196 1759 1234 ref

317 1237 449 1276 ditum
477 1252 594 1276 suum
623 1239 735 1276 iussit
764 1253 878 1277 esse:
913 1239 1027 1291 isque
1055 1238 1238 1276 celeriter
1265 1238 1316 1276 ad
1345 1236 1620 1276 Ptolemaeum
1641 1250 1759 1276 suum

316 1291 515 1345 hospitem
551 1293 689 1342 venit,
733 1294 802 1345 qui
849 1300 937 1331 tum
969 1293 1161 1346 regnabat
1200 1292 1300 1331 alter
1345 1299 1435 1345 post
1474 1290 1761 1332 Alexandriam

318 1348 547 1386 conditam:
594 1349 658 1385 cui
698 1362 791 1386 cum
832 1349 1101 1400 exposuisset,
1144 1348 1314 1401 patriam
1357 1361 1398 1386 se
1429 1345 1598 1385 liberare
1625 1345 1758 1399 velle,

318 1415 558 1455 causamque
578 1402 803 1452 docuisset,
852 1417 876 1441 a
910 1417 1002 1456 rege
1028 1402 1218 1455 opulento
1246 1403 1309 1441 vir
1330 1415 1509 1440 summus
1536 1399 1650 1441 facile
1679 1402 1759 1449 im-

317 1459 512 1510 petravit,
557 1464 603 1495 ut
631 1458 771 1510 grandi
801 1459 970 1511 pecunia
1009 1458 1280 1498 adiuvaretur.
1336 1457 1468 1506 Quam
1498 1470 1590 1494 cum
1619 1456 1761 1510 Sicyo-v

317 1527 411 1551 nem
440 1512 634 1551 attulisset
649 1542 660 1562 ‚
690 1513 873 1551 adhibuit
900 1513 974 1551 sibi
996 1513 1036 1551 in
1059 1512 1271 1551 consilium
1294 1510 1521 1564 quindecim
1541 1511 1759 1564 principes,

318 1581 412 1605 cum
441 1567 586 1620 quihus
616 1581 754 1606 causas
783 1570 968 1620 cognovit
997 1575 1036 1607 et
1065 1581 1203 1606 eorum
1222 1597 1232 1614 ,
1263 1568 1332 1619 qui
1358 1565 1488 1604 aliena
1514 1565 1762 1617 detinebant,

318 1629 358 1660 et
386 1636 541 1671 eorum,
572 1624 641 1674 qui
669 1636 739 1660 sua
767 1624 1009 1661 amiserant:
1041 1622 1286 1675 perfecitque
1323 1620 1575 1659 aestimandis
1604 1634 1760 1673 posses-

319 1677 523 1726 sionibus,
558 1684 604 1714 ut
631 1678 885 1729 persuaderet
914 1677 1024 1727 aliis,
1056 1685 1101 1716 ut
1128 1677 1340 1730 pecuniam
1372 1676 1550 1728 accipere
1595 1674 1763 1716 mallent

319 1739 358 1770 et
399 1731 709 1784 possessionibus
756 1733 941 1772 cederent
962 1763 971 1779 ,
1022 1731 1134 1782 aliis,
1174 1739 1220 1770 ut
1258 1730 1507 1769 commodius
1545 1737 1760 1783 putarent,

317 1787 521 1825 numerari
551 1787 625 1825 sibi
645 1816 656 1837 ,
689 1788 796 1840 quod
823 1788 924 1826 tanti
954 1794 1055 1826 esset
1078 1818 1089 1837 ‚
1116 1801 1236 1841 quam
1265 1800 1382 1825 suum
1416 1798 1666 1837 recuperare.
1699 1786 1762 1824 lta

317 1842 540 1895 perfectum
568 1849 649 1891 est,
689 1849 736 1881 ut
774 1857 935 1890 omnes,
966 1844 1179 1881 constituta
1219 1840 1459 1889 concordia,
1493 1840 1577 1879 sine
1600 1839 1763 1894 querela

319 1897 579 1939 discederent.
613 1897 722 1936 Haec
751 1898 831 1937 Cic.
850 1913 886 1937 2.
910 1897 990 1940 Off.
1019 1911 1196 1936 PONTAN.

431 1952 649 2004 Pag.312,
669 1965 735 1991 22.
770 1954 974 1992 veniam
1017 1952 1279 2006 episcopis.
1330 1951 1554 2004 Gregoras:
1583 1949 1760 1989 Proinde

319 2022 399 2050 non
426 2008 559 2048 multis
583 2006 716 2047 diebus
740 2019 831 2063 post
847 2038 858 2059 ‚
889 2009 1042 2047 Isaiam
1063 2008 1334 2062 patriarcham
1360 2006 1569 2055 convenit,
1596 2018 1646 2044 ac
1667 2005 1761 2059 pri-

322 2079 429 2104 mum
459 2066 497 2103 ei
524 2065 684 2115 suadet,
708 2075 751 2103 ut
771 2065 873 2103 iram
893 2064 1077 2103 adversus
1112 2063 1309 2117 episcopos
1338 2061 1510 2115 deponat
1557 2067 1595 2098 et
1626 2074 1759 2114 popu-

320 2121 407 2159 lam
431 2121 637 2160 interdicto
665 2121 809 2161 solvat.
866 2119 1001 2174 Neque
1028 2119 1133 2156 enim
1149 2131 1231 2172 par
1263 2130 1364 2163 esse,
1400 2129 1487 2154 cum
1516 2115 1599 2168 ipse
1628 2116 1760 2153 omni-

320 2176 388 2214 bus
423 2177 560 2215 omnia
587 2175 851 2225 condonaret,
893 2175 955 2213 ad
990 2187 1103 2227 quem
1133 2172 1293 2227 publica
1329 2170 1473 2208 delicta
1508 2178 1756 2223 spectarent,

318 2231 435 2269 illam
464 2231 742 2284 patriarcham
771 2238 809 2268 et
836 2232 949 2281 pacis
973 2229 1170 2267 doctorem
1190 2227 1295 2265 alere
1315 2226 1551 2275 simultates,
1583 2238 1653 2263 nec
1678 2225 1760 2263 eius

317 2286 430 2323 iram
455 2286 630 2323 occidere
661 2293 716 2323 tot
753 2285 893 2323 solibus
923 2283 1200 2331 occidentibus,
1244 2294 1332 2319 cum
1359 2294 1408 2318 ne
1441 2293 1537 2318 anus
1570 2279 1728 2335 quidem
1743 2307 1756 2328 ‚
1793 2296 1794 2306 2

320 2340 492 2379 durante
519 2340 626 2378 illius
643 2340 720 2387 ira,
745 2339 920 2378 occidere
937 2338 1103 2377 deberet.
1135 2349 1309 2376 Pon-rm.

433 2395 697 2448 Pag.315‚5.
720 2394 1088 2447 proditoribus
1110 2389 1390 2446 supplicia.
1421 2389 1641 2441 Gregoras:
1670 2386 1758 2426 De-

318 2450 411 2490 inde
433 2451 492 2488 ad
507 2451 694 2488 altionem
711 2458 750 2487 et
766 2450 1075 2502 persecutionem
1098 2448 1361 2501 episcoporum
1376 2452 1414 2482 et
1439 2444 1759 2496 presbyterorum

319 2521 359 2544 se
387 2506 575 2543 convertit
588 2534 598 2553 ,
641 2518 848 2557 eorumque
888 2505 981 2542 aliis
1008 2503 1228 2542 sacerdotio
1255 2500 1316 2540 ad
1339 2508 1460 2538 certos
1486 2512 1610 2537 annos
1635 2498 1758 2536 inter-

319 2560 452 2607 dixit,
473 2560 567 2599 aliis
593 2574 710 2614 usqae
733 2559 791 2598 ad
815 2559 970 2597 obitum.
997 2557 1099 2596 Sunt
1122 2558 1239 2596 etiam
1256 2584 1267 2606 ‚
1296 2568 1389 2610 quos
1419 2553 1543 2593 levius
1567 2552 1756 2593 multat-it.

320 2615 404 2654 Sed
425 2623 467 2653 at
478 2616 621 2669 paucis
654 2615 883 2663 absolvam,
920 2613 1071 2653 nemini
1087 2612 1230 2652 veteris
1255 2609 1503 2665 imperatoris
1528 2608 1655 2648 studio
1679 2611 1755 2661 pet-³

314 2670 456 2726 percit.
487 2683 662 2711 PONTAN.
1625 2715 1644 2725 u
1765 2674 1768 2677 ’

429 2723 645 2777 Pag.515‚
661 2724 702 2763 6.
736 2723 904 2775 λέγοντα
922 2723 981 2763 Μ.
1014 2729 1054 2763 et
1083 2721 1157 2762 lin.
1177 2720 1216 2762 5.
1235 2717 1399 2762 ἐκείνων
1426 2731 1499 2773 pro
1527 2714 1679 2759 αὐτων.
