1800 3164
678 189 867 243 ·1.1131z1⁴
899 190 970 230 1v.
1511 167 1542 224 5

95 292 316 330 occidendis.
374 293 584 328 Merzianes
624 291 675 326 ad
711 296 963 338 imperatorem
1003 291 1175 329 iuvenem
1211 289 1451 335 iugulandum
1493 289 1538 324 ab

96 342 261 378 Orchane
295 340 514 374 subornatus
549 339 845 385 deprehenditur.
893 340 1115 385 Imperatrix
1146 338 1397 385 Antiajilium
1431 336 1544 372 Thes-

94 389 296 423 salonicae·
316 388 481 434 relinqui
513 399 590 420 non
618 387 700 420 vult
724 389 810 431 (16).
862 387 1022 422 Cavetur
1047 397 1070 419 a
1097 383 1343 419 Macedoniae
1368 384 1546 430 direptio⁴

96 436 212 470 nibus.
260 433 473 480 Praefectus
495 435 778 479 Anactoropolis
803 435 926 467 urbem
952 433 1024 467 sibi
1050 431 1245 472 vindicat,
1269 433 1361 466 locis
1382 431 1466 466 aliis
1490 432 1550 464 in-

82 483 217 530 festus.
265 482 470 527 Imperator
493 481 570 515 eius
598 492 714 514 naves
740 479 918 514 incendit.
967 478 1152 513 Orchanes
1165 479 1295 524 filium
1328 490 1407 512 cum
1433 479 1546 514 sociis

96 536 248 563 revocat
261 542 271 561 .·
291 535 518 563 revertentes
537 528 714 561 Moesiam
732 526 1011 572 depopulantur.
1061 527 1245 569 Praefecti
1258 524 1550 569 Amphipolitani

96 577 138 610 in
162 577 413 621 imperatorem
439 574 658 607 humanitas.
711 573 994 607 Thessalonicae
1017 574 1214 607 intestinae
1233 570 1442 606 discordiae
1460 585 1470 604 .·
1490 582 1550 606 res

84 623 258 671 feliciter
289 631 391 667 gesta
415 621 500 664 (17).
561 621 690 656 Veneti
714 632 814 666 opem
840 619 1014 653 aduersus
1042 621 1248 654 Genuenses
1273 620 1414 659 nullam
1433 619 1547 662 impe-

98 677 212 703 trant.
263 669 348 701 Cum
360 668 527 713 principe
545 676 745 713 pastorum,
774 679 843 711 pro
857 666 949 713 filio
979 668 1128 711 captivo
1152 665 1348 701 liberando
1376 673 1546 711 rogante,

93 724 240 762 pactum
274 716 346 750 init
382 715 590 759 imperator.
653 716 732 757 Qua
761 715 906 747 ratione
931 712 1151 747 Berrhoeam
1181 713 1308 748 Crales
1339 712 1550 745 muniverit.

95 763 151 797 De
173 762 333 796 navibus
356 763 398 795 in
421 764 583 795 transitu
597 761 774 808 fluminis
807 759 989 805 impeditis
1019 768 1055 793 et
1091 761 1202 793 maris
1230 768 1333 794 aestu
1357 757 1548 804 expeditis.

96 809 283 844 Berrhoea
308 809 463 854 capitur.
503 810 625 842 Persis
649 806 852 853 diripiendi
872 808 899 841 C
904 807 995 840 ralis
1016 808 1203 851 regionem
1213 806 1267 850 fit
1311 814 1444 840 otestas
1463 806 1550 850 (18).

70 890 73 893 ,
97 857 225 890 Movet
245 854 419 889 Edessam
445 857 645 901 imperator
668 863 704 888 et
729 866 789 899 spe
814 866 880 889 sua
900 854 1119 898 frustratur.
1173 819 1356 899 Oppitlicta
1377 853 1488 897 plura
1514 863 1550 886 se

97 901 246 938 dedunt.
295 901 494 947 Expeditio
522 903 562 935 in
590 902 749 938 Servios.
812 899 944 947 Oppidi
976 899 1188 947 descriptio.
1247 899 1551 934 Suburbanorum

98 951 288 985 transitio.
341 950 430 984 Urbs
457 957 702 995 oppugnatur,
753 948 863 989 Urbes
889 947 1059 992 egregiae
1088 956 1123 982 et
1156 949 1236 992 ipsa
1263 946 1422 991 Scopia,
1449 944 1551 980 sedes

103 997 237 1037 Cralis,
264 998 517 1042 imperatorem
541 1004 725 1040 expetunt.
783 991 814 1028 Α
841 993 1009 1037 dynastis
1033 994 1116 1028 item
1143 994 1358 1028 Triballicis
1391 993 1553 1027 accersi-

99 1052 172 1079 tur.
228 1044 308 1078 Duo
346 1041 610 1089 transfugiunt.
669 1041 819 1076 Reditus
856 1042 1092 1087 imperatoris
1127 1040 1426 1075 Thessalonicam
1464 1040 1550 1085 (¹9)-

97 1090 285 1135 Profectio
312 1091 659 1132 Gynaecocastrum.
718 1087 885 1136 Perfidia
915 1088 1099 1135 praefecti
1129 1086 1286 1122 eiusdem
1318 1086 1402 1121 loci.
1459 1090 1552 1120 Ante

58 1142 60 1147 '
103 1135 399 1172 Thessalonicam
426 1138 525 1170 inter
555 1137 701 1169 Cralem
726 1144 762 1171 et
785 1137 1042 1181 imperatorem
1068 1135 1291 1182 colloquium
1308 1148 1317 1166 :
1343 1134 1406 1167 ubi
1423 1145 1459 1167 se
1487 1134 1555 1167 im-

97 1192 253 1230 perator
274 1182 462 1229 defendit,
496 1184 682 1230 ipsumque
705 1184 893 1228 periurum
918 1190 953 1215 et
977 1194 1123 1216 causam
1151 1182 1239 1214 belli
1262 1180 1448 1215 ostendit:
1491 1181 1554 1213 ni-

99 1231 178 1264 hilo
202 1232 320 1265 minus
346 1232 427 1265 eius
454 1231 493 1262 in
518 1242 556 1263 se
583 1239 616 1264 et
641 1231 768 1263 uxoris
793 1229 1073 1275 beneficentiam
1092 1236 1127 1263 et
1143 1228 1406 1262 humanitatem
1423 1226 1555 1268 laudat

101 1276 190 1322 (20).
240 1278 366 1311 Crales
383 1275 579 1324 perfidiam
604 1277 826 1322 confitetur.-
861 1277 986 1309 ablata
1020 1288 1095 1310 non
1121 1274 1263 1310 reddit:
1298 1277 1556 1319 Imperatorem

101 1323 374 1358 incredibiliter
408 1325 520 1358 timet.
573 1325 732 1357 Curnam
762 1323 870 1356 urbes
893 1331 1094 1369 occupatas
1118 1324 1278 1357 retinere
1300 1322 1433 1367 cupiat.
1482 1322 1556 1354 Im-

98 1380 252 1418 perator
289 1372 326 1405 ei
361 1371 626 1416 improbitatem
661 1382 789 1403 rursus
820 1370 960 1403 obiicit.
1021 1370 1169 1403 Urbium
1202 1369 1370 1414 partitio.
1420 1368 1499 1401 Pax
1523 1376 1558 1401 et

100 1419 265 1464 epulatio
294 1418 379 1461 (21).
427 1418 482 1450 De
511 1417 632 1451 Cralis
654 1416 831 1463 perfidia.
885 1416 1020 1461 Copiae
1051 1416 1225 1462 utrinque
1259 1414 1410 1451 eductae
1436 1423 1470 1449 et
1502 1415 1557 1448 ci-

102 1473 161 1498 tra
189 1465 370 1509 proelium
397 1463 579 1498 reductae.
630 1465 835 1509 Imperator
858 1463 1042 1496 iuniorem
1067 1464 1349 1508 imperatorem,
1383 1463 1560 1497 Ioannem

101 1523 240 1557 nempe,
265 1510 309 1545 de
326 1511 437 1545 Crale
466 1510 633 1545 cavendo
655 1519 790 1550 monet,
816 1511 881 1556 qui
898 1509 1110 1556 proditione
1134 1509 1310 1545 Edessam
1329 1510 1437 1554 capit.
1488 1509 1561 1552 Ly-

102 1560 175 1593 zici
204 1559 382 1603 praefecti
413 1571 534 1604 poena
579 1568 614 1592 et
642 1558 773 1592 obitus.
822 1555 986 1591 Edessae
1013 1558 1171 1592 eversio.
1227 1557 1366 1601 Purgat
1395 1567 1431 1590 se
1460 1557 1562 1590 Moe-

102 1617 222 1638 sorum
256 1606 337 1652 regi
373 1606 573 1650 imperator
607 1604 650 1639 de
686 1605 922 1650 impressione
957 1604 1201 1639 harbarorum
1229 1604 1269 1636 in
1293 1604 1371 1637 eius
1395 1614 1561 1647 regnum.-

103 1652 297 1686 consitium
336 1650 401 1685 dat
425 1651 468 1685 de
501 1652 578 1685 illis
600 1653 747 1686 Moesia
772 1659 807 1685 et
833 1650 997 1684 Thracia
1023 1649 1277 1697 prohibendis.
1327 1648 1559 1695 Prodigium,

102 1711 176 1746 quo
208 1698 425 1733 Alexander
454 1707 585 1733 contra
627 1699 770 1736 Cralem
807 1697 975 1743 erigitur.
1022 1699 1170 1734 Navale
1202 1704 1395 1744 purgatur.
1444 1696 1564 1731 Moesi

102 1747 375 1786 inconstantia,
404 1757 507 1790 quem
523 1748 672 1792 frustra
696 1757 875 1782 revocare
902 1753 1060 1782 conatur
1083 1746 1285 1791 imperator
1308 1743 1396 1789 (22).
1444 1744 1561 1787 Syno-

104 1791 172 1826 dus
193 1801 343 1838 propter
365 1792 538 1828 haeresin
567 1793 758 1826 Barlaami
775 1799 809 1826 et
824 1790 1023 1835 Acindyni.
1077 1792 1150 1826 Cur
1167 1803 1204 1826 se
1230 1790 1428 1826 occultat-it
1450 1791 1562 1824 Acin-

105 1838 235 1882 dynus.
289 1838 533 1882 Quatriduum
559 1840 600 1871 in
625 1837 891 1883 disceptatione
917 1839 1082 1881 ponitur.
1131 1837 1270 1884 Ephesi
1293 1846 1328 1871 et
1357 1838 1457 1872 Gani
1481 1837 1562 1882 epi-

104 1887 206 1930 scopi
235 1893 537 1922 exauctorantur.
596 1885 649 1918 De
686 1884 804 1919 tribus
835 1885 941 1918 tomis
975 1884 1204 1929 conscriptis.
1257 1885 1498 1918 Barlaamitis
1528 1891 1563 1917 et

107 1931 339 1975 Acindyanis
364 1932 550 1966 silentium
577 1930 782 1965 indicitur:
807 1932 848 1964 in
872 1929 1048 1966 custodiis
1073 1931 1255 1964 habentur
1279 1931 1365 1975 (23).
1416 1931 1469 1964 De
1494 1930 1564 1964 Ni-

106 1979 263 2026 cephoro
291 1980 472 2025 Gregora,
504 1986 544 2013 ut
567 1977 755 2018 seditioso,
782 1976 956 2012 mendace
978 1985 1013 2010 et
1036 1978 1074 2011 in
1094 1978 1283 2011 ecclesiam
1303 1978 1563 2020 Byzantinatn,

106 2028 148 2060 in
173 2027 427 2072 imperatorem
451 2033 484 2059 et
509 2024 706 2060 monachos
731 2023 922 2059 maledico.
972 2024 1124 2058 Fabella
1153 2025 1319 2057 Atlantis
1345 2023 1396 2059 ad
1417 2033 1565 2059 sanctos

107 2073 302 2107 monachos
327 2069 613 2111 accommodata.
665 2072 737 2105 Cur
766 2073 968 2116 imperator
997 2069 1046 2104 ad
1068 2079 1223 2104 montem
1247 2070 1340 2103 Atho
1364 2071 1564 2115 profectus:

108 2132 175 2154 cur
198 2118 283 2154 inde
309 2131 481 2154 reversus
497 2133 508 2152 :
532 2130 599 2152 cur
623 2119 817 2164 imperium
833 2119 1042 2164 susceperit.
1092 2118 1186 2153 Eius
1208 2119 1247 2151 in
1266 2116 1434 2152 curanda
1451 2120 1568 2153 eccle-

107 2168 185 2201 siae
214 2178 305 2213 pace
338 2164 517 2201 sedulitas
543 2166 630 2211 (24).
690 2166 824 2199 Iterum
851 2172 984 2199 contra
1011 2165 1210 2210 Gregoram
1237 2163 1442 2199 disseritur.
1497 2165 1567 2198 Ve—

109 2215 188 2248 neti
223 2221 354 2247 contra
393 2215 602 2249 Genuenses
639 2212 821 2245 auxilium
849 2219 990 2256 petunt.
1043 2212 1318 2256 Temporarium
1333 2211 1471 2257 foedus
1501 2212 1569 2246 Ve—

110 2269 276 2294 netorum
311 2271 390 2295 cum
424 2259 644 2303 imperatore
681 2257 776 2292 unde
810 2267 929 2292 ortum
953 2259 1040 2302 (25).
1101 2259 1364 2293 Galataeorum
1393 2260 1569 2303 superbia

110 2318 189 2340 cum
216 2306 437 2351 arrogantia
461 2305 835 2340 Lacedaemoniorum
861 2305 1063 2349 confertur.
1111 2307 1244 2339 Saxum
1269 2305 1487 2346 Byzantium
1515 2306 1571 2339 bis

110 2355 278 2389 iaciunt:
315 2353 448 2388 bellum
482 2353 536 2386 eis
572 2350 766 2390 indicitur.
817 2352 902 2385 Cum
938 2353 1082 2386 Venetis
1107 2353 1310 2397 imperator
1337 2360 1468 2386 contra
1502 2354 1572 2387 Ge-

112 2411 266 2435 nuenses
289 2401 499 2435 societatem
524 2400 605 2434 init.
656 2400 734 2434 Cur
756 2407 915 2434 mutuum
940 2399 1007 2432 hae
1025 2397 1120 2432 duae
1136 2411 1194 2432 res
1212 2398 1382 2444 publicae
1401 2398 1572 2445 infestae.

115 2448 271 2482 Galatae
305 2447 474 2481 obsessio.
540 2447 696 2480 Venetae
731 2447 858 2482 classis
877 2447 1059 2492 praefecti
1085 2444 1261 2480 audacia.
1314 2446 1404 2478 Tres
1433 2446 1572 2480 machi-

112 2505 183 2528 nae
196 2493 350 2540 srustra
370 2502 615 2538 comparatae.
663 2493 717 2526 De
733 2493 965 2539 septuaginta
983 2492 1192 2527 triremibus
1212 2492 1457 2526 Genuensium
1472 2505 1573 2526 nun-

113 2541 199 2578 tius.
247 2540 381 2585 Populi
407 2540 611 2574 Genuensis
639 2548 770 2575 contra
806 2539 998 2584 optimates
1023 2539 1168 2581 turbae„¹
1195 2551 1348 2585 quorum
1375 2539 1574 2582 sumptibus

114 2598 182 2622 eae
206 2597 322 2620 naves
347 2594 590 2622 constructae.
646 2587 773 2623 Veneti
799 2585 904 2620 ducis
932 2586 1102 2632 ignavia.
1156 2587 1291 2619 Galata
1316 2584 1470 2631 flustra
1507 2598 1574 2631 op-

110 2641 309 2679 pugnatur.
375 2633 650 2669 Tarchaniotae
686 2632 875 2669 brachium
914 2634 1083 2677 graviter
1116 2633 1349 2667 vulneratur.
1417 2633 1576 2667 Venetus

117 2678 259 2714 domum
294 2681 524 2725 renavigans
558 2681 764 2714 Genuenses
800 2682 870 2713 vix
906 2678 1034 2724 effugit
1075 2679 1163 2723 (26),
1214 2681 1419 2724 Imperator·
1445 2680 1575 2714 iunior

101 2726 384 2761 malevolorum
409 2727 651 2760 sermunculis
675 2727 714 2759 in
741 2738 902 2760 socerum
922 2725 1147 2761 incenditur.
1195 2725 1307 2759 Iidem
1325 2725 1580 2760 Andronicum

121 2771 358 2807 callidissime
386 2771 600 2818 decipiunt,
625 2785 698 2819 quo
726 2773 805 2807 eius
830 2771 993 2806 discessu
1019 2773 1173 2806 liberius
1196 2775 1270 2806 sint
1296 2784 1463 2818 nequam.
1515 2770 1580 2804 Ad

119 2817 242 2868 filium
266 2819 584 2858 reconciliandum
613 2828 722 2858 Anna
747 2820 964 2867 imperatrix
993 2832 1016 2854 a
1046 2819 1302 2857 Cantacuzeno
1321 2820 1490 2859 mittitur,
1519 2818 1580 2853 cui
