1794 3158
310 125 427 189 406
830 139 1246 186 ANNOTATmNEs

417 244 521 299 Pag,
542 258 626 299 109,
642 260 682 300 7.
709 245 943 297 Eugenia
960 243 1291 296 Palaeologa.
1317 242 1524 295 Nobilitas,
1539 252 1734 294 senectus,

306 301 413 340 vitae
441 302 642 351 sanctitas,
671 301 881 353 prudentia
908 300 950 336 in
978 298 1052 337 hac
1080 298 1226 337 femina
1257 299 1551 351 spectabantur,
1580 314 1670 340 cum
1698 303 1735 341 ei

306 355 516 409 legationis
555 369 700 394 munus
736 355 1021 406 imponeretur.
1079 353 1177 392 Fuit
1213 367 1306 406 ergo
1345 353 1565 393 Andronici
1607 357 1735 395 maio·

306 412 361 449 ris
412 411 602 461 amitina3
650 409 803 448 amitini
841 410 987 461 quippe
1027 414 1120 447 sunt
1160 408 1327 447 fratrum
1366 413 1405 446 et
1438 423 1621 448 sororum
1648 411 1740 457 filii.⁴

306 465 427 515 Quod
457 473 590 503 autem
617 464 720 503 infra
754 464 918 503 minoris
952 462 1169 503 Andronici
1198 462 1345 514 θείαν,
1390 461 1431 501 id
1465 470 1523 504 est
1567 466 1734 505 amicam

305 534 375 558 seu
393 529 643 559 materteram
671 519 864 567 nominat,
900 519 975 557 hoc
1002 519 1140 571 utique
1165 531 1305 556 verum
1333 531 1413 555 non
1445 526 1517 566 est,
1549 533 1639 558 cum
1660 535 1734 560 nec

304 576 369 612 avi
402 575 563 627 quidem
593 570 692 613 θεία
721 574 853 614 fuerit.
898 573 976 612 Sed
1002 573 1235 621 tenendum,
1260 572 1366 611 hunc
1395 580 1595 613 auctorem
1622 576 1734 614 voci-

301 628 378 667 bus
400 631 529 679 θεῖος,
549 627 659 679 θεία,
692 625 876 679 ἀνεψιὸς,
908 625 1084 679 ἀνεψιὰ,
1125 629 1186 666 uti
1215 627 1340 666 laxius
1373 640 1441 666 seu
1470 627 1580 668 abuti
1602 631 1738 683 potius

302 683 353 721 ad
372 685 646 736 cognationem
659 684 779 722 etiam
810 685 943 722 minus
969 684 1236 736 propinquam
1268 682 1534 726 indicandam.
1562 698 1733 726 ΡοΝΤΑΝ.

411 740 512 791 Pag.
536 753 623 792 109,
637 738 676 781 8.
697 737 770 790 τῆς
786 739 878 778 add.
900 740 956 777 Μ.
978 753 1057 791 mg.
1076 746 1168 777 ante
1185 737 1388 788 βασιλέως
1404 744 1442 776 et
1459 753 1535 791 pro
1551 736 1734 793 Μιχαὴλ.

300 817 354 824 -
377 797 480 840 παῖς
502 792 647 846 legitur
672 793 848 832 ibidem:
883 792 928 831 ἐν
954 786 1076 848 ἄλλῳ·
1100 793 1176 832 τοῦ
1200 790 1479 843 πρεσβυτέρου
1498 796 1612 839 παῖς.

412 848 512 900 Pag.
536 862 621 902 109,
638 863 678 902 9.
705 863 744 886 m
759 863 892 900 agna
919 847 1206 888 domestica.
1237 846 1387 885 Utrum
1406 847 1514 899 quod
1530 856 1733 900 parentem

298 901 486 942 habuerit
514 917 704 956 magnum
731 902 1005 950 domesticum,
1035 917 1083 941 an
1116 900 1226 955 quod
1251 901 1323 940 tali
1351 901 1486 941 functa
1516 910 1614 942 esset
1642 918 1734 942 mu-

297 970 395 996 nere
421 957 526 1010 apud
559 959 867 1010 imperatricem,
899 957 1007 1010 quali
1037 959 1143 1010 apud
1160 960 1440 1010 imperatorem
1461 971 1628 1010 magnus
1659 959 1734 998 do-

297 1014 516 1051 mesticus?
571 1013 683 1054 Uxor
717 1013 879 1065 quidem
916 1026 998 1051 non
1029 1012 1107 1051 fuit
1143 1012 1310 1051 alicuius
1338 1012 1470 1064 magni
1499 1012 1731 1064 domestici3

295 1067 436 1106 fuisset
469 1069 575 1106 enim
604 1068 850 1106 connubium
876 1067 992 1107 valde
1023 1069 1162 1121 impar.
1209 1067 1420 1106 Praeterea
1447 1067 1641 1107 monacha
1670 1069 1733 1108 di-

297 1122 416 1161 citur.
475 1123 555 1162 Sed
583 1136 664 1174 quo
691 1130 805 1175 pacto
834 1122 1056 1172 monacha,
1086 1124 1118 1161 si
1145 1121 1307 1161 aulica?
1348 1135 1399 1159 an
1430 1121 1608 1161 abutitur
1635 1137 1733 1164 voce

294 1178 486 1215 monacha
526 1185 689 1230 propter
721 1177 952 1229 pudicitiam
983 1178 1165 1230 vitaeque
1191 1175 1497 1216 sanctimoniam
1520 1208 1532 1227 ‚
1564 1192 1643 1230 qua
1667 1180 1731 1218 in-

296 1237 378 1269 star
407 1232 627 1271 monachae
657 1233 775 1271 etiam
803 1233 844 1270 in
872 1230 1019 1284 palatio
1049 1230 1252 1270 clarebat?
1317 1231 1402 1269 Ein
1436 1231 1729 1272 Beaeclvwester.

296 1285 406 1334 Quid
434 1288 466 1325 si
496 1286 599 1325 illud
625 1301 770 1339 magna
797 1287 1009 1324 domestica
1035 1286 1274 1326 honorarius
1301 1292 1457 1325 tantum
1483 1286 1625 1326 titulus
1658 1288 1733 1327 suit

295 1340 381 1378 sinc
411 1341 640 1391 functione,
675 1349 721 1380 ut
756 1340 823 1379 alii
854 1340 969 1380 multi
997 1355 1068 1393 per
1096 1342 1137 1380 id
1163 1343 1353 1394 tempus?
1403 1340 1453 1378 de
1479 1355 1560 1393 quo
1590 1344 1632 1381 in
1663 1357 1730 1382 ex-

293 1393 507 1445 plicatione
549 1395 790 1448 dignitatum
838 1409 883 1434 ac
933 1396 1184 1436 functionum
1215 1395 1353 1451 palatii
1390 1395 1560 1436 diximus
1580 1428 1593 1447 ‚
1639 1405 1730 1452 post

291 1450 458 1501 praefat.
486 1450 536 1488 ad
566 1450 770 1489 lectorem.
827 1463 1008 1490 PONTAN.

400 1505 504 1556 Pag.
540 1518 627 1558 109,
665 1519 724 1547 10.
750 1504 955 1556 βασιλέως
978 1505 1112 1543 αὐτοῦ
1132 1505 1302 1545 τοιαῦτα
1328 1507 1387 1545 Μ.

400 1558 502 1612 Pag.
538 1573 628 1612 109,
664 1560 725 1599 16.
769 1558 829 1604 εἰς
869 1558 913 1598 ἓν
953 1558 1037 1599 ταῖν
1074 1561 1414 1613 φροντιστηρίων.
1487 1562 1529 1601 Si
1573 1563 1721 1603 verilo-

287 1613 428 1664 quium
456 1621 607 1666 spectes
635 1615 773 1662 verbi,
820 1609 1143 1666 φροντιστήριον
1195 1615 1305 1654 locus
1343 1623 1402 1654 est
1438 1618 1723 1670 cogitationum

288 1681 358 1705 seu
385 1669 766 1709 commentationum
783 1698 796 1719 ,
824 1669 867 1706 id
904 1675 990 1719 est,
1030 1670 1102 1708 ubi
1143 1671 1399 1722 cogitationes
1423 1676 1724 1714 commentatio-

285 1735 436 1774 nesque
489 1731 643 1763 nostras
685 1724 925 1776 explicamus
973 1730 1093 1776 atque
1130 1725 1183 1764 ad
1220 1726 1424 1765 audientes
1468 1728 1722 1780 proferimus,

285 1777 414 1828 qualis
441 1785 514 1828 est,
546 1780 614 1831 qui
641 1778 692 1817 ab
720 1780 802 1817 otio
834 1777 971 1817 schola
1011 1779 1169 1823 dicitur.
1226 1779 1352 1819 Iulius
1378 1781 1535 1822 Pollux:
1564 1781 1636 1821 καὶ
1670 1783 1720 1824 τὰ

284 1830 556 1871 διδασκαλεῖα
586 1832 639 1871 ου’
677 1833 964 1884 παιδαγωγεῖα
988 1831 1113 1883 μόνον
1162 1835 1239 1873 καί
1270 1832 1483 1887 φωλεούς,
1522 1834 1626 1876 α’λλὰ
1648 1840 1723 1879 καὶ
1755 1876 1758 1878 Α

285 1884 598 1939 φροντιστήρια.
677 1888 797 1927 Valet
844 1889 962 1926 etiam
1001 1891 1287 1928 monasterium
1343 1891 1427 1930 sive
1472 1893 1720 1935 coenobium.

281 1939 447 1994 Suidas:
480 1937 808 1995 φροντιστήριον·
834 1938 1026 1995 διατριβή
1045 1937 1073 1997 ἢ
1090 1941 1399 1999 μοναστήριον,
1432 1940 1533 2001 ὅπερ
1561 1943 1600 1988 οἱ
1621 1947 1720 1990 'At-⁴

281 1992 391 2034 τικοί
406 2000 604 2046 Υσεμνεῑόν
625 1997 814 2038 καλοῦσι.
852 2011 1020 2039 PONTAN.

390 2050 493 2103 Pag.
529 2065 615 2106 109,
652 2066 714 2104 17.
743 2048 851 2102 μετὰ
881 2066 962 2096 om.
993 2053 1050 2093 M.

389 2103 494 2157 Pag.
523 2119 611 2157 110,
638 2108 699 2146 13.
733 2103 939 2159 παρόντος
966 2109 1025 2146 Μ.

389 2157 491 2211 Pag.
525 2173 617 2210 111,
647 2162 686 2201 6.
740 2159 818 2212 τὴν
850 2159 956 2213 ἐμήν
988 2158 1126 2202 θείαν.
1184 2159 1277 2200 Non
1304 2163 1380 2202 fuit
1404 2164 1567 2217 proprie
1596 2165 1714 2218 θεία,

278 2212 322 2250 id
361 2219 421 2250 est
461 2217 585 2265 patris
613 2223 683 2254 aut
710 2217 850 2255 matris
879 2231 994 2256 soror
1011 2246 1023 2268 ,
1053 2225 1093 2256 et
1123 2216 1422 2258 Cantacuzenus
1449 2219 1564 2258 verbi
1594 2220 1715 2260 huius

278 2265 439 2305 licentia
469 2268 630 2308 liberior
657 2278 730 2310 est.
787 2271 974 2311 Forsitan
992 2302 1003 2319 ‚
1046 2286 1137 2311 cum
1165 2273 1325 2325 proprio
1363 2273 1423 2312 uti
1450 2273 1597 2322 vellet,
1637 2289 1712 2315 nec

277 2322 492 2372 inveniret,
519 2325 696 2364 vicinum
723 2328 889 2378 accepit3
919 2335 958 2366 et
988 2326 1031 2366 id
1064 2328 1191 2367 eidem
1220 2329 1261 2366 in
1282 2323 1457 2379 α’νεψιόν
1483 2330 1713 2383 contingere

275 2378 419 2427 potuit.
447 2377 543 2427 Nec,
572 2387 618 2417 ut
639 2394 780 2419 verum
810 2381 948 2430 fatear,
966 2383 1155 2421 Latinum
1170 2384 1375 2436 proprium
1395 2382 1495 2422 mihi
1522 2386 1711 2434 occurrit,

276 2444 373 2483 quo,
398 2431 577 2484 inquam,
605 2433 728 2474 filiam
757 2438 903 2476 sororis
930 2439 1069 2490 proavi
1096 2439 1173 2477 mei
1190 2438 1401 2490 appellem,
1423 2439 1498 2477 nisi
1515 2441 1708 2479 maiorem

273 2487 480 2525 amitinam
497 2487 595 2527 velis
617 2490 822 2542 appellari,
840 2493 934 2545 quia
952 2494 1037 2546 ipsa
1053 2507 1167 2533 soror
1191 2494 1330 2546 proavi
1349 2501 1407 2533 est
1425 2495 1552 2532 maior
1569 2495 1706 2535 amita.

272 2536 372 2578 Ideo
401 2549 608 2594 cognatam
649 2547 884 2598 nominavi,
924 2548 966 2586 in
1001 2563 1081 2602 quo
1121 2562 1254 2588 errare
1282 2563 1363 2587 non
1390 2549 1514 2601 potui.
1571 2549 1705 2589 Possis

273 2595 393 2634 etiam
421 2596 699 2637 consobrinam
733 2602 1012 2653 interpretari3
1048 2618 1141 2643 nam
1177 2603 1297 2642 hodie
1323 2604 1441 2643 latius
1469 2610 1577 2655 patet
1603 2604 1703 2644 haec

273 2663 379 2700 vox,
418 2664 492 2689 nec
528 2656 804 2692 tantummodo
833 2656 872 2693 in
898 2672 1079 2697 sororum
1097 2689 1107 2705 ‚
1142 2666 1211 2697 aut
1238 2658 1406 2696 fratrum
1437 2673 1700 2711 sororumque

271 2703 360 2744 filiis
390 2704 636 2746 domicilium
664 2708 799 2748 habet.
856 2711 962 2751 Infra
992 2713 1253 2767 appellabitur
1281 2711 1447 2763 α’νεψιοί,
1477 2726 1651 2752 PONTAN.
