1800 3164
230 138 248 172 Ῑ
265 140 292 172 2
747 139 1121 182 CANTACUZENI

27 243 210 289 A.c.1347
225 238 302 278 τοῦ
329 238 424 280 νέου
451 239 657 291 βασιλέως
684 238 1059 294 παρεσκευάζοντο,
1079 242 1152 290 καί
1171 241 1318 290 πάντες
1336 242 1389 284 έν
1409 244 1547 285 ἐλπίσι
1563 259 1669 298 χρη-

172 303 434 360 ῡστοτέραις
464 298 585 358 ἦσαν,
616 301 949 355 ἀναπνεύσαντες
975 302 1056 347 ἀπὸ
1088 309 1169 348 τῶν
1193 308 1269 349 τοῦ
1300 311 1482 362 πολέμου
1515 311 1670 363 δυσχε-

220 372 321 424 ρῶν.
378 371 432 411 ου’
455 369 582 424 μόνον
609 371 688 426 γὰρ
720 369 759 412 οἱ
783 371 985 424 Ῥωμαῖοι
1013 375 1088 428 τῆς
1115 372 1221 429 πρὸς
1241 371 1448 429 ἆλλὴλους
1469 374 1669 417 ἐπαύοντο

220 437 430 492 διαφορᾶς
469 436 544 478 καὶ
579 436 778 488 στάσεως,
812 437 921 480 ἄλλα
955 437 1029 480 καί
1056 438 1094 481 οἱ
1121 438 1279 491 ἔξωθεν
1311 442 1503 493 πολέμιοι
1531 440 1669 482 πυθό-

215 517 351 555 μενοι,
381 501 438 551 ὦς
467 502 551 543 ύπὸ
583 505 765 556 βασιλέα
793 503 866 545 τὸν
898 505 1248 561 Καντακουζηνὸν
1278 503 1421 548 ἅπασα
1443 504 1705 562 ἦῬωμαιῑό

216 583 275 610 ων
313 570 474 622 γένοιτο
505 566 706 623 ἡγεμονία
718 603 730 622 ,
770 569 971 612 ἐπαύοντο
1011 576 1222 624 πολεμεῖν.
1286 573 1334 614 οὕ
1362 571 1490 625 μόνον
1517 571 1597 629 γὰρ
1629 571 1671 615 οἱ

216 630 367 689 ὅμοροι
407 633 608 676 δυνάσται
644 638 872 693 παρασπᾷν
903 653 944 678 τι
982 639 1057 693 τῆς
1081 637 1300 690 Ῥωμαίων
1326 637 1546 693 ἡγεμονίας
1575 641 1671 680 ἐπε-

210 703 412 755 χείρουν,
457 700 564 742 α’λλὰ
592 703 666 743 καί
688 703 902 757 μαρκέσης
932 702 955 744 ὅ
986 702 1300 759 Λουμπαρδίας
1332 700 1490 759 ἄρχων,
1521 704 1671 753 υἱωνὸς

216 760 275 808 ὧν
303 768 382 808 τοῦ
411 765 578 822 πρώτου
607 769 814 821 βασιλέως
839 769 1103 825 Ἀνδρονίκου
1142 769 1217 812 καί
1252 769 1328 826 τήν
1347 771 1568 823 Ῥωμαίων
1592 771 1672 826 α’ρ-
1799 762 1800 820 i

67 849 113 883 v,
133 849 204 884 563
219 831 299 887 χὴν
327 832 444 890 αύτῷ
471 832 697 888 προσήκειν
724 835 808 876 τῶν
837 830 975 877 ἄλλων
1001 838 1161 889 μᾶλλον
1190 836 1341 890 ἀξιῶν,
1379 839 1470 892 (καί
1487 836 1568 893 γὰρ
1600 835 1735 881 καίιο
1799 835 1800 842 “

211 898 231 940 ὅ
277 916 416 954 πατηρ
461 900 579 957 αύτῷ
620 899 844 956 Θεόδωρος
872 902 1126 960 Ἀνδρονίκῳ
1164 904 1220 960 τῷ
1258 905 1335 961 νέῳ
1379 907 1551 958 βασιλεῖ
1575 906 1672 959 περὶ

75 975 198 1021 P.708
211 965 286 1019 τῆς
322 966 543 1019 Ῥωμαίων
584 966 808 1021 ἡγεμονίας
834 965 1091 1024 ἠμφισβήτει
1102 972 1136 1026 ,)
1175 967 1432 1023 πυθόμενος,
1464 967 1521 1019 ὥς
1547 973 1671 1024 βασι-

203 1030 367 1074 λεύσειε
396 1031 511 1088 παρὰ
535 1033 760 1087 Ῥωμαίοις
790 1033 812 1076 ὃ
845 1034 1202 1092 Καντακουζηνὸς
1230 1035 1304 1078 καί
1330 1034 1407 1091 τήν
1436 1037 1514 1089 μὲν
1544 1031 1672 1091 ἄλλην

207 1095 377 1141 ἅπασαν
406 1095 542 1155 ἀρχὴν
571 1100 767 1156 α’φέλοιτο
794 1104 876 1143 τῶν
903 1103 1111 1155 βασιλέως
1138 1103 1302 1144 παίδων
1321 1135 1332 1157 ,
1363 1102 1596 1154 Βυζάντιον
1625 1103 1673 1144 δὲ

207 1164 334 1220 μόνον
362 1168 433 1208 καί
469 1167 753 1224 Θεσσαλονίκη
780 1170 855 1209 καί
884 1165 1016 1218 Αἶνος
1043 1168 1322 1224 ὑπολείποιτο,
1355 1171 1589 1224 ἐσκέπτετο,
1614 1166 1671 1218 ὥς
1690 1170 1735 1212 15

209 1232 283 1275 καὶ
330 1231 456 1282 αὐτὸς
496 1233 686 1276 ἐπελθών
742 1231 922 1288 δυνάμει
962 1237 1135 1292 ναυτικῇ
1183 1236 1266 1278 τῶν
1308 1235 1674 1289 ὑπολελειμμένων

214 1299 398 1345 ’τουτωνὶ
423 1299 585 1343 πόλεων
613 1299 835 1356 κρατήσειε
867 1305 1025 1354 μᾶλλον
1057 1303 1175 1359 αὐτῷ
1190 1303 1488 1358 προσηκουσῶν
1503 1302 1549 1342 ἐκ
1572 1298 1671 1356 κλή-

214 1381 294 1421 ρου
322 1363 536 1423 πατρῴου,
565 1362 592 1421 ἢ
622 1366 980 1422 Καντακουζηνόν
1006 1366 1079 1409 τὸν
1110 1370 1287 1421 βασιλέα
1319 1365 1450 1422 ἔχειν.
1505 1365 1670 1422 ένήγετο

213 1432 262 1473 δὲ
292 1431 480 1485 μάλιστα
507 1432 614 1489 πρὸς
640 1435 761 1475 τοῦτο
791 1435 864 1475 καί
891 1431 1007 1488 παρὰ
1025 1435 1100 1475 τοῦ
1121 1431 1316 1487 γυναικὸς
1341 1434 1531 1490 ἀδελφοῦ
1552 1435 1672 1474 Κου-

214 1498 378 1553 μίντζη,
407 1501 835 1558 προσαγορευομένου,
858 1499 1175 1555 Καρδιναλίου,
1220 1498 1422 1555 χρήματα
1452 1515 1499 1541 τε
1535 1497 1668 1542 πολλοὶ
1684 1515 1736 1543 20
1791 1505 1795 1508 ’

214 1563 319 1620 πρὸς
352 1563 425 1607 τὸν
459 1564 605 1607 στόλον
647 1568 939 1621 παρεχομένου
980 1566 1053 1608 καί
1084 1563 1212 1622 ἄλλην
1241 1569 1479 1609 συντέλειαν
1514 1565 1671 1621 πολλὴν

218 1630 323 1687 πρὸς
356 1630 433 1687 τήν
470 1629 752 1687 παρασκευήν.
821 1632 894 1674 καὶ
923 1629 1002 1687 ἤδη
1030 1631 1360 1689 παρεσκεύαστο,
1390 1631 1448 1682 ὥς
1480 1628 1568 1686 ἅμα
1593 1628 1671 1688 ἦρι

178 1699 295 1741 Βτοῦ
330 1695 449 1747 ἔτους
489 1700 648 1741 ἐκείνου
686 1696 846 1755 μεγάλῃ
880 1696 1058 1752 δυνάμει
1091 1700 1261 1756 ναυτικῇ
1293 1696 1554 1742 ἕπιπλεύσων
1581 1702 1672 1742 Βυ-

218 1764 408 1815 ζαντίοις.
1795 1811 1800 1824 ,

326 1830 377 1884 β’.
434 1830 691 1885 Πυθόμενος
721 1833 768 1874 δὲ
797 1831 911 1889 παρα
946 1834 1279 1889 Βαρθολομαιόυ
1308 1831 1434 1886 τινος,
1463 1830 1521 1881 ὥς
1554 1834 1670 1874 Καν-
1685 1834 1736 1876 25
1788 1827 1800 1860 ’ἶ

219 1895 476 1954 τακουζηνός
508 1897 533 1941 ὅ
561 1897 762 1953 βασιλεύς
791 1899 1025 1950 Βυζάντιόν
1055 1915 1100 1940 τε
1124 1894 1202 1954 ἤδη
1234 1898 1306 1940 καί
1321 1897 1395 1954 τὴν
1413 1895 1543 1955 ἄλλην
1561 1895 1672 1940 ἅπα-

218 2016 329 2050 etiam
363 2017 479 2050 exteri
511 2017 633 2051 hostes
670 2017 737 2051 sub
775 2017 1016 2052 Cantacuzeni
1047 2018 1302 2052 auctoritatem
1329 2022 1446 2053 totum
1474 2019 1669 2063 imperium

217 2063 417 2097 Romanum
444 2062 650 2097 subiectum
675 2076 752 2099 esse
778 2066 980 2106 audientes,
1004 2075 1100 2097 arma
1125 2064 1362 2099 inhibebant:
1398 2066 1577 2111 siquidem
1602 2077 1670 2098 an-

217 2115 277 2144 tea
302 2116 339 2143 et
363 2110 475 2144 vicini
503 2111 678 2155 dynastae
702 2112 844 2158 aliquid
869 2112 914 2145 ab
934 2124 977 2147 eo
1000 2111 1174 2144 abradere
1195 2111 1431 2145 laborabant:
1457 2119 1495 2146 et
1508 2113 1670 2150 Marchio

220 2168 240 2190 c
266 2157 484 2190 Lombardia
513 2159 695 2203 princeps,
724 2160 952 2203 imperatoris
970 2159 1168 2192 Andronici
1194 2160 1348 2192 senioris
1375 2170 1419 2192 ex
1444 2160 1520 2192 filio
1543 2172 1671 2204 nepos,

218 2206 283 2250 qui
300 2215 385 2250 prae
404 2206 534 2238 ceteris
555 2207 724 2240 omnibus
749 2205 821 2239 sibi
847 2207 1054 2251 imperium,
1078 2211 1259 2252 tamquam
1290 2207 1477 2246 debitum,
1501 2207 1671 2241 vindica-

218 2252 294 2291 bat,
320 2252 439 2297 (cuius
465 2252 576 2285 etiam
601 2259 705 2297 pater
720 2253 936 2287 Theodorus
963 2265 1043 2286 cum
1069 2252 1276 2286 Andronico
1304 2253 1447 2287 iuniore
1473 2253 1518 2286 de
1544 2254 1674 2288 eodem

219 2298 458 2344 litigaverat‚)
485 2301 617 2342 certio:
631 2301 760 2341 factus,
778 2300 947 2334 Romanis
973 2299 1268 2335 Cantacuzeuum
1294 2301 1484 2345 imperare,
1513 2311 1555 2333 ac
1571 2312 1676 2346 prae-

218 2351 275 2380 ter
301 2346 527 2390 Byzantium,
551 2345 851 2381 Thessalonicam
890 2352 927 2380 et
964 2347 1105 2381 Aenum
1142 2348 1324 2391 reliquum
1346 2359 1454 2381 omne
1478 2348 1675 2393 imperium

219 2394 306 2427 filiis
332 2393 496 2426 defuncti
520 2392 751 2438 imperatoris
775 2394 982 2434 abstulisse,
1006 2393 1280 2433 considerabat,
1315 2395 1498 2440 quomodo
1537 2400 1574 2428 et
1599 2396 1678 2439 ipse

219 2440 375 2474 adducta
404 2441 516 2474 classe
543 2440 673 2473 barum
702 2442 811 2474 trium
846 2441 993 2474 urbium
1018 2441 1091 2476 sibi
1120 2441 1244 2484 potius,
1267 2451 1312 2474 ex
1343 2446 1496 2485 paterna
1523 2441 1671 2475 heredi-

218 2493 306 2529 tate,
332 2499 440 2532 quam
465 2486 731 2529 Cantacuzen0‚
755 2487 962 2522 debitarum
987 2489 1187 2532 potiretur:
1215 2487 1261 2521 ad
1287 2487 1387 2533 quod
1414 2499 1494 2521 eum
1522 2488 1671 2522 mirifice

218 2535 425 2568 Cumintzes
448 2533 656 2574 cardinalis,
673 2536 794 2569 uxoris
813 2536 891 2569 eius
919 2535 1043 2575 frater,
1069 2534 1315 2568 sollicitabat:
1341 2536 1405 2580 qui
1430 2536 1541 2568 etiam
1565 2535 1673 2569 navi-

217 2582 286 2615 bus
324 2579 558 2614 aedificandis
591 2592 667 2614 non
701 2583 864 2627 exiguam
897 2582 1112 2626 pecuniam,
1151 2586 1188 2615 et
1218 2582 1357 2627 alioqui
1386 2580 1432 2615 ad
1460 2587 1674 2626 apparatum

217 2628 390 2663 bellicum
410 2629 611 2672 impensam
628 2640 702 2662 non
726 2629 905 2662 modicam
926 2628 1151 2662 conferebat.
1199 2629 1345 2674 Iamque
1365 2628 1560 2662 instructus
1583 2634 1673 2669 erat,

217 2682 259 2710 ut
293 2676 394 2709 illius
430 2677 517 2709 anni
556 2685 639 2710 vere
676 2677 828 2709 ineunte
868 2677 1060 2720 Byzantios
1099 2686 1226 2721 magna
1260 2675 1427 2720 potentia
1459 2676 1580 2710 navali
1610 2686 1674 2721 ag·-

217 2733 413 2770 gressuruS.

311 2782 342 2805 α.
396 2769 718 2808 Verumenimvcro
747 2780 791 2807 ex
815 2768 1092 2808 Bartholomaeo
1118 2767 1277 2815 quodam
1309 2768 1537 2815 intelligens,
1580 2767 1656 2806 Can
