1794 3158
363 145 437 186 An
478 144 846 188 emmena-:Ni
884 145 984 187 un.
1012 146 1085 187 iv.
1346 127 1461 196 545,

24 257 115 290 wa
145 257 254 300 sant,
279 248 409 288 denuo
438 250 633 303 inquirere
661 250 891 300 tentaverit,
934 249 969 288 is
999 263 1093 290 sane
1117 250 1232 289 aliud
1262 250 1458 299 nihilfa·

23 312 112 342 ecre
149 303 374 352 censebitur,
402 319 518 358 quam
547 305 599 344 de
612 305 706 359 fide
721 334 732 354 ,
782 317 886 358 quae
915 305 1098 344 hactenus
1131 306 1285 356 valuit,
1322 314 1458 359 aperte

24 357 219 398 dubitare.
281 356 394 397 Unde
421 360 479 398 ad
500 361 740 414 posteritatis
765 360 1003 413 exemplum,
1030 369 1111 399 tum
1143 369 1185 398 ut
1207 374 1257 399 ea
1289 374 1455 415 quoque,

21 424 129 468 quae
162 413 246 452 iam
275 413 371 452 olim
402 428 480 468 pro
501 416 694 454 catholica
721 414 815 469 fide
847 414 1008 470 definita
1040 424 1079 453 et
1115 416 1324 454 constituta
1356 424 1455 463 sunt,

17 477 256 522 perpetuam
265 467 513 522 firmitatem
539 471 708 508 obtinere
736 469 905 508 valeant
919 499 932 518 ,
962 478 1117 523 oportet
1145 483 1195 509 ea
1226 471 1363 509 omnia
1393 471 1460 508 in-

23 536 207 562 concussa
240 525 475 579 immotaque
501 538 734 564 conservare
748 552 758 572 ,
790 538 889 578 quae
928 525 1189 578 superioribus
1225 525 1459 580 temporibus

22 590 54 615 a
75 579 221 617 sanctis
244 580 428 633 patribus
456 583 662 618 constituta
697 587 810 617 sunt.-
849 580 946 632 quia
963 584 982 628 ',
1012 586 1058 618 ut
1086 581 1306 619 Martianus
1335 579 1461 631 impe-

23 639 135 671 rator
161 641 268 672 recte
294 635 362 683 ait,
392 635 583 673 iniuriam
602 636 720 686 facit
748 634 892 671 iudicio
923 635 1274 674 reverendissimae
1301 634 1456 685 synodi,

21 689 63 725 si
92 688 181 742 quis
214 690 334 727 semel
364 688 543 728 iudicata
578 699 616 728 et
648 698 750 728 recte
786 689 976 743 disposita
1010 690 1216 728 revolvere
1243 698 1282 728 et
1303 690 1461 743 publice

26 742 232 796 disputare
258 744 511 785 contendent.

137 797 200 837 De
225 798 461 837 indesinenti
495 796 629 838 studio
662 797 828 838 Latinae
864 795 1050 838 ecclesiae
1091 797 1306 837 revocandi
1333 798 1462 837 Grae-

24 865 95 891 cos
122 851 174 891 ab
203 867 336 892 errore
365 853 462 892 haec
495 854 724 893 Gennadius
756 852 860 892 libro
892 868 966 907 pro
996 853 1177 892 Concilio
1208 852 1458 900 Florentino,

24 920 115 960 cap.
138 907 175 947 5.
200 915 295 950 sect.
321 907 383 947 16.
405 923 416 947 ε
446 910 541 947 Post
567 910 872 948 inobedientiam
902 918 942 948 et
968 909 1136 946 schisma
1167 908 1353 947 Nicolaus
1368 909 1462 962 pri-

26 975 114 1000 mus
132 963 293 1016 ipsemet
336 963 715 1020 Constantinopolim
742 965 938 1019 profectus
970 972 1050 1013 est,
1091 962 1228 1002 Plzotii
1262 972 1431 1017 tempore
1446 991 1459 1010 ,

27 1025 70 1054 ut
95 1018 249 1057 tolleret
282 1020 448 1057 schisma
458 1034 474 1068 ,·
509 1034 624 1075 quem
657 1033 743 1058 cum
785 1034 862 1058 non
902 1019 1153 1073 recepissent,
1189 1019 1463 1057 excommmzi—

24 1072 180 1111 cationi
209 1074 260 1112 ab
283 1088 327 1112 eo
358 1074 514 1112 subiecti
545 1083 645 1113 szmt.
705 1075 807 1114 Post
836 1075 938 1112 lzunc
979 1074 1122 1111 summi
1149 1073 1356 1127 pontifices
1389 1085 1466 1127 per

26 1131 248 1180 temporum
275 1130 379 1167 vices
401 1143 480 1168 non
501 1130 727 1168 destiterunt
760 1129 926 1167 scribere
952 1136 991 1167 et
1025 1129 1177 1166 hortari
1209 1128 1380 1166 Graecos
1405 1125 1465 1165 ad

22 1182 212 1222 ecclesiae
237 1186 529 1223 conversionem
559 1194 599 1223 et
619 1184 892 1234 obedientiam,
911 1196 1104 1238 quousque
1127 1192 1264 1221 coacta
1292 1191 1350 1221 est
1369 1196 1464 1231 syn—

26 1236 124 1275 odus
155 1239 267 1292 apud
291 1239 520 1291 Lugdunum
536 1268 547 1289 ‚
587 1253 711 1294 quam
753 1238 899 1278 Graeci
931 1247 1116 1277 octavam
1144 1246 1311 1285 vocant,
1356 1237 1464 1277 cuius

25 1301 168 1331 auctor
198 1296 349 1333 exstitit
369 1294 580 1346 Gregorius
606 1308 720 1349 papa
750 1293 938 1343 decimus,
972 1302 1009 1331 et
1041 1293 1131 1330 unio
1163 1301 1221 1330 est
1252 1292 1462 1334 subsecuta.

25 1345 111 1385 Sed
139 1349 277 1387 iterum
315 1349 538 1400 defecerunt
569 1357 607 1387 et
649 1351 787 1387 iterum
825 1349 972 1400 legatos
1005 1348 1193 1385 ecclesiae
1223 1355 1461 1400 receperunt.

29 1401 190 1454 Cogitur
210 1404 380 1454 synodus
407 1403 842 1458 Constantinopolitana
871 1416 959 1441 cum
983 1416 1117 1456 papae
1150 1402 1285 1453 legatis
1305 1430 1317 1452 ,
1338 1400 1464 1439 Ioan—

25 1457 90 1496 nis
117 1457 237 1497 Becci
258 1459 495 1513 temporibus
512 1457 942 1512 Constantinopolitani
971 1456 1247 1512 patriarchae,
1280 1464 1319 1495 et
1347 1456 1464 1494 unio-

24 1523 116 1551 nem
141 1514 329 1568 amplexi
366 1523 456 1553 sunt
485 1513 542 1553 ad
570 1514 687 1552 breve
715 1522 885 1567 tempuS‚
932 1511 1195 1551 obedientiam
1229 1510 1464 1549 ostendentes

22 1575 66 1606 et
81 1580 243 1622 pacem,
273 1568 344 1607 sed
363 1578 499 1623 postea
527 1583 657 1607 rursus
684 1568 741 1606 ad
764 1581 876 1606 suum
902 1576 940 1606 et
958 1565 1166 1621 proprium
1192 1567 1380 1605 vomitum
1399 1580 1463 1604 re—

0 1631 237 1670 tverterunt.
293 1623 377 1663 Sed
412 1637 483 1663 nec
519 1637 648 1662 rursus
680 1622 886 1675 defatigati
915 1631 1005 1661 sunt
1037 1622 1218 1660 ecclesiae
1249 1621 1464 1659 catholicae

0 1674 228 1732 ¹{praesides
252 1692 315 1718 eos
339 1679 399 1718 ad
423 1678 681 1718 obedientiam
708 1684 746 1716 et
767 1691 907 1732 pacem
941 1677 1127 1715 excitare.
1183 1675 1241 1715 At
1261 1673 1338 1722 illi,
1375 1686 1463 1714 cum

0 1742 1 1762 ³
24 1734 151 1772 semel
173 1734 454 1773 obsurduissent
477 1763 490 1784 ,
539 1747 618 1772 non
647 1740 874 1787 paruerunt.
932 1729 1141 1770 Protracta
1172 1739 1228 1768 est
1256 1731 1375 1782 igitur
1403 1742 1464 1767 res

27 1799 144 1842 usque
171 1789 230 1828 ad
259 1803 329 1829 nos
371 1790 673 1843 aspeximusque
712 1789 852 1826 nostris
885 1786 1009 1824 oculis
1031 1815 1042 1833 ,
1093 1785 1201 1839 quod
1230 1782 1343 1822 multi
1368 1792 1462 1822 ante

0 1852 1 1856 ’
29 1855 100 1882 nos
121 1846 378 1895 patriarchae
401 1854 439 1883 et
463 1857 571 1896 reges
594 1843 730 1881 videre
755 1849 1007 1895 exoptarunt,
1034 1854 1102 1878 nec
1127 1839 1322 1877 viderunt.
1378 1838 1462 1876 Nos

24 1910 121 1938 vero
145 1900 316 1940 vidimus
349 1900 614 1939 beatissimum
649 1896 870 1949 Eugenium
905 1892 986 1937 IV.
1036 1895 1240 1933 Romanae
1279 1890 1462 1932 ecclesiae

20 1955 248 2009 pontificem
279 1969 486 2004 summum,
516 1961 659 2008 quanto
696 1952 822 1991 studio
853 1952 895 1989 in
917 1952 989 1990 Ιιοο
1025 1958 1200 1988 sanctum
1224 1962 1319 2002 opus
1353 1949 1462 1986 ineu*

28 2007 168 2059 buerit,
194 2011 413 2049 triremibus
441 2009 566 2048 nassis
599 2017 637 2046 et
669 2006 882 2061 sumptibus
898 2034 910 2054 ,
941 2014 983 2043 ut
1017 2005 1088 2043 hoc
1112 2018 1294 2056 magnum
1324 2003 1462 2041 vulnus

26 2075 244 2114 sanaretur,
281 2066 549 2119 celebrataque
574 2071 631 2102 est
659 2062 830 2114 synodus
850 2062 983 2113 ingens
1012 2068 1050 2098 et
1081 2057 1334 2098 admirabilis
1359 2056 1461 2096 Fer-

29 2121 172 2160 rariae
205 2129 245 2159 et
266 2121 505 2169 Florentiae,
539 2118 749 2170 insignibus
773 2116 918 2155 Italiae
946 2115 1111 2160 urbibus,
1146 2127 1294 2166 magna
1326 2111 1461 2152 docto-

25 2187 116 2213 rum
141 2184 179 2215 et
200 2177 420 2229 sapientum
444 2175 621 2213 virorum
634 2172 869 2227 frequentia
900 2180 937 2210 et
970 2168 1187 2222 theologiae
1216 2168 1380 2207 scientia
1411 2179 1460 2206 ac

28 2230 171 2269 virtute
194 2231 419 2270 illustrium.
494 2228 671 2268 Tandem
706 2228 898 2266 decretum
939 2228 1136 2264 sancitum
1173 2231 1229 2261 est
1256 2222 1367 2262 omni
1394 2237 1462 2260 sa-

23 2286 177 2338 pientia
209 2294 247 2324 et
273 2287 436 2324 veritate
476 2284 720 2338 conspictutm
734 2312 745 2330 ,
780 2281 887 2336 quod
913 2281 1050 2335 ubique
1085 2287 1141 2317 est
1165 2278 1460 2333 promulgatum

29 2348 69 2378 et
99 2341 149 2378 ab
180 2341 353 2379 omnibus
384 2340 558 2391 gentibus
592 2346 798 2393 receptum.
859 2336 1004 2375 Graeci
1032 2348 1127 2372 vero
1158 2342 1195 2372 et
1216 2347 1271 2371 ea:
1299 2332 1362 2382 iis,
1391 2329 1461 2386 qui

26 2395 176 2449 peioris
217 2404 305 2434 sunt
339 2395 592 2441 conditionis,
623 2394 803 2444 vulgares
838 2389 1001 2446 qtu‘dam
1028 2388 1198 2428 homines
1243 2393 1281 2425 et
1313 2384 1460 2425 indocti

31 2450 121 2488 kuic
148 2450 428 2498 contradicunt,
465 2463 512 2487 ac
533 2449 568 2486 si
591 2448 677 2503 quis
704 2446 866 2486 rationis
887 2445 1086 2500 particeps
1117 2443 1268 2482 decreto
1302 2447 1461 2480 contra·

33 2503 146 2554 dicit,
173 2505 220 2544 id
240 2519 318 2544 non
350 2518 377 2543 a
404 2504 587 2543 doctrina
611 2501 886 2558 proficiscitur,
922 2500 993 2539 secl
1013 2501 1063 2538 ab
1095 2496 1220 2536 animi
1238 2496 1460 2548 pravitate,

15 2559 139 2610 falsa
154 2568 191 2598 et
207 2561 325 2599 stulta
339 2558 657 2614 praesumptione
672 2567 709 2596 et
720 2557 848 2608 gloria
867 2556 992 2602 inuiti,
1007 2566 1124 2608 quam
1138 2566 1192 2590 ex
1206 2549 1315 2602 vulgi
1333 2551 1461 2603 impe-

33 2614 128 2653 titia
146 2623 412 2668 aucupantur.
451 2615 511 2654 lta
532 2628 604 2666 pro
621 2613 770 2652 Latinis
783 2611 1012 2651 Gennadius
1029 2604 1251 2661 patriarcha
1270 2608 1458 2667 Graeeus.

141 2668 326 2708 Ceterum
353 2683 433 2708 non
461 2668 580 2708 modo
605 2681 666 2708 res
693 2668 806 2708 toties
835 2667 1024 2711 discussa,
1054 2662 1158 2701 disce
1188 2666 1268 2699 tata
1288 2667 1326 2699 et
1354 2659 1458 2697 diiu-

34 2723 180 2774 dicata,
204 2723 272 2763 sed
299 2724 417 2763 etiam
445 2738 600 2765 summa
627 2724 855 2770 obstinatio,
883 2717 1099 2774 pertinacia
1117 2746 1129 2769 ,
1176 2717 1298 2755 evitas
1326 2721 1364 2754 et
1393 2725 1458 2752 ar-

83 2800 358 2837 Camacuzenus
384 2799 453 2839 111.
1156 2792 1197 2827 35
