1800 3164
561 172 939 218 ms‘romARoM
979 176 1047 216 1v.
1090 180 1133 220 2.
1504 173 1522 209 1
1536 153 1569 210 3

121 294 201 323 σαν
246 279 467 332 Ῥωμαίων
519 277 656 333 ἀρχὴν
702 276 1016 334 ὖποποιήσαιτο,
1062 272 1265 330 ἇπέσχετο
1306 277 1386 318 τοῦ
1428 273 1571 332 ἔργου.
1583 283 1763 332 A.C.=347

123 347 450 400 Βαρθολομαῖος
481 343 563 399 γάρ
593 343 784 397 οὖτοσίν,
802 346 847 386 ἐκ
876 345 1088 400 Δελφίνου
1113 344 1329 397 Ντεβιάνα
1358 338 1567 399 πρὸς”Αν-·

120 428 196 455 ναν
222 410 298 465 τὴν
325 411 524 464 βασιλίδα
553 405 664 464 ἥκων
695 409 980 465 πρεσβευτὴς,
1011 409 1104 452 ἐπεὶ
1126 408 1284 463 μεταξύ
1319 413 1569 464 πρεσβευον-
1587 421 1616 455 C

121 494 190 528 τος
235 474 580 531 Καντακουζηνὸς
620 474 866 530 ὃβασιλεύς
899 475 1065 533 ἐκράτει
1099 478 1339 528 Βυζαντίου
1359 508 1371 530 ,
1414 477 1474 526 εἰς
1502 477 1573 518 λό-

83 547 219 599 5γους
246 541 383 586 ἐλθών
411 541 484 584 καί
505 541 583 597 τὴν
608 545 813 596 βασιλέως
840 543 1008 586 σύνεσιν
1025 542 1277 597 θαυμάσας,
1305 542 1423 600 ming:
1448 558 1494 585 τε
1517 545 1576 601 τῷ

122 609 337 665 Κλήμεντι
364 610 437 651 καί
466 610 525 667 τῷ
552 609 767 663 πέμψαντι
805 611 998 668 Δελφίνῳ
1027 610 1210 667 ἔγραφεν
1237 608 1481 663 ἐπιστολὰς,
1521 606 1574 658 ἃς

0 677 2 701 ⁸
121 674 263 732 ὥσπερ
306 672 420 730 εἶχον
460 672 778 732 προσεθήκαμεν
810 678 862 733 τῇ
893 674 1094 731 διηγήσει.
1151 672 1262 730 εἶχεν
1300 671 1427 731 οῧνῆ
1465 675 1572 731 πρὸς

0 741 3 790 l
121 745 199 797 μὲν
217 743 360 784 πάπαν
380 738 527 791 οὕτως.
581 741 968 796 ,,οἷγαλλιάσθωσαν
993 743 1076 792 πᾶς
1106 741 1130 784 ὅ
1154 740 1257 791 λαός
1285 742 1576 797 τῆςταῖνῬω-

0 827 4 876 5
123 809 262 863 μαίων
291 807 438 864 ἀρχῆς,
475 809 549 850 καί
574 808 645 863 τῆς
677 810 790 863 νίκης
816 809 950 850 ἕνεκεν
971 810 1045 850 τοῦ
1065 807 1265 850 τοσούτου
1283 809 1490 861 βασιλέως
1507 803 1576 849 εὖ·

63 891 112 919 10
126 875 436 932 φρανθὴτωσαν
474 875 645 927 σύμπας
688 875 710 916 ὂ
754 874 919 928 κόσμος.
975 874 1205 930 ἡγιασμένη
1233 872 1312 930 γὰρ
1335 874 1473 929 ἡμέρα
1498 875 1577 915 πᾶ-

125 958 169 985 σι
197 943 472 998 Χριστιανοῖς
501 941 750 984 οἷνατὲταλκε
778 940 884 984 κατὰ
914 939 991 996 τὴν
1010 941 1149 997 τρίτην
1168 943 1246 983 τοῦ
1264 939 1577 996 Φεβρουαριόυ,

124 1009 169 1050 ἐν
199 1003 229 1066 ᾗ
258 1006 311 1063 δὴ
345 1008 630 1058 ἐξαπέστειλεν
659 1005 681 1049 ὅ
709 1006 807 1057 θεὸς
837 1006 908 1050 τὸν
936 1004 1094 1050 ἑαυτοῦ
1127 1002 1297 1062 ἄγγελον
1317 1005 1576 1049 κατασκευά-

124 1090 253 1118 σοντα
284 1072 359 1130 τήν
388 1073 489 1117 ὅδὸν
519 1071 655 1117 miro&
683 1073 922 1131 ἔμπροσθεν
950 1076 1084 1117 αὐτοῦ
1111 1077 1183 1116 καί
1209 1076 1267 1132 τῷ
1285 1076 1419 1132 οἰκείῳ
1446 1075 1567 1115 διαυ-
1585 1086 1616 1120 1)

125 1142 309 1200 γεστάτῳ
336 1143 450 1198 φωτὶ
469 1141 614 1199 πόρ’ῥω
631 1143 904 1197 ποιησόμενον
930 1140 977 1183 τὸ
1003 1142 1076 1196 τῆς
1102 1139 1244 1196 μα’χης
1277 1139 1436 1193 σκότος,
1467 1141 1574 1195 ἄγα-

68 1212 114 1253 15
126 1207 252 1263 γόντα
291 1208 480 1264 καθάπερ
523 1208 672 1257 κλάδος
699 1207 962 1264 χλοαζούσης
990 1208 1134 1256 ἐλαίας
1161 1206 1236 1262 τὴν
1263 1205 1443 1263 εἰρήνην.
1499 1202 1575 1248 οὖ-

127 1291 197 1325 τος
233 1274 312 1331 γάρ
353 1275 463 1317 ἐστιν
502 1274 525 1316 ὅ
553 1275 752 1329 βασιλεὺς
777 1277 851 1330 τῆς
878 1272 1058 1330 εἰρήνης,
1089 1273 1112 1315 ὅ
1142 1270 1335 1329 δεύτερος
1361 1272 1574 1326 Σολομῶν,

129 1338 180 1384 οὗ
205 1341 249 1384 τὸ
279 1342 503 1398 πρόσωπον
531 1342 741 1396 ἐπιθυμεῖ
750 1344 918 1395 βλέπειν
938 1343 1052 1384 πᾶσα
1070 1342 1218 1390 κτίσις.
1272 1339 1366 1384 ἰδού
1387 1338 1482 1395 γάρ,
1504 1339 1574 1382 ἵνα

128 1408 239 1467 δείξῃ
267 1408 435 1466 κύριος,
476 1405 532 1458 ὥς
559 1409 636 1450 ου’κ
665 1410 710 1450 ἐν
743 1409 864 1462 ἰσχύϊ
887 1408 1029 1461 ἵππου,
1062 1407 1139 1448 οὔκ
1167 1409 1213 1450 ἐν
1244 1407 1468 1464 δυναστεία
1498 1407 1575 1467 α’ν-

126 1477 315 1531 θροόπου,
346 1477 438 1517 ἄλλ’
467 1474 513 1518 ἐν
542 1477 720 1529 δυνάμει
751 1478 857 1517 θεοῦ
885 1476 1025 1530 γέγονε
1051 1473 1097 1516 τὸ
1127 1474 1323 1530 τρόπαιον
1350 1473 1471 1515 τουτί
1493 1489 1576 1515 πα-Ι

62 1556 115 1584 20
128 1540 182 1600 ρὰ
208 1544 283 1585 τοῦ
311 1539 574 1597 ὑψηλοτάτου
594 1540 667 1584 καί
688 1539 1018 1598 νικητικωτάτου
1042 1542 1249 1595 βασιλέως
1273 1539 1348 1583 καὶ
1368 1539 1575 1596 αὐτοκρά-

126 1625 243 1665 τορος
282 1608 431 1663 κυρίου
457 1606 648 1651 Ἰωάννου
677 1611 754 1650 τοῦ
783 1610 1152 1663 Καντακουζηνοῦ,
1190 1608 1340 1666 ιίνὲῳξε
1378 1606 1478 1656 τοὺς
1504 1607 1577 1660 τῆς

127 1674 286 1718 ἑαυτοῦ
314 1675 530 1728 δυνάμεως
556 1674 818 1731 θησαυροὺς,
850 1675 999 1729 ἐγχέας
1028 1675 1094 1715 ἐπ’
1122 1670 1252 1716 αὗτὸν
1279 1672 1331 1715 τὰ
1353 1674 1469 1726 δῶρα
1489 1674 1574 1714 τῶν

127 1741 280 1785 ἑαυτοῦ
304 1739 590 1797 χαρισμάτων,
617 1741 694 1797 τὴν
713 1743 916 1795 βασιλίδα
940 1740 1100 1796 δηλαδή
1124 1739 1280 1796 ταύτην
1299 1740 1383 1781 τῶν
1399 1737 1575 1792 πόλεων,
1591 1742 1628 1779 Ρ.
1648 1755 1716 1790 709

126 1808 201 1865 την
229 1810 553 1851 Κωνσταντίνου
587 1806 709 1864 φημὶ,
740 1806 813 1849 καὶ
838 1805 1070 1863 παρασχών
1099 1805 1322 1863 ὁλόκληρον
1353 1806 1471 1862 αὐτῷ
1497 1807 1576 1859 βα-

222 1911 254 1944 8.
285 1906 535 1955 ἄγαλλιάσθω
560 1908 595 1943 Ρ.

129 1999 341 2036 tacuz'enum
367 2001 437 2034 iam
462 1999 677 2044 Byzantium
712 2004 822 2046 atque
859 1999 1052 2044 imperium
1080 2000 1291 2032 universum
1321 1998 1389 2032 sub
1417 2009 1456 2032 se
1482 1998 1571 2032 red-

131 2050 270 2093 egisse,
296 2047 342 2082 ab
367 2049 538 2081 instituto
564 2046 715 2092 quievit.
777 2047 844 2079 Hic
868 2057 1027 2091 namque
1055 2046 1349 2080 Bartholomaeus
1381 2058 1400 2079 a
1427 2047 1572 2080 Delfino
1607 2056 1610 2062 ¹

129 2097 335 2133 Viennensi
358 2094 404 2128 ad
429 2096 568 2128 Annam
593 2094 861 2138 imperatricem
880 2094 1018 2137 legatus
1038 2118 1048 2132 ‚
1078 2105 1159 2126 cum
1184 2095 1345 2134 interea,
1381 2093 1467 2127 dum
1492 2095 1572 2138 ipse

129 2143 351 2189 legationem
381 2140 481 2182 obit,
520 2142 792 2175 Cantacuzenus
828 2141 1183 2185 Constantinopolim
1209 2145 1439 2185 occupasset,
1482 2151 1574 2173 con-

131 2202 270 2235 gressus
308 2201 390 2223 cum
424 2199 467 2223 eo
520 2189 671 2234 eiusque
707 2188 938 2232 prudentiam
975 2188 1199 2228 admiratus,
1243 2188 1423 2222 Clementi
1456 2198 1574 2232 papae

133 2243 171 2272 et
207 2236 370 2277 Delfino,
401 2246 420 2268 a
445 2248 519 2282 quo
546 2237 676 2269 missus
702 2237 844 2276 fuerat,
881 2236 1034 2279 scripsit.
1091 2236 1160 2269 Eas
1186 2236 1359 2279 epistolas
1384 2235 1422 2267 in
1451 2234 1573 2268 histo-

131 2285 222 2318 riam
250 2283 341 2317 hanc
365 2282 412 2316 ad
436 2283 584 2317 verbum
611 2283 842 2328 illigavimuS,
891 2283 996 2328 Quae
1022 2282 1169 2328 quidem
1196 2282 1242 2315 ad
1267 2293 1394 2327 papam
1421 2286 1488 2322 est,
1519 2283 1572 2315 sic

131 2331 254 2365 habet.
303 2331 522 2371 „Universus
552 2331 708 2375 populus
735 2330 898 2370 exultet,
938 2330 1165 2375 victoriaque
1207 2330 1300 2362 tanti
1337 2329 1567 2373 imperatoris

131 2384 229 2412 totus
256 2383 429 2411 terrarum
457 2377 555 2411 orbis
581 2377 790 2421 gratuletur.
839 2377 926 2410 Dies
953 2378 1048 2410 enim
1079 2377 1322 2410 sanctificatus
1350 2375 1567 2409 Christianis

130 2426 255 2458 illuxit
280 2426 388 2458 tertio
416 2423 536 2458 Nonas
561 2424 771 2465 Februarii,
805 2435 877 2470 quo
911 2425 1084 2458 nimirum
1117 2425 1214 2458 Deus
1249 2423 1370 2456 emisit
1401 2423 1569 2468 angelum

130 2483 234 2506 suum
258 2482 471 2516 praeparare
495 2473 590 2505 viam
616 2482 715 2504 suam
741 2477 826 2505 ante
855 2471 957 2504 illum
1000 2475 1038 2504 et
1070 2471 1208 2505 lumine
1247 2481 1310 2503 suo
1347 2469 1571 2516 splendidis-

131 2519 221 2552 simo
247 2518 336 2551 belli
361 2518 530 2552 tenebras
556 2519 683 2563 procul
707 2518 920 2562 dispellere:
947 2518 1011 2563 qui
1036 2528 1181 2562 pacem,
1210 2523 1391 2562 tamquam
1418 2517 1569 2551 virentis

131 2566 248 2600 olivae
273 2565 527 2606 ramusculum,
555 2565 689 2599 attulit.
748 2566 817 2599 Hic
841 2565 937 2598 enim
964 2571 1018 2599 est
1045 2576 1107 2598 rex
1133 2566 1242 2609 pacis,
1268 2565 1359 2598 alter
1386 2564 1572 2603 Salomon,

131 2614 235 2646 cuius
261 2612 532 2646 faciemomnis
556 2617 652 2646 terra
676 2612 800 2646 videre
829 2612 1019 2646 desiderat.
1072 2612 1162 2645 Ecce
1190 2613 1308 2652 enim,
1333 2616 1375 2644 ut
1398 2611 1572 2644 ostende-

132 2665 188 2693 ret
217 2659 404 2700 dominus,
442 2671 516 2692 non
548 2661 587 2693 in
622 2661 708 2705 equi
744 2660 900 2700 robore,
937 2665 1001 2692 aut
1025 2659 1064 2692 in
1090 2659 1255 2703 potentia
1290 2658 1474 2697 hominis,
1508 2656 1572 2690 sed

133 2706 259 2740 divina
283 2709 419 2740 virtute
444 2711 604 2740 erectum
643 2706 713 2740 hoc
747 2707 962 2752 trophaeum
999 2718 1019 2740 a
1061 2705 1413 2750 praecellentissimo
1448 2710 1484 2737 et
1518 2705 1575 2736 in·-

133 2753 330 2787 victissimo
366 2754 524 2787 Domino
564 2754 700 2788 Ioanne
730 2754 981 2787 Cantacuzeno
1008 2754 1167 2797 Augusto
1193 2754 1431 2797 imperatore,
1467 2756 1573 2795 pote-

134 2800 235 2834 statis
259 2811 345 2835 suae
375 2800 562 2836 thesauros
586 2802 744 2847 aperuit,
770 2806 807 2838 et
832 2802 870 2835 in
898 2802 1003 2835 illum
1032 2811 1178 2841 suorum
1201 2799 1454 2835 charismatum
1478 2797 1572 2832 dona
