1800 3164
335 141 407 197 80
871 155 1244 207 CANTAcUzmi

124 268 212 304 A.C.
235 269 321 314 1348
334 261 410 318 κήν
438 261 728 320 περιέρᾆαινον
763 263 971 316 σημαίαν,
1014 258 1043 301 ἃ
1071 258 1310 314 διήρπασαν
1338 257 1377 301 οἱ
1406 259 1691 316 στρατιῶται,
1713 274 1781 302 κε·-

196 433 237 496 ⁴v.

253 464 269 483 ι,

334 330 555 378 λεύσαντος
586 331 662 371 τοῦ
690 327 919 379 δεσπότου,
947 327 1119 375 παιδιᾶς
1147 330 1264 368 ἕνεκα
1296 324 1368 367 καί
1394 323 1555 380 ἡδονῆς.
1584 323 1779 381 τοιαύτην

287 395 411 449 Ι)μὲν
440 392 460 437 ὁ
489 395 669 447 πόλεμος
696 392 795 447 ἔσχε
823 390 900 447 τὴν
927 390 1066 447 ἀρχὴν
1093 391 1165 434 καί
1192 393 1252 441 εἰς
1277 394 1400 433 τοῦτο
1433 389 1686 446 ἐτελεύτησε.

252 476 320 509 099
445 459 512 515 ιβ’.
567 457 779 508 Βασιλεύς
809 459 855 500 δὲ
884 457 987 500 κατά
1015 474 1059 500 τε
1086 458 1158 501 τὸν
1181 459 1256 500 τοῦ
1281 459 1465 511 πολέμου
1484 456 1639 513 χρόνον
1664 457 1780 511 βιαί-

331 544 383 569 αν
415 529 499 569 τῶν
536 523 766 581 χρημάτων
802 522 877 579 τήν
910 523 1125 580 εἴσπραξιν
1163 524 1328 567 α’κούων
1360 523 1476 578 παρὰ
1513 522 1779 580 Ταρχάνειώ-

331 608 405 635 του
435 593 728 646 γεγενημένην,
758 592 831 633 καί
855 589 1054 647 θορύβων
1080 589 1238 646 μεστήν
1268 592 1340 633 καί
1375 590 1572 646 ὀδυρμῶν
1599 588 1675 644 τὴν
1703 589 1782 631 πό-

331 663 396 700 λιν
424 661 476 699 δι’
497 657 654 712 ἐκείνην
681 660 918 714 γινομένην,
965 661 1040 700 καί
1066 657 1163 706 τούς
1192 657 1394 714 ὑβριστὰς
1420 657 1494 698 καί
1517 655 1783 712 συκοφάντας

206 722 232 753 Ρ
233 723 320 767 ·748
331 723 584 780 προφάσεως
612 727 867 778 λαβομένους
897 723 970 766 καὶ
997 726 1313 779 λογοποιοῦντας
1341 717 1523 777 ἄπιστα,
1542 721 1673 764 εἴκοσι
1700 738 1781 775 μυ·

330 791 489 846 ριάδων
517 790 590 845 τήν
630 788 847 847 εἴσπραξιν
871 793 1052 847 χρυσίου
1085 793 1335 846 γεγενῆσθαι
1363 791 1572 844 λέγοντας,
1600 786 1781 837 πολλοὺς

1793 525 1800 550 1

1792 557 1800 565 ι

329 859 376 899 δὲ
421 856 496 899 καί
531 854 780 912 τριάκοντα,
826 858 1032 910 ἐσκέψατο
1064 853 1206 906 αὗτοῖς
1236 855 1371 912 ἔργοις
1392 853 1488 904 τούς
1512 853 1800 910 συκοφάντας]

327 922 626 976 ἐπιστομίζειν.
691 922 766 965 καί
812 925 1034 978 ἐκκλησίαν
1069 918 1199 971 αὖθις
1245 923 1463 976 πάνδημον
1502 919 1780 975 συναγαγών,

327 987 510 1039 εὐθύνας
550 984 642 1047 ᾔτει
673 988 771 1045 περὶ
806 991 889 1031 τῶν
922 989 1153 1045 χρημάτων
1189 985 1527 1044 Ταρχανειοότην.
1581 989 1655 1028 καί
1680 987 1782 1028 άπε-

329 1057 537 1109 δείκνυτο,
567 1055 640 1097 καί
664 1057 746 1098 τῶν
773 1054 825 1098 τά
855 1055 1055 1112 χρήματα
1084 1055 1420 1111 παρασχομένων
1448 1053 1782 1107 συνομολογούν-

327 1138 432 1174 των,
473 1122 535 1177 μῆ
577 1125 700 1164 πλέον
733 1123 1049 1178 εἰσπεπρᾶχθαι
1089 1124 1207 1164 πέντε
1239 1114 1485 1176 μυριάδων,
1531 1118 1560 1160 ἃ
1588 1117 1780 1160 ἀνάλωτο

329 1187 436 1244 πρὸς
461 1191 537 1230 τοῦ
565 1186 710 1230 στόλου
744 1188 817 1244 την
843 1187 1135 1244 παρασκευὴν,
1155 1190 1227 1230 καί
1253 1187 1372 1242 ἕτερα
1401 1183 1477 1227 οὖκ
1505 1184 1629 1244 ὄλίγῳ
1650 1185 1800 1227 πλείω;

330 1252 492 1296 τούτων
517 1257 562 1297 ἐκ
591 1256 675 1297 τῶν
702 1257 915 1310 δημοσίων
944 1254 1019 1296 καί
1041 1258 1281 1308 βασιλικῶν.
1340 1252 1452 1311 ὃρῶν
1479 1257 1527 1298 δὲ
1553 1259 1639 1301 τῶν
1667 1256 1780 1299 δεόν-

330 1336 415 1361 των
451 1319 583 1362 πολλοὶ
631 1320 701 1363 διά
744 1323 827 1364 τῶν
852 1320 1082 1376 χρημάτων
1112 1322 1188 1376 τὴν
1213 1321 1378 1364 ἔνδειαν
1405 1321 1779 1379 παραλειπόμενα,

331 1387 405 1427 καί
425 1385 517 1428 τότε
547 1388 592 1428 ἐκ
622 1389 706 1429 τῶν
733 1386 852 1429 ἰδίων
881 1388 1092 1443 εἰσφέρειν
1113 1387 1358 1440 εΡωμαίους
1393 1390 1446 1430 ου’
1481 1391 1783 1444 προθυμουμέ-

282 1456 443 1505 Βνους,
473 1455 547 1495 καί
571 1453 647 1503 τοὶς
680 1456 882 1509 δημοσίας
909 1450 1144 1509 προσόδους
1172 1452 1437 1496 παντάπασιν
1471 1457 1780 1509 ἐκλελοιπυίας,

324 1517 485 1574 φόρους
510 1518 649 1561 ἔταττε
682 1519 740 1575 μὴ
775 1517 976 1575 πρότερον
1012 1521 1333 1573 νενομισμένους
1351 1554 1364 1573 ,
1405 1517 1515 1575 ὥστε
1541 1523 1682 1564 πᾶσαν
1710 1518 1800 1565 ‹iz-z

320 1584 431 1627 κάδα
459 1591 571 1628 σῖτον
600 1580 785 1640 ἄγουσαν
813 1588 857 1637 ἐξ
886 1582 1125 1641 ἆλλοδαπῆς
1152 1588 1407 1642 ἐωνημένον,
1434 1586 1543 1643 ὑπὲρ
1571 1589 1777 1642 μεδίμνου

321 1649 455 1705 ἥμισυ
497 1653 679 1706 χρυσίου
722 1654 779 1709 τῷ
808 1652 993 1709 δημοσίῳ
1023 1653 1196 1708 φέρειν,
1233 1654 1307 1695 καί
1332 1654 1413 1695 τῶν
1441 1648 1577 1695 ἄλλων
1603 1657 1776 1710 καρπῶν

324 1714 559 1771 οἶναλόγως·
589 1717 689 1766 τούς
718 1719 765 1760 δὲ
792 1718 892 1774 περὶ
930 1718 1137 1775 γεωργίαν
1166 1715 1481 1774 ἧσχολημένους
1510 1718 1626 1762 οἴνου
1667 1720 1775 1777 ὑπὲρ

322 1781 572 1838 πεντήκοντα
613 1785 727 1838 χοῶν
753 1784 933 1840 χρυσιόν
961 1785 1006 1826 ἓν
1033 1788 1188 1826 τελεῖν·
1236 1784 1335 1834 τοὺς
1362 1786 1502 1839 μέντοι
1529 1787 1575 1828 ἐκ
1601 1787 1683 1830 τῶν
1709 1802 1777 1841 γε·

304 1864 310 1873 ⁴
359 1903 362 1906 .
421 1875 471 1910 15.
496 1875 669 1921 πολέμου
693 1874 742 1908 Μ.
770 1886 838 1920 mg.
939 1876 992 1919 24.
1020 1875 1182 1911 ἐντέλειν
1205 1877 1253 1910 Μ.
1282 1888 1350 1922 mg.

323 1952 597 1995 illisvtraditum
633 1954 814 1988 veniendo
853 1965 975 1988 rursus
1001 1956 1254 1999 imperatorem
1286 1958 1326 1990 in
1366 1958 1507 1991 coelum
1548 1958 1665 2000 ferre,
1700 1969 1779 1992 ma·

322 2011 504 2045 gnamque
530 2013 718 2036 nummum
745 2013 936 2036 aureorum
962 2002 1034 2035 vim
1060 2003 1152 2036 circa
1173 2004 1348 2036 vexillum
1373 2006 1648 2050 imperatorium
1674 2015 1780 2051 spar-

322 2058 430 2091 gere,
456 2059 569 2092 quos,
609 2048 760 2093 despota
786 2049 958 2090 iubente,
998 2049 1133 2083 milites
1159 2050 1258 2083 lusus
1295 2056 1332 2084 et
1357 2052 1556 2096 voluptatis
1582 2053 1695 2097 gratia
1721 2052 1780 2086 di·

322 2095 528 2137 ripuerunt.
580 2095 799 2129 Huiusmodi
830 2096 941 2140 igitur
967 2095 1115 2129 initium
1140 2109 1179 2130 ae
1206 2098 1311 2130 finem
1338 2097 1377 2131 id
1401 2098 1539 2132 bellum
1566 2100 1720 2144 accepit.

424 2152 474 2177 12.
500 2142 701 2185 Imperator
724 2148 844 2175 autem
872 2153 937 2187 per
960 2143 999 2175 id
1023 2143 1451 2178 bellumTarchaniotam
1478 2147 1637 2178 immane
1663 2156 1781 2190 quan-

321 2190 397 2219 tum
425 2187 609 2232 exegisse,
637 2193 674 2221 et
699 2190 889 2222 turbarum
916 2191 1220 2237 querelarumque
1244 2193 1390 2235 plenam
1418 2203 1496 2226 esse
1521 2192 1648 2226 urbem
1673 2193 1781 2225 audi-

320 2244 406 2274 ens,
438 2235 773 2280 convitiatoresque
799 2246 840 2268 ac
865 2237 1119 2280 sycophantas,
1146 2243 1285 2282 captata
1311 2240 1513 2280 occasione,
1548 2238 1783 2273 incredibilia

320 2281 577 2321 comminisci,
602 2280 661 2314 bis
691 2288 886 2315 centenum
904 2308 914 2323 ‚
939 2285 1074 2324 immo,
1101 2289 1142 2317 ut
1166 2285 1272 2318 multi
1298 2286 1527 2330 garriebant,
1573 2291 1630 2320 ter
1657 2291 1783 2320 cente-

321 2338 408 2359 num
437 2328 596 2360 millium
623 2338 816 2363 aureorum
844 2335 1009 2363 exactum
1047 2331 1182 2372 fuisse,
1213 2331 1292 2376 ipso
1328 2333 1424 2366 sacto
1449 2345 1488 2366 os
1513 2333 1587 2366 inis
1611 2332 1783 2367 obturare

323 2376 493 2408 decrevit.
544 2376 630 2408 Mox
658 2380 856 2409 convocato
880 2381 958 2409 toto
984 2378 1145 2421 populo,
1172 2378 1454 2412 'l'archaniotam
1487 2380 1686 2424 imperatae
1718 2391 1783 2426 pe-

323 2423 453 2454 cuniae
483 2422 663 2455 rationem
688 2423 869 2466 poposcit.
919 2423 1106 2464 Reddidit,
1134 2427 1179 2458 iis
1196 2426 1316 2469 ipsis,
1343 2428 1406 2472 qui
1431 2427 1669 2470 pensitarunt,
1694 2437 1784 2460 con-

322 2467 537 2508 fitentibus,
563 2479 639 2502 non
661 2469 746 2513 plus
771 2469 1037 2514 quinquaginta
1067 2471 1184 2505 millia
1212 2473 1395 2517 exegisse:
1432 2479 1576 2518 praeter
1611 2473 1682 2506 alia
1708 2484 1783 2508 non

320 2515 431 2559 paulo
460 2515 566 2560 plura
594 2526 638 2548 ex
667 2516 806 2548 aerario
832 2516 986 2560 publico
1013 2523 1050 2550 et
1074 2519 1156 2551 fisco
1183 2520 1434 2565 imperatoris,
1460 2530 1551 2566 quae
1593 2519 1633 2552 in
1669 2530 1784 2566 appa-

319 2567 436 2595 ratum
475 2562 596 2595 classis
639 2568 850 2606 consumpta
888 2562 1037 2600 fuerint,
1088 2565 1177 2598 Cum
1213 2578 1318 2611 porro
1345 2567 1673 2606 animadverteret,
1713 2577 1782 2600 ne-

318 2609 474 2641 ccssaria
499 2609 612 2642 multa
641 2616 793 2655 propter
809 2608 1067 2643 difficultatem
1094 2612 1213 2644 omitti
1232 2619 1288 2653 ‚et
1315 2619 1391 2646 tum
1418 2614 1594 2646 Romanos
1621 2613 1667 2645 ad
1692 2623 1781 2647 con-

319 2654 511 2688 ferendum
543 2655 588 2688 de
623 2668 687 2689 suo
725 2667 854 2700 parum
882 2657 1007 2689 faciles
1035 2656 1260 2704 publicaque
1285 2660 1474 2704 vectigalia
1501 2659 1649 2693 omnino
1676 2659 1782 2693 elefe-

319 2701 431 2742 cisse,
474 2701 614 2736 tributa
651 2704 754 2747 prius
782 2704 956 2736 inusitata
997 2705 1196 2747 imposuit:
1229 2711 1269 2737 ut
1297 2706 1460 2738 oneraria
1491 2705 1680 2751 quaelibet
1704 2707 1780 2739 fru-

319 2754 484 2783 mentum
507 2749 547 2783 in
570 2755 694 2786 extera
721 2751 870 2797 regione
899 2755 1102 2797 coemptum
1143 2753 1334 2788 advectans
1356 2764 1423 2798 pro
1448 2752 1570 2788 medio
1593 2752 1777 2788 medimno
