1800 3164
248 153 288 208 6
860 160 1141 211 PEmOCH'A

249 285 309 310 res
332 272 506 311 succedit.
559 272 700 307 cratem
727 285 805 308 cum
835 285 948 308 uxore
973 272 1144 318 obiurgat
1162 272 1251 319 (27).
1303 275 1508 309 Genuenses
1528 273 1702 309 Euboeae

248 319 420 367 oppidum
451 321 636 354 incassum
653 329 875 368 oppugnant.
924 320 977 354 De
991 320 1196 354 munitione
1215 322 1390 366 Byzantii
1406 330 1440 356 et
1461 320 1597 356 stolido
1615 333 1702 355 con-

248 368 336 402 silio
361 366 552 402 cuiusdam
578 369 738 401 Martini
763 368 841 400 eius
864 366 1107 414 oppugnandi
1133 366 1219 413 (28).
1268 368 1328 402 Ad
1347 370 1452 403 urbes
1477 369 1582 402 iuxta
1605 369 1703 402 Pon-

247 423 322 449 tum
348 415 549 459 imperator
571 414 684 446 mittit
707 412 884 448 subsidia.
931 413 1119 459 Sozopolis
1155 416 1305 460 superbe
1330 416 1455 450 reiicit
1479 424 1513 450 et
1540 418 1566 448 a
1597 414 1701 448 Lati—

248 462 308 497 nis
344 462 501 506 capitur,
558 461 652 494 Eius
678 461 903 494 eversionem
931 462 1118 506 optimates
1141 463 1302 504 pecunia
1327 462 1521 496 redimunt.
1574 461 1702 496 Philo·—

247 508 364 546 theus,
393 508 689 541 Heracleensium
718 508 919 553 episcopus,
948 519 971 539 a
1011 508 1200 541 Galataeis
1229 510 1398 554 captivos
1430 521 1516 542 suos
1547 508 1694 543 liberat.

246 555 410 594 Nicolai,
433 552 538 588 ducis
557 554 711 587 Venetae
730 554 871 595 classis,
902 553 1094 588 timiditas.
1147 555 1353 590 Genuenses
1375 557 1590 590 vincuntur.
1630 557 1704 590 Ga-

245 601 453 637 lataeorum
490 601 530 633 in
563 599 762 634 Catalanos
794 602 994 647 impostura
1021 601 1108 646 (29).
1172 603 1440 644 Genuensium,
1471 604 1702 643 Venetorum,

249 648 514 685 Catalanorum
539 645 672 681 clades.
723 647 839 682 Ducis
865 649 1109 683 Genuensium
1134 660 1288 694 magnus
1323 650 1478 683 animus.
1525 649 1704 683 Nicolaus

245 695 445 734 ‘pictoriam
465 692 614 739 foedat.
676 694 916 741 Imperatoris
953 703 988 728 et
1027 695 1293 729 Catalanorum
1329 696 1433 730 ducis
1464 697 1503 729 in
1529 708 1607 730 eum
1633 697 1704 730 ira.

246 741 512 783 Byzantiorum
531 741 572 774 in
592 741 786 775 Catalanis
804 744 968 786 aegrotis
993 741 1172 776 curandis
1195 742 1430 777 memoranda
1456 745 1595 777 caritas
1614 742 1704 788 (30).

250 789 459 821 Genuenses
484 787 532 820 ab
557 787 725 822 Orchane
751 790 929 823 auxilium
957 789 1168 834 implorant.
1222 791 1297 824 Cur
1321 791 1384 823 ille
1414 790 1560 825 Venetis
1584 789 1707 836 infim-

246 845 318 867 sus.
368 834 546 867 Nicotaus
570 833 692 869 denuo
717 835 1008 880 reprehenditur.
1073 836 1338 870 Catalanorum
1363 835 1438 870 dux
1458 848 1550 883 prae
1577 835 1706 871 dolore

246 881 367 915 animi
389 882 568 917 moritur:
595 883 657 916 cui
679 883 868 928 sufficitur
892 884 1076 920 M'onean,
1115 895 1216 930 quem
1250 886 1452 928 imperator
1476 883 1528 917 ad
1545 895 1706 929 pugnam

242 929 388 970 frustra
401 928 546 963 incitat.
595 929 789 969 Nicolaus,
817 938 855 963 ut
872 930 1016 968 stultus,
1040 929 1267 975 relinquitur
1283 932 1372 976 (31).
1423 931 1579 964 Classem
1598 941 1707 976 repa-

246 982 322 1013 rat.
372 973 622 1015 Grimoaldus,
639 977 800 1019 Pagani,
827 975 930 1010 ducis
955 977 1210 1019 Genuensium,
1237 989 1434 1017 successor,
1462 976 1562 1023 apud
1573 975 1707 1012 Sardi-

246 1022 349 1054 niam
375 1022 554 1056 vincitur.
613 1025 644 1056 A
680 1023 826 1057 Venetis
853 1024 1059 1057 Genuenses
1086 1023 1238 1068 afflicti,
1265 1036 1302 1058 se
1330 1025 1496 1069 principi
1522 1023 1707 1059 Mediola-

246 1069 414 1107 nensium
440 1080 518 1103 cum
544 1068 758 1104 conditione
783 1071 998 1106 subiiciunt.
1046 1072 1078 1104 A
1102 1072 1254 1116 Pagano
1284 1071 1385 1117 apud
1412 1071 1610 1106 Methonen
1639 1071 1707 1105 Ve-

246 1116 326 1148 neti
349 1123 620 1161 expugnantur.
669 1118 749 1151 Pax
777 1118 875 1150 inter
898 1125 1082 1162 utrosque.
1132 1119 1279 1163 Pagani
1311 1126 1345 1152 et
1368 1119 1595 1165 optimatium
1625 1119 1707 1152 exi-

244 1162 347 1196 lium.
400 1163 644 1196 Genuensium
671 1172 786 1198 status
811 1165 1009 1198 restitutus,
1058 1165 1301 1210 Palaeologus
1329 1177 1407 1199 cum
1440 1159 1555 1200 uxo're
1584 1173 1620 1199 et
1646 1165 1703 1199 al-

244 1217 325 1247 tero
355 1207 524 1255 filiorum
560 1208 859 1253 Didymotichum
885 1210 984 1244 abit:
1013 1210 1135 1244 eodem
1162 1213 1270 1246 Irene
1295 1224 1374 1246 cum
1401 1213 1579 1257 episcopis
1603 1213 1704 1246 Mat-

244 1255 390 1290 thaeum
427 1256 489 1289 illi
521 1257 772 1291 conciliatura
808 1257 1065 1303 proficiscitur
1088 1259 1175 1303 (32).
1232 1260 1476 1304 Palaeologus
1512 1258 1703 1294 Matthaeo

244 1303 451 1337 absolutam
475 1302 777 1347 gubernationem
801 1306 937 1350 scripto
959 1304 1113 1350 firmare
1142 1305 1284 1346 abnuit,
1319 1314 1356 1339 et
1385 1314 1518 1340 contra
1541 1317 1705 1340 socerum

243 1361 353 1385 arma
379 1350 489 1394 capit.
539 1350 768 1385 Matthaeum
791 1350 1039 1397 Adrianopoli
1064 1351 1223 1387 obsidet:
1259 1353 1548 1387 Zernomianum
1575 1354 1704 1386 timore

245 1397 543 1442 supervenientis
580 1399 701 1431 soceri
736 1396 914 1432 concedit.
965 1397 1296 1445 Adrianopolitani
1328 1399 1587 1433 Cantacuzeno
1613 1401 1705 1441 resi-

245 1451 380 1477 stentes
405 1444 612 1478 vincuntur
635 1451 671 1478 et
695 1442 939 1491 diripiuntur.
989 1447 1333 1487 Zernomianenses‚
1352 1455 1391 1479 ut
1415 1447 1620 1487 temerarii,
1644 1448 1705 1480 in-

247 1497 456 1525 cursantur.
504 1491 752 1536 Palaeologus
775 1505 844 1538 pro
871 1493 1015 1526 auxilio
1045 1494 1149 1526 Crali
1168 1493 1326 1537 fratrem
1351 1492 1417 1526 dat
1441 1493 1624 1527 obsidem:
1652 1494 1706 1526 ei·-

243 1535 325 1570 dem
358 1538 507 1571 Moesus
539 1536 739 1571 subsidium
773 1539 895 1573 mittit.
947 1540 1225 1575 Cantacuzenus
1251 1541 1295 1574 ab
1327 1540 1494 1574 Orchane
1523 1541 1705 1573 auxilium

246 1582 439 1620 contendit
462 1583 553 1629 (33).
599 1586 720 1619 Moesi
746 1586 876 1619 Persas
895 1586 1076 1632 fugiunt,
1105 1600 1127 1620 a
1150 1586 1280 1633 quibus
1308 1587 1468 1621 Triballi
1493 1595 1527 1620 et
1551 1588 1708 1621 Romani

241 1631 382 1677 partim
397 1629 616 1672 caeduntur,
639 1633 777 1677 partim
794 1634 1006 1680 capiuntur.
1055 1635 1205 1674 Persae,
1233 1635 1438 1668 Moesorum
1466 1634 1568 1678 agris
1594 1634 1705 1667 illata

244 1678 438 1718 vastitate,
465 1678 507 1710 in.
523 1679 647 1712 Asiam
671 1677 833 1713 redeunt.
893 1680 1187 1720 Cantacuzenus,
1215 1692 1305 1727 pace
1339 1694 1361 1715 a
1385 1681 1610 1726 Palaeologo
1643 1680 1707 1713 ob-

243 1732 362 1764 tenta,
388 1725 467 1764 eius
491 1723 635 1770 oppidis
658 1726 822 1770 infestus.
875 1726 1114 1762 Chalcidicen
1126 1736 1277 1773 propter
1294 1727 1514 1762 Morrhaeos
1526 1729 1707 1764 incursat.

242 1770 304 1805 Ad
325 1771 588 1816 palaeologum
611 1784 738 1817 pacem
761 1781 938 1818 petentem
963 1774 1058 1807 scita
1082 1773 1310 1814 similitudo,
1344 1775 1405 1808 cui
1432 1775 1547 1808 malos
1581 1775 1708 1808 consi-

244 1817 382 1852 liarios
402 1829 530 1863 pacem
559 1818 796 1864 impedientes
819 1818 1012 1854 detrahere
1042 1821 1189 1857 nititur.
1237 1822 1482 1867 Palaeologus
1507 1820 1706 1866 desperans

246 1865 288 1898 in
309 1863 492 1898 Tenedum
520 1875 599 1898 cum
623 1876 738 1900 uxore
749 1866 868 1911 sugit.
915 1866 1192 1913 Eiusseminae
1221 1868 1306 1900 laus
1344 1869 1479 1902 eximia
1494 1869 1582 1913 (34).
1633 1868 1706 1902 Ur·-

245 1911 304 1944 bes
330 1911 409 1946 eius
439 1912 737 1947 Cantacuzenum
764 1914 954 1959 accipiunt
971 1913 1166 1950 dominum.
1214 1916 1322 1948 Irene
1339 1916 1559 1958 Byzantium
1581 1913 1705 1948 sedulo

243 1965 376 1991 tuetur.
425 1959 670 2004 Palaeologus
694 1958 746 1992 ad
769 1962 915 1994 moenia
941 1961 1094 1993 veniens
1119 1968 1151 1993 e!
1195 1973 1254 2006 spe
1282 1962 1433 2006 lapsus,·
1450 1962 1620 1996 Galatam
1647 1960 1705 1995 di-

243 2004 381 2039 vertit.-
405 2004 491 2038 inde
518 2006 560 2038 in
587 2005 768 2039 Tenedum
793 2008 1035 2054 renavigans,
1060 2006 1258 2041 maledicta
1283 2017 1471 2042 vectorum
1495 2010 1536 2041 in
1566 2009 1706 2042 Canta-

246 2062 422 2085 cuzenum
447 2050 666 2086 dissimulat.
717 2054 908 2087 Tumultus
936 2054 1144 2088 nobilitatis
1171 2056 1346 2097 Byzantii
1378 2063 1413 2088 et
1451 2066 1530 2088 eum
1569 2055 1707 2088 Canta-

247 2108 387 2137 cuzeno
424 2100 670 2143 expostulatio
704 2107 739 2132 et
770 2099 813 2133 de
853 2101 1042 2135 Matthaeo
1072 2102 1292 2147 imperatore
1322 2100 1552 2147 designando
1575 2103 1706 2147 petitio

245 2143 335 2186 (35).
387 2144 563 2179 Callistus
586 2146 807 2191 patriarcha
830 2148 987 2188 obsistit,
1013 2156 1048 2181 et
1076 2149 1186 2195 quasi
1209 2149 1335 2181 aliena
1351 2148 1493 2183 locutus
1509 2148 1706 2194 reprehen-

245 2189 360 2224 ditur.
410 2191 539 2236 Longa
566 2193 751 2232 oratione,
779 2202 820 2232 ut
850 2206 970 2239 saepe,
1003 2195 1203 2240 imperator
1227 2196 1467 2240 suspicionem
1492 2195 1707 2238 tyrannidis

248 2249 272 2271 a
299 2249 335 2270 se
360 2236 524 2283 depellit,
553 2240 790 2285 iustitiaeque
814 2249 848 2274 et
881 2242 1110 2285 integritatis
1135 2240 1278 2275 laudem
1306 2250 1522 2287 aucupatur.
1573 2243 1707 2276 Palae-

246 2285 391 2330 ologum
404 2284 447 2318 de
469 2285 613 2331 aliquot
634 2287 812 2331 capitibus
838 2296 1003 2327 accusat,
1029 2287 1114 2321 inde
1142 2289 1304 2330 probans
1330 2289 1558 2323 Matthaeum
1574 2289 1705 2337 filium

248 2343 324 2365 non
350 2333 494 2365 iniuria
523 2332 776 2379 imperatorem
810 2335 1006 2368 nominari.
1064 2336 1309 2380 Palaeologus
1345 2347 1380 2368 se
1405 2335 1448 2369 de
1474 2335 1613 2369 duobus
1637 2348 1706 2369 ca-

245 2378 383 2425 pitibus
404 2387 541 2424 purgat
571 2381 659 2424 (36).
709 2380 918 2414 Matthaeus
950 2383 1150 2427 imperator
1176 2381 1401 2423 declaratus,
1431 2381 1705 2428 Adrianopolin

247 2426 417 2459 mittitur.
468 2426 620 2459 Callisti
644 2427 685 2459 in.
709 2427 790 2466 sede
813 2440 888 2461 non
917 2429 1114 2473 repetenda
1141 2430 1363 2473 pertinacia.
1413 2429 1468 2463 De
1499 2432 1704 2464 successore

243 2469 327 2506 'eius
352 2470 583 2506 deliberatio.
638 2475 756 2507 Citati
794 2475 972 2508 Canones.
1023 2478 1229 2521 Imperator
1260 2485 1446 2523 peccatum
1481 2488 1583 2510 suum
1599 2477 1706 2522 fitte-

245 2527 320 2555 tur.
379 2518 590 2553 Philotheus
624 2521 668 2564 fit
692 2521 922 2565 patriarcha.
974 2524 1147 2557 Callistus
1179 2524 1314 2556 Galata
1341 2524 1382 2556 in
1410 2522 1590 2556 Tenedum
1613 2535 1706 2568 pro-

240 2565 343 2611 fugit
366 2565 453 2610 (37).
514 2566 716 2601 Coronatio
754 2568 939 2602 Matthaei
973 2578 1007 2602 et
1051 2570 1190 2603 uxoris.
1250 2571 1492 2615 Pergamenus
1521 2568 1704 2603 Tenedius

246 2611 443 2646 seditiosus
485 2621 519 2646 et
555 2622 685 2647 auctor·
724 2613 963 2657 defectionis,
1013 2617 1161 2649 vinctus
1203 2617 1498 2650 Thessalonicam
1534 2617 1705 2654 mittitur.

245 2659 300 2693 De
325 2660 446 2693 Persis
477 2662 637 2704 pecunia
667 2672 685 2694 e
723 2661 886 2695 Thracia
913 2661 1116 2696 educendis.
1171 2665 1309 2697 Terrae
1335 2671 1450 2697 motus
1480 2663 1610 2707 ingens
1639 2675 1708 2695 ur-

248 2706 309 2739 bes
329 2708 546 2751 prosternit,
575 2720 666 2754 quas
693 2707 856 2750 barbari,
886 2717 924 2741 ut
949 2708 1126 2750 desertas,
1158 2720 1349 2756 occupant.
1398 2709 1703 2756 Sulimaniperfi-

245 2751 321 2786 dia.
370 2753 423 2788 Ab
452 2754 619 2788 Orchane
644 2755 844 2800 imperator
869 2755 975 2788 urbes
1000 2758 1168 2801 reposcit,
1194 2766 1227 2790 et
1251 2759 1315 2790 ille
1329 2757 1457 2801 silium
1480 2755 1530 2789 ad
1545 2755 1702 2789 redden-

245 2798 330 2834 dum
355 2799 509 2837 inducit.
560 2801 693 2843 Causa,
721 2813 788 2837 cur
808 2803 1083 2839 Cantacuzenus
1108 2802 1158 2838 ad
1177 2815 1349 2850 generum
1372 2805 1412 2838 in
1425 2802 1605 2838 Tenedum
1624 2804 1702 2838 vel-
