1800 3164
475 174 850 220 ms‘romARUM
890 179 958 218 1v.
983 179 1030 222 8.
1413 159 1444 214 5
1459 179 1478 215 1

48 275 228 323 ἐπέκειτο
262 274 332 318 διὰ
365 275 516 326 παντὸς
558 278 631 318 καί
666 277 824 330 ἀπορία
857 275 1122 330 πανταχόθεν
1147 270 1200 332 ἦν
1228 277 1302 320 ἒπί
1324 292 1368 320 τε
1395 281 1706 334 rats-munus

48 344 220 392 ω’λέναις
246 347 334 392 ταῖς
360 337 445 384 ἄνω
473 343 546 383 καί
572 343 696 395 κάτω,
730 344 805 384 ου’κ
837 339 989 397 ὄλίγοις
1017 343 1064 385 δὲ
1081 341 1154 384 καί
1173 341 1277 398 πρὸς
1296 342 1371 393 τὰς
1392 360 1487 386 σια-

46 409 181 464 γόνας,
209 409 282 450 καί
309 409 466 463 ἕτεροις
494 408 539 449 ἐν
566 404 720 462 ἑτέροις
743 410 893 463 μέρεσι
920 410 998 450 τοῦ
1025 406 1219 461 σώματος
1235 407 1487 459 ἀποστάσεις
1511 419 1544 453 P.
1557 419 1619 464 731

45 475 222 528 ἐγίνοντο
241 505 253 527 ,
294 479 381 521 τοῖς
406 474 484 525 μὲν
509 471 703 526 μείζους,
742 479 827 523 τοῖς
870 475 916 515 δὲ
945 471 1163 527 ἐλάσσους,
1196 475 1268 516 καί
1294 476 1490 528 μέλαιναι

37 540 265 595 ’.φλυκτίδες
301 537 545 594 ἀνεφύοντο.
615 536 773 594 ἑτέροις
815 540 861 580 δὲ
903 536 1039 594 ὥσπερ
1084 540 1289 593 στίγματα
1330 535 1490 594 μέλανα

45 603 149 647 κατὰ
194 602 346 652 παντὸς
385 605 464 645 τοῦ
502 602 697 656 σώματος
741 601 931 658 ἐξήνθει,
965 610 1050 653 τοῖς
1077 607 1155 658 μὲν
1184 607 1315 660 α’ραιά
1345 621 1390 647 τε
1419 604 1491 647 καί

46 672 383 726 διαφανέστερα,
421 675 504 719 τοῖς
535 671 576 711 δ’
604 668 877 725 ἀμυδρότερα
906 670 980 711 καί
1005 673 1183 724 συνεχῆ·
1239 673 1311 713 καί
1340 672 1490 719 πάντες

45 736 200 790 ὁμοίως
235 733 317 777 ὑπὸ
356 732 524 778 πάντων
553 734 767 791 ἔθνησκον.
822 742 908 784 τοῖς
935 738 1012 789 μὲν
1038 734 1118 790 γὰρ
1151 734 1202 777 τὰ
1232 734 1364 778 πάντα
1393 738 1489 778 ἑπε-

42 803 197 857 γίνετο,
235 807 319 850 τοῖς
347 803 394 843 δὲ
422 801 550 843 πλείω
580 797 607 856 ἢ
633 800 818 855 ἐλάσσω,
861 799 935 843 οῦκ
978 798 1130 856 ὀλίγοις
1158 805 1204 844 δὲ
1233 803 1305 845 καί
1336 807 1380 846 ἓν
1407 806 1488 847 τῶν

45 868 210 909 πάντων
237 861 387 922 ἤρκεσε
417 866 522 922 πρὸς
548 867 754 910 θάνατον’
815 864 906 910 ὅσοι
932 869 979 910 δὲ
1008 869 1053 909 ἐκ
1083 872 1247 911 πολλῶν
1277 869 1410 923 ὀλίγοι
1439 870 1490 927 ῆ-

45 930 285 988 δυνήθησαν
317 933 559 989 διαφυγεῖν,
603 935 750 976 ου’κέτι-
771 931 851 975 ὑπὸ
882 934 956 975 τοῦ
984 930 1118 975 αὐτοῦ
1145 937 1386 988 κατείχοντο
1416 947 1489 977 κα-

44 1000 134 1050 κοῦ,
165 998 256 1039 ἀλλ’
283 999 327 1040 ἐν
350 1001 407 1056 τῷ
444 1001 670 1057 θαρσαλέη)
699 995 809 1054 ἦσαν
847 994 942 1054 ἤδη.
1003 1002 1067 1048 δίς
1095 999 1176 1056 γὰρ
1207 1000 1281 1042 οὐκ
1310 998 1491 1054 ἐπελάμ-

45 1067 194 1118 βανεν,
236 1060 343 1106 ὥστε
379 1063 453 1106 καί
481 1067 680 1107 κτείνειν·
743 1061 994 1115 ἀποστάσεις
1023 1067 1070 1107 δὲ
1095 1067 1275 1120 ἐγίνοντο
1313 1067 1530 1121 μεγάλαιΒ

45 1129 149 1185 πρὸς
175 1136 258 1180 τοῖς
307 1135 454 1186 μηροῖς
500 1126 528 1185 ἢ
556 1133 600 1173 ἐν
625 1136 717 1180 ταῖς
746 1132 939 1180 ω’λέναις·
997 1126 1057 1173 ὧν
1083 1134 1352 1185 τεμνομένων,
1381 1131 1493 1188 σφά-

45 1199 185 1245 κελλος
213 1194 373 1252 ἐξέῤῥει
402 1194 594 1251 δυσώδης
622 1198 697 1238 καί
720 1194 862 1250 πολύς,
897 1200 966 1239 καὶ
995 1196 1040 1239 τὸ
1061 1195 1223 1252 νόσημα
1252 1199 1492 1254 διεφορεῖτο

45 1263 105 1310 εἷς
144 1264 297 1313 ἐκεῖνο,
343 1261 418 1316 τὴν
457 1263 753 1315 διενοχλοῦσαν
792 1259 897 1317 ὕλην
937 1259 1208 1318 οἷποῤῥίπτον.
1264 1265 1412 1305 πολλοὶ
1445 1266 1493 1306 δὲ

44 1326 117 1369 καί
142 1327 224 1369 ὑπὸ
251 1326 417 1369 πάντων
446 1329 784 1381 κατασχεθέντες,
818 1326 932 1382 παρὰ
972 1326 1093 1378 δόξαν
1123 1329 1383 1379 διεσώζοντο.
1440 1323 1493 1384 ἦν

44 1394 92 1436 δὲ
128 1394 349 1448 ἐπικουρία
397 1394 573 1445 ου’δεμία
615 1391 868 1447 οὐδαμόθεν.
925 1390 947 1434 ὃ
981 1392 1061 1449 γάρ
1099 1391 1226 1451 ἑτέρῳ
1260 1392 1492 1449 συνήνεγκε,

43 1461 164 1502 τοῦθ’
196 1456 323 1516 ἑτέρῳ
350 1458 402 1500 τὰ
434 1457 506 1500 ἴσα
529 1458 734 1513 πάσχοντι
757 1459 1009 1515 δηλητήριον
1029 1461 1183 1513 ἐγίνετο
1201 1476 1212 1487 ·
1267 1462 1340 1501 καί
1353 1462 1492 1516 ἕτερος

44 1525 122 1581 ἀφ’
148 1522 290 1578 ἑτέρου
319 1523 547 1580 θεραπείας
577 1525 879 1578 ἀνεπίμπλαντο
911 1526 985 1580 τῆς
1013 1524 1152 1578 νόσου,
1181 1525 1254 1567 καί
1278 1524 1352 1580 την
1379 1529 1493 1567 πλεί-

45 1607 146 1645 στην
181 1588 349 1647 φθορὰν
388 1592 509 1632 τοῦτο
547 1591 751 1644 ἐνεποίει,
782 1593 854 1632 καί
890 1590 1044 1632 πολλαὶ
1072 1591 1198 1632 οἰκίαι
1227 1587 1492 1646 ἐκενώθησαν

42 1658 126 1698 τῶν
155 1651 404 1710 οἰκητόρων,
426 1655 499 1697 καί
522 1657 604 1697 τῶν
624 1654 783 1710 ἄλόγων
812 1662 898 1705 τοῖς
921 1654 1081 1711 κυρίοις
1097 1654 1487 1698 συναποθανόντων.

45 1722 282 1765 δεινότατον
310 1722 356 1762 δὲ
385 1717 436 1775 ἦν
463 1721 487 1777 ἦ
517 1723 698 1775 α’θυμία.
756 1720 874 1765 ὁπότε
901 1722 981 1778 γάρ
1008 1738 1072 1772 τις
1098 1721 1290 1764 αἴσθοιτο
1311 1722 1531 1774 κάμνον-Ο

141 1798 191 1830 18.
219 1793 378 1839 οὐδεμία
405 1805 472 1827 om.
498 1795 533 1827 P.

45 1857 188 1892 bantur.
238 1858 280 1890 In
318 1857 474 1890 brachiis
510 1868 616 1901 supra
650 1861 686 1889 et
721 1856 837 1896 infra,
877 1868 950 1890 non
983 1858 1108 1901 paucis
1134 1859 1219 1890 item
1247 1857 1284 1890 in
1313 1855 1490 1895 maxillis,

47 1910 102 1938 ct*
122 1904 340 1949 quibusdam
372 1903 410 1937 in
442 1903 524 1936 aliis
559 1904 718 1947 corporis
759 1903 921 1947 partibus
958 1904 1142 1937 abscessus
1176 1906 1251 1936 sive
1283 1903 1404 1935 ulcera
1434 1902 1489 1936 his

46 1952 208 1991 maiora,
245 1950 320 1984 illis
350 1952 489 1983 minora
525 1950 765 1990 exsistebant,
794 1954 831 1982 et
869 1950 992 1993 nigrae
1027 1951 1182 1994 papulae
1215 1949 1490 1982 enascebantur.

34 1997 278 2043 >Quibusdam
305 1997 405 2030 velut
429 2003 505 2029 atra
531 1997 695 2040 stigmata
722 2008 784 2039 per
810 2001 924 2029 totum
951 2006 1080 2040 corpus
1110 1995 1366 2039 erumpebant,
1407 1995 1489 2028 aliis

47 2045 183 2078 rariora
218 2045 402 2090 magisque
438 2045 657 2088 conspicua,
683 2043 765 2075 aliis
793 2042 960 2076 densiora
986 2047 1023 2076 et
1044 2043 1278 2076 obscuriora:
1305 2047 1342 2074 et
1365 2052 1490 2074 omnes

48 2091 200 2136 perinde
226 2102 270 2124 ex
297 2089 353 2122 his
380 2089 549 2123 omnibus
575 2089 832 2123 moriebantur.
882 2089 1078 2122 Nonnullis
1104 2089 1199 2122 enim
1227 2094 1354 2122 cuncta
1381 2087 1492 2129 haec,

48 2137 128 2171 aliis
153 2138 257 2183 plura
278 2142 340 2171 aut
362 2137 530 2181 pauciora
556 2135 825 2179 contingebant.
875 2135 1132 2181 Compluribus
1157 2135 1302 2168 unicum
1331 2140 1492 2168 tantum-

49 2184 156 2218 modo
207 2195 251 2218 ex
294 2184 372 2217 istis
408 2183 578 2216 omnibus
618 2182 843 2216 mortiferum
883 2188 969 2216 erat.
1040 2182 1269 2228 Quicumque
1310 2193 1393 2214 vero
1446 2180 1492 2214 de

50 2230 173 2264 multis
197 2231 303 2275 pauci
331 2236 538 2270 evaserant,
562 2241 636 2262 non
662 2230 816 2273 amplius
842 2229 1003 2263 eo'malo
1030 2228 1322 2273 corripiebantur
1350 2229 1423 2267 sic,
1453 2233 1494 2260 ut

53 2279 162 2311 etiam
208 2272 428 2311 interirent:
473 2277 707 2322 quamobrem
751 2287 872 2309 rursus
903 2278 1085 2320 correpti,
1118 2276 1212 2309 bene
1249 2274 1490 2309 confidebant.

53 2323 210 2358 Fiebant
235 2335 341 2368 porro
365 2324 484 2367 magni
509 2323 691 2356 abscessus
713 2323 750 2355 in
778 2321 978 2356 femoribus
1003 2328 1065 2355 aut
1090 2323 1127 2355 in
1153 2322 1330 2355 brachiis:
1358 2320 1492 2367 quibus

54 2371 172 2411 nectis,
197 2371 309 2404 multa
342 2376 378 2404 et
405 2369 540 2403 foetida
569 2371 686 2403 sanies
716 2369 901 2408 effluebat,
932 2374 968 2402 et
998 2369 1156 2410 morbus,
1182 2369 1353 2402 turbante
1379 2374 1493 2401 matv-

54 2417 107 2451 ria
133 2418 184 2450 sic
217 2418 371 2456 emissa,
395 2416 593 2449 levabatur.
645 2416 856 2460 Complures
890 2415 946 2448 his
977 2416 1144 2448 omnibus
1172 2415 1328 2454 obsessi,
1354 2420 1494 2459 practer

56 2464 263 2508 opinionem
294 2463 602 2497 convalescebant.
651 2462 724 2495 Nec
741 2462 854 2495 ullum
879 2462 1132 2508 undecumque
1155 2467 1289 2495 certum
1317 2462 1494 2494 auxilium

57 2509 319 2543 inveniebatur.
373 2509 481 2552 Quod
515 2512 610 2543 enim
636 2509 698 2541 uni
723 2509 880 2542 salutare
897 2534 906 2550 ‚
939 2509 1045 2542 alteri
1079 2508 1174 2542 idem
1201 2509 1355 2552 patienti
1381 2519 1493 2540 vene-

56 2567 143 2590 num
173 2561 270 2590 erat:
315 2557 479 2601 alterque
514 2556 559 2588 ab
585 2556 733 2589 alterius
759 2557 945 2589 curatione
978 2555 1143 2588 morbum
1178 2554 1492 2599 indipiscebatur,

58 2607 96 2635 et
118 2602 397 2637 cumulabantur
422 2604 566 2643 funcra,
591 2603 725 2647 quibus
750 2603 886 2636 multae
914 2602 1040 2635 (lomus
1065 2602 1329 2640 vacuabantur,
1354 2611 1432 2634 cum
1457 2604 1493 2633 et

58 2648 198 2682 incolae
226 2655 264 2683 et
290 2649 417 2682 brutae
447 2651 647 2683 animantes
673 2661 742 2682 una
769 2660 848 2682 cum
876 2649 1032 2682 dominis
1055 2651 1165 2682 vitam
1194 2648 1394 2682 redderent.
1420 2647 1491 2680 Sed

60 2695 154 2728 nihil
193 2701 270 2729 erat
303 2696 554 2741 desperatione
586 2697 839 2732 miserabilius.
896 2696 985 2729 Cum
1012 2697 1107 2728 enim
1140 2697 1222 2739 quis
1253 2701 1322 2728 tam
1349 2704 1491 2739 aegrum

61 2751 99 2775 se
130 2742 330 2785 sentiebat,
361 2754 441 2788 spes
476 2744 575 2776 nulla
613 2743 876 2778 incolumitatis
913 2741 1209 2788 relinquebatur,
1248 2753 1288 2775 ac
1324 2741 1492 2785 despera-
