1794 3158
421 151 494 190 An
543 147 912 190 CANTACUZENJ
949 147 1048 188 Lm.
1076 149 1108 186 1.
1372 125 1482 198 393

47 255 168 295 nisti-i
212 267 347 293 rerum
380 252 524 292 domus
551 252 856 305 imperatoriae,
903 263 1003 304 quos
1041 247 1299 289 iureconsulti
1335 255 1488 288 vocant

52 310 221 349 comites
258 322 394 347 rerum
439 309 708 361 privatarum,
749 308 820 360 qui
857 306 1019 359 quidem
1049 304 1197 344 assidui
1233 311 1348 343 erant
1382 304 1490 355 apud

51 365 275 418 principes,
313 377 452 403 eorum
480 365 588 402 iussa
619 363 852 415 excipientes
875 368 915 399 et
943 367 1212 413 exsequentes.
1265 356 1491 412 πράγματα

29 421 178 472 igitur
205 415 402 469 βασιλικὰ
431 432 534 472 quae
565 417 716 457 fuerint
743 416 821 456 hoc
852 414 957 465 loco,
989 417 1086 467 iam,
1115 422 1162 454 ut
1188 428 1304 466 reor,
1336 413 1490 467 perspi-

55 488 126 516 cis.
157 487 332 515 PONTAN.

165 527 418 581 Pag.55‚11.
448 528 672 568 laudavit
702 525 932 582 respond.
961 537 1172 564 acumen.
1203 522 1490 563 Animadverte

51 582 207 623 laudari
234 583 364 622 obiter
390 584 607 637 Gregoram
650 588 815 636 propter
844 583 940 619 scite
968 579 1134 618 dictum.
1164 579 1256 620 Lib.
1284 578 1322 630 4.
1353 591 1490 632 repre-

47 638 243 678 -henditur
265 640 472 688 acerrime,
505 638 574 677 sed
601 652 626 676 a
655 637 846 678 moribus.
905 636 993 687 Ipse
1024 641 1156 673 tamen
1179 636 1377 688 Gregoras
1408 647 1490 672 non

49 692 174 734 semel
210 693 475 732 Cantacuzeni
502 693 720 732 honorifice
757 691 966 741 meminit,
995 696 1041 728 ut
1069 689 1313 743 praefatione
1352 688 1403 728 ad
1431 688 1491 727 le-

47 756 200 787 ctorem
227 749 480 788 ostendimus.
537 748 659 799 Quod
688 747 785 786 dicit
814 745 933 799 paulo
964 751 1077 794 ante,
1117 745 1338 797 Gregoram
1371 744 1491 783 tuisse

48 802 291 842 Metochitae
321 804 584 857 discipulum,
614 802 656 841 id
682 803 848 855 ipsemet
881 800 986 838 libro
1005 799 1047 839 8.
1089 806 1257 838 testatur
1297 798 1360 837 his
1396 813 1490 838 ver-

50 859 111 897 vis
125 873 137 896 :
196 857 306 897 Nam
329 868 584 914 posteaquam
624 859 667 896 in
693 871 824 895 recens
872 853 1087 909 aedificato
1116 854 1352 893 monasterio
1383 854 1488 893 Cho-

50 927 120 951 rae
147 926 209 951 me
237 913 456 962 collocavit,
492 913 668 953 maximi
683 912 790 964 jecit
815 920 854 949 et
879 923 1013 965 paene
1040 910 1083 947 in
1107 910 1287 960 germani
1292 908 1389 963 filii
1405 909 1489 947 loco

49 982 112 1006 me
140 967 310 1008 dilexit:
348 969 448 1008 adeo
462 999 472 1015 ‚
506 977 547 1006 ut
573 966 876 1006 astronomicam
914 965 1166 1019 disciplinam
1188 993 1200 1014 ‚
1243 978 1362 1018 quam
1387 964 1490 1002 solas

49 1036 95 1062 eo
132 1031 306 1076 tempore
338 1025 620 1078 perfectissime
660 1030 825 1061 noverat
840 1050 851 1070 ,
893 1020 993 1059 mila·
1019 1019 1215 1066 traderet,
1263 1032 1335 1057 nec
1362 1027 1491 1057 tantas

49 1090 141 1131 opes
166 1077 362 1118 invideret
387 1088 426 1118 et
455 1093 573 1132 saepe
612 1077 723 1132 apud
747 1077 1020 1130 imperatorem
1055 1088 1103 1112 ac
1135 1087 1316 1128 proceres
1339 1074 1490 1125 gloria-

51 1141 174 1184 retur,
203 1146 264 1170 me
291 1148 318 1172 a
345 1148 384 1171 se
403 1133 589 1172 heredem
609 1133 810 1172 doctrinae
835 1144 927 1169 suae
947 1129 1161 1169 institutam
1188 1142 1285 1168 esse.
1318 1141 1490 1169 romum.

160 1186 270 1239 Pag.
298 1189 366 1238 55,
403 1202 465 1243 19.
496 1187 787 1239 προσήκουσαν
813 1186 868 1225 Μ.
894 1199 977 1238 mg.

159 1242 270 1294 Pag.
301 1243 367 1292 55,
399 1257 464 1284 21.
495 1242 788 1293 διειλέχθησαν
817 1248 924 1279 recte
951 1240 1012 1278 M.

159 1295 264 1349 Pag.
296 1299 363 1346 55,
396 1311 463 1337 22.
490 1293 662 1336 ἐδόκουν
708 1294 755 1333 δὲ
795 1292 942 1343 λίθους
976 1294 1126 1345 ἕψειν,
1165 1294 1401 1334 videbantur
1429 1294 1492 1333 la-

43 1351 159 1407 pides
195 1365 372 1407 coquere.
448 1353 665 1393 Peccatum
705 1358 765 1389 est
810 1350 915 1389 forte
955 1363 980 1388 a
1026 1348 1191 1388 librario
1223 1356 1262 1388 et
1298 1351 1493 1402 scriptum

49 1406 168 1456 ἕψειν
198 1421 272 1460 pro
311 1406 454 1448 εἰπεῖν.
511 1407 553 1447 Si
579 1421 662 1446 non
691 1412 765 1456 est,
798 1411 886 1444 tum
911 1405 1072 1444 inanem
1106 1419 1268 1458 operam
1294 1405 1492 1458 significa-

50 1462 135 1500 vit:
166 1476 248 1506 non
278 1463 386 1502 enim
415 1461 610 1502 mollescit
641 1460 757 1514 lapis,
787 1460 885 1499 dum
921 1462 1140 1513 coquitur:
1172 1460 1330 1512 ignibus
1357 1467 1492 1498 tamen

50 1516 107 1555 ad·
135 1517 283 1556 calcem
307 1518 513 1571 redigitur.
572 1516 652 1556 Sed
680 1515 787 1554 malo
818 1515 948 1568 legere
977 1514 1135 1565 εἰπεῖν,
1173 1522 1220 1554 ut
1254 1529 1393 1554 sensus
1424 1516 1490 1566 sit,

42 1573 168 1611 ‘nimis
192 1572 294 1611 dura
317 1573 558 1613 videbantur
581 1570 720 1623 loqui,
748 1578 795 1609 ut
821 1577 880 1609 est
910 1569 1023 1622 lapis.
1081 1570 1223 1623 Itaque
1254 1577 1295 1608 et
1324 1569 1493 1609 Plautus

47 1622 294 1667 Aulularia:
337 1629 534 1667 cerebrum
570 1627 673 1666 mihi
696 1626 804 1665 dicta
833 1634 900 1664 tua
935 1625 1167 1677 excutiunt,
1207 1639 1342 1665 soror.-
1384 1626 1491 1680 lapi-

47 1682 116 1721 des
149 1683 333 1736 loqueris.
365 1697 547 1726 PonTAN.

158 1737 343 1790 Pag.56,
363 1752 424 1777 10.
455 1752 576 1777 vere
606 1750 765 1784 novo,
789 1736 947 1775 Nonis
975 1734 1148 1790 April.
1178 1735 1493 1786 Quomodotam

46 1805 135 1830 sero
163 1806 314 1831 novum
346 1798 441 1833 ver?
497 1794 648 1831 Graece
677 1793 785 1831 enim
824 1799 883 1830 est
935 1785 1028 1841 ἄρτι
1079 1790 1118 1830 δ’
1154 1786 1279 1844 ἔαρος
1309 1788 1493 1842 ἀρχομέ-

46 1859 134 1889 νου.
191 1847 388 1887 Adultum
423 1855 482 1888 est
512 1851 643 1903 potius
686 1847 812 1886 Nonis
855 1846 1076 1899 Aprilibus.
1134 1846 1196 1885 Ita
1225 1859 1320 1884 sane
1349 1858 1493 1883 secun-

46 1901 146 1940 dum
175 1903 274 1941 coeli
303 1918 478 1946 cursum.
535 1903 614 1942 Sed
636 1909 766 1954 potest
794 1909 891 1940 tunc
921 1915 1074 1940 novum
1107 1914 1204 1951 esse,
1233 1901 1264 1939 si
1293 1907 1379 1938 tum
1408 1900 1493 1953 pri-

45 1970 158 1995 mum
187 1971 310 1997 verna
338 1965 550 2012 tempestas
581 1958 771 2010 incipiat,
811 1971 930 2009 quam
962 1956 1040 1995 hoc
1068 1970 1173 1995 anno
1211 1955 1325 1995 1601.
1356 1962 1396 1994 et
1423 1969 1492 1994 su-

45 2012 204 2064 periore
231 2016 380 2067 experti
415 2027 580 2064 sumus,
620 2027 713 2052 cum
753 2014 900 2051 Martio
943 2026 1078 2050 mense
1122 2010 1232 2049 haud
1280 2012 1489 2063 incepisse.

47 2067 144 2117 Quo
173 2075 290 2120 pacto
321 2069 438 2109 aliter
469 2069 580 2108 locus
612 2067 843 2121 explicetur,
873 2082 954 2106 non
985 2067 1166 2119 dispicio.
1224 2079 1397 2126 PONTAJ.

155 2123 254 2176 Pag.
270 2123 339 2175 56,
360 2139 419 2179 ¹9·
443 2121 549 2176 πρός
564 2137 609 2163 σε
623 2125 680 2163 M.
700 2136 873 2176 quoque.
903 2123 997 2162 Non
1028 2135 1129 2175 opus
1151 2128 1210 2161 est
1231 2122 1491 2161 correctione.

155 2178 401 2233 Pag.57,9.
435 2174 603 2231 ἑτέρους
633 2179 690 2219 Μ.

158 2232 262 2286 Pag.
279 2233 344 2286 57,
363 2249 422 2288 19.
447 2242 608 2273 semet
629 2233 688 2271 de
709 2233 948 2285 maligna
975 2232 1167 2271 volunt.
1187 2245 1275 2271 sua
1299 2232 1490 2273 ulcisci.

43 2287 106 2328 Ut
132 2288 226 2328 facit
253 2303 370 2328 senex
408 2289 516 2342 apud
541 2288 776 2327 Terentium
812 2289 854 2326 in
886 2287 1370 2326 Heautontimorumeno:
1426 2288 1490 2325 ia-

44 2351 153 2382 terea
173 2358 288 2398 usque
317 2345 383 2382 illi
402 2345 452 2382 de
477 2357 539 2381 me
567 2343 798 2396 supplicium
836 2342 952 2385 dabo.
1009 2343 1086 2382 Sed
1103 2342 1227 2394 'aliam
1255 2342 1309 2380 ob
1330 2356 1492 2381 causam

45 2396 126 2461 ille,
157 2405 195 2438 et
227 2398 280 2437 ob
308 2398 428 2437 aliam
459 2399 544 2442 iste.
600 2397 814 2437 Praeterea
841 2396 909 2437 ille
937 2396 1077 2438 volens
1110 2411 1156 2437 ac
1183 2397 1389 2452 prudens,
1424 2397 1491 2436 hic

45 2461 206 2493 invitus.
245 2467 415 2497 ponus.
914 2492 918 2494 .

156 2508 390 2559 Pag.58,2.
420 2522 485 2548 σοι
514 2508 570 2548 Μ.
599 2521 680 2561 mg.
699 2537 710 2558 ,
741 2519 788 2547 σε
816 2514 959 2551 textus.

155 2562 256 2614 Pag.
275 2563 344 2616 59,
366 2562 426 2614 14.
455 2562 539 2602 τῶν
568 2564 625 2605 Μ.
654 2577 728 2615 pro
756 2563 833 2601 τοῦ
861 2570 953 2603 ante
980 2563 1121 2613 βασιλ.

156 2615 256 2668 Pag.
273 2617 338 2667 60,
361 2631 393 2660 ι.
426 2618 500 2656 τοῦ
534 2618 625 2657 add.
650 2619 704 2656 M.
731 2632 810 2671 mg.
839 2626 932 2657 ante
960 2617 1104 2669 βασιλ.

156 2670 258 2723 Pag.
271 2671 338 2719 60,
359 2673 396 2711 3.
426 2673 494 2712 ad
522 2673 720 2726 Sophia
734 2688 769 2711 e.
828 2673 934 2712 Filio
972 2673 1075 2718 Dei,
1121 2672 1190 2723 qui
1230 2678 1288 2711 est
1318 2670 1487 2710 verbum

47 2732 87 2765 et
117 2726 309 2779 sapientia
337 2726 495 2777 Patris,
530 2743 553 2767 a
582 2728 845 2768 Constantino
873 2730 1051 2782 primum
1078 2727 1293 2767 excitatum
1324 2733 1382 2766 est
1409 2725 1486 2765 hoc
