1794 3158
0 0 105 126 Γ

0 131 3 219 l
390 164 464 204 An
509 162 876 206 CANTACUzENl
922 147 1019 205 Lm.
1062 165 1113 204 11.
1365 144 1470 210 461

40 268 218 312 coniecti
245 275 368 308 erant
397 266 577 308 omnium
624 269 762 318 oculi,
812 266 927 320 quod
963 280 1030 307 eos
1057 267 1102 306 in
1141 266 1229 318 lege
1256 264 1472 306 Illahome·

39 334 144 364 tana
179 324 408 362 institueret
451 337 503 362 ac
516 324 755 375 facultates
791 323 1000 375 ceteroqui
1028 321 1310 376 amplissimas
1344 321 1468 376 possi-

40 377 169 420 deret.
226 377 372 416 Etiam
399 376 597 417 Sultanus
622 378 721 429 ipse,
751 390 869 430 quem
893 376 1105 426 diximus,
1140 375 1347 415 Aladines
1376 377 1472 430 plu·

39 434 188 472 rimum
222 432 262 470 ei
290 432 512 473 tribuebat.
566 432 692 471 Hunc
730 432 800 471 ubi
838 433 1095 470 convenisset
1133 430 1347 470 Etrucules
1365 460 1381 479 ,
1427 439 1472 470 ut

38 488 243 527 somnium
269 485 338 525 illi
360 500 474 525 suum
506 494 748 541 exponeret,
768 485 815 526 V
809 485 1019 525 enerande
1043 489 1131 532 vir,
1151 486 1233 532 ait,
1249 498 1330 539 per
1355 486 1473 538 quie-

37 549 120 581 tem
147 541 259 580 visus
292 554 379 579 sum
407 540 552 580 videre
581 539 842 594 splendorem
869 539 994 579 lunae
1019 539 1291 593 prodeuntem
1320 553 1342 578 e
1376 541 1472 580 sinu

36 602 127 642 tuo,
161 597 233 648 qui
260 609 392 634 meum
430 597 475 635 in
501 597 635 635 sinum
668 601 925 648 penetraret.
981 594 1046 634 Eo
1085 608 1176 633 cum
1212 592 1379 634 delatus
1412 609 1472 634 es·
1521 607 1533 613 “

35 658 112 697 set,
143 663 200 690 ex
229 650 422 690 umbilico
460 663 550 689 meo
584 663 688 689 mox
723 657 896 688 enatam
926 646 1059 701 fuisse
1099 649 1326 697 arborem,
1361 663 1470 703 quae

36 705 222 756 regiones
276 705 440 758 aliquot
491 718 543 744 ac
589 703 809 756 praealtos
858 712 1015 743 montes
1061 703 1249 756 latosque
1297 717 1470 758 campos

36 759 187 799 umbra
217 772 294 798 sua
317 767 482 811 tegeret.
539 757 611 796 Ad
635 759 746 811 ipsas
767 759 906 798 autem
936 757 1103 797 radices
1126 759 1294 798 arboris
1316 773 1469 813 peren-

35 827 107 853 nes
139 827 275 866 aquas
304 827 541 862 emanasse,
575 814 721 868 quibus
747 815 896 853 vineae
922 813 1084 867 passim
1113 821 1152 852 et
1177 814 1290 852 horti
1318 815 1469 866 irriga—

36 876 209 908 rentur:
251 881 303 908 ac
331 868 557 908 secundum
599 869 704 906 haec
741 877 1007 920 experrectus
1036 865 1121 920 fui.
1187 869 1471 921 Posteaquam

35 922 111 962 diu
135 923 386 977 multumque
414 931 537 962 semet
571 921 793 972 Edebales,
826 923 897 976 qui
927 934 958 961 a
992 923 1076 961 suis
1100 922 1172 960 vir
1195 931 1363 962 sanctus
1390 924 1469 963 ha-

34 978 235 1025 bebatur,
265 978 316 1018 ob
345 978 733 1031 interpretationem
759 977 912 1016 somnii
939 977 1135 1029 torsisset,
1164 975 1336 1016 tandem
1366 991 1468 1018 ora-

33 1034 146 1072 tione
173 1032 239 1072 ad
265 1032 504 1072 Etruculem
532 1044 735 1071 conversa
756 1063 768 1082 ‚
797 1032 1007 1072 Nascetur
1041 1032 1118 1071 tibi
1145 1030 1291 1086 filius,
1317 1032 1468 1088 inquit,

33 1088 103 1126 vir
133 1089 300 1141 optime,
335 1088 404 1127 cui
435 1101 585 1127 nomen
615 1087 696 1126 erit
730 1086 902 1126 Osman.
956 1086 1001 1125 Is
1022 1086 1135 1126 bella
1166 1086 1357 1140 plurima
1394 1102 1468 1139 ge-

35 1150 99 1181 ret
119 1171 132 1191 ,
177 1155 229 1182 ac
255 1141 411 1195 posteri
454 1141 515 1181 tui
542 1140 736 1194 deinceps
777 1154 889 1193 reges
934 1148 1217 1195 terrarumque
1257 1143 1466 1197 principes

34 1204 166 1239 erunt.
222 1197 321 1236 IlIea
379 1209 507 1251 uoque
522 1195 634 1249 filia
663 1203 849 1249 nuptura
871 1204 933 1235 est
951 1194 1140 1243 Osmani,
1170 1208 1227 1236 ex
1253 1211 1338 1251 qua
1364 1211 1467 1251 pro-

33 1251 193 1292 creabit
221 1251 293 1290 ille
317 1211 473 1291 liberos
492 1279 504 1301 ‚
537 1250 608 1304 qui
645 1249 708 1290 ad
741 1250 988 1301 dignitatem
1019 1251 1179 1301 regiam
1222 1253 1467 1304 pervenient

33 1319 88 1346 ac
113 1320 168 1360 po
199 1306 277 1345 ulis
310 1319 400 1346 cum
437 1305 612 1360 imperio
647 1314 891 1357 praeerunt.
950 1304 1188 1344 Secundum
1225 1305 1305 1345 illa
1342 1315 1468 1345 natus

16 1362 111 1414 suit
181 1374 315 1409 sman,
341 1361 411 1414 qui
441 1373 532 1400 cum
562 1357 830 1405 adolevisset,
858 1358 1156 1399 Mahometani
1184 1359 1296 1399 illius
1313 1360 1465 1414 filiam

35 1415 162 1456 duxit
191 1429 382 1462 uxorem,
412 1415 464 1454 de
499 1427 585 1468 qua
617 1422 741 1453 natus
776 1421 837 1454 est
879 1414 916 1452 ei
939 1413 1064 1468 filius
1111 1413 1281 1455 Urchan
1315 1417 1466 1469 (quem

33 1470 266 1511 Orchanem
305 1476 438 1510 nostra
477 1468 644 1507 historia
672 1469 836 1519 vocat).
892 1468 1070 1523 Cumque
1103 1468 1260 1509 Osman
1290 1472 1466 1523 provin-

14 1527 108 1566 ,ciis-
131 1526 292 1581 aliquot
322 1524 536 1578 occupatis
563 1525 847 1578 principatum
876 1524 953 1564 sibi
981 1524 1269 1575 constituisset,
1294 1534 1466 1579 partem

33 1579 239 1620 ditionum
267 1581 374 1619 inter
401 1579 525 1618 duces
562 1578 794 1627 militares,
858 1580 902 1616 ui
928 1591 980 1617 ea
1009 1578 1052 1617 in
1083 1578 1182 1618 loca
1220 1594 1308 1619 cum
1336 1580 1466 1619 Etru-

31 1635 121 1675 cule
139 1644 263 1689 patre
293 1641 516 1679 venerant,
558 1633 785 1672 liberaliter
817 1593 1059 1672 distribuit:
1104 1646 1134 1673 a
1175 1635 1320 1688 quibus
1357 1635 1463 1674 illae

31 1692 217 1741 regiones
253 1687 453 1742 hodieque
485 1688 655 1726 nomina
697 1700 775 1726 sua
806 1688 983 1726 sortitae
1025 1697 1132 1727 sunt.
1189 1688 1343 1728 Itidem
1381 1690 1466 1728 Ur-

29 1745 160 1794 cliani
172 1744 280 1798 filio
305 1741 597 1790 diciunculam‚
619 1742 685 1780 cui
711 1756 856 1782 nomen
872 1742 1016 1781 Clzisar
1027 1741 1218 1795 Saugagi
1246 1752 1286 1783 et
1310 1757 1470 1796 cogno-

31 1796 123 1840 men
158 1802 342 1850 Inunge,
385 1798 588 1836 concessit.
622 1809 795 1838 ΡοΝΤΑΝ.

139 1853 242 1907 Pag.
261 1854 354 1907 557,
378 1855 438 1892 18.
465 1845 541 1890 κᾶν
570 1852 628 1891 Μ.
658 1864 731 1904 pro
756 1847 828 1890 καὶ
861 1849 901 1890 εἰ
929 1857 969 1890 et
997 1850 1068 1891 lin.
1099 1865 1161 1906 19.
1190 1847 1396 1909 ἡσυχάζῃ.

141 1906 439 1962 Pag.557‚24.
470 1906 596 1947 loca
637 1906 926 1948 coniicere.
984 1906 1047 1946 De
1087 1907 1231 1946 idoneo
1264 1907 1355 1948 loco
1391 1907 1465 1951 eli«

31 1963 160 2018 gendo
202 1964 392 2016 Vegetius
425 1960 518 2001 libr.
546 1962 584 2000 5.
626 1975 714 2014 cap.
752 1961 814 2000 13.
890 1961 1075 2012 „Bonum
1107 1962 1248 2001 ducem
1277 1966 1466 2004 convenit

31 2033 160 2067 nosse,
193 2032 377 2071 magnam
405 2022 558 2071 partem
596 2017 785 2056 victoriae
808 2017 940 2069 ipsum
970 2016 1125 2066 locum,
1158 2019 1316 2072 in‚quo
1347 2019 1474 2059 dimi-v

31 2075 202 2116 candum
224 2081 299 2124 est,
323 2072 538 2126 possidere.
594 2072 769 2111 Elabora
791 2085 898 2125 ergo,
928 2078 975 2110 ut
1002 2079 1260 2112 conserturus
1284 2087 1463 2123 manum,

30 2132 207 2184 primum
235 2128 426 2168 auxilium
457 2133 589 2179 captes
626 2141 669 2165 ex
708 2126 810 2174 loco,
843 2127 912 2180 qui
942 2133 1054 2165 tanto
1078 2127 1215 2167 utilior
1247 2129 1476 2181 iudicatum>

31 2192 182 2239 quanto
221 2185 401 2237 superior
433 2183 552 2222 suerit
595 2188 823 2234 occupatus.
882 2182 1161 2234 lnvsubiectos
1204 2184 1310 2222 enim
1340 2184 1467 2223 vehe-

31 2242 205 2280 mentius
223 2238 303 2279 tela
337 2237 581 2278 descendunt
611 2244 649 2276 et
671 2238 822 2276 maiore
849 2236 999 2290 impetu
1045 2238 1267 2278 obnitentes
1294 2253 1386 2292 pars
1406 2239 1466 2278 al-

32 2296 113 2335 tior
139 2294 264 2348 pellit.
324 2293 406 2344 Qui
433 2293 598 2332 adverso
636 2293 778 2331 nititur
805 2291 910 2331 clivo
927 2320 939 2340 ‚
984 2291 1130 2346 duplex
1154 2293 1260 2333 subit
1304 2299 1344 2333 et
1373 2308 1464 2333 cum

31 2348 122 2390 loco
153 2356 192 2388 et
223 2363 313 2389 cum
341 2348 454 2388 hoste
478 2354 691 2387 certamen.
748 2347 826 2386 Sed
854 2346 924 2386 illa
965 2346 1153 2388 distantia
1180 2356 1261 2400 est,
1290 2349 1399 2402 quod
1432 2350 1467 2388 si

33 2404 84 2444 de
130 2404 328 2458 peditibus
362 2405 441 2442 tuis
475 2403 684 2443 victoriam
725 2416 858 2456 speras
892 2409 1033 2442 contra
1075 2404 1227 2457 equites
1271 2403 1462 2450 hostium,

32 2458 120 2500 loca
151 2473 303 2513 aspera,
333 2456 575 2510 inaequalia,
604 2464 816 2498 montuosa
836 2457 956 2497 debes
992 2458 1148 2511 eligere.
1204 2458 1247 2498 Si
1278 2472 1374 2498 vero
1414 2458 1466 2497 de

33 2515 232 2568 equitibus
256 2516 335 2554 tuis
369 2520 506 2554 contra
536 2512 751 2552 adversarii
776 2512 928 2566 pedites
952 2514 1161 2553 victoriam
1182 2514 1339 2566 quaeris
1356 2542 1367 2562 ‚
1402 2526 1465 2551 se-

33 2571 103 2624 qui
128 2569 249 2610 debes
277 2569 399 2622 paulo
422 2568 582 2622 quidem
609 2569 776 2608 editiora
805 2567 893 2607 loca
910 2597 922 2618 ‚
954 2568 1022 2607 sed
1044 2568 1162 2621 plana
1194 2582 1240 2609 ac
1269 2567 1464 2623 patentia,

33 2638 163 2680 neque
190 2623 312 2679 sylvis
332 2655 343 2673 ‚
373 2637 500 2677 neque
527 2623 740 2677 paludibus
770 2623 995 2677 impedita.'’
1022 2637 1196 2667 Ponun-

148 2678 361 2732 Pag.558‚
385 2681 443 2720 13.
475 2677 641 2732 ἄνυσθῇ
671 2680 728 2717 Μ.
758 2693 839 2732 mg.

145 2733 248 2787 Pag.
265 2734 356 2789 359,
372 2734 408 2778 5.
438 2729 704 2788 ἐθρύλλησαν
743 2735 803 2774 M.
833 2746 915 2786 mg.
