1800 3164
463 150 841 193 HISTORIARUM
876 154 948 194 iv.
978 157 1045 198 αι.
1446 134 1515 209 75

68 253 180 296 λατᾶ
226 254 459 295 Λατινικαί
473 285 486 306 ,
540 253 782 309 ἐτράπησαν
826 256 887 304 εἰς
924 251 1084 310 φυγήν,
1131 252 1255 312 ὀλίγῳ
1312 253 1727 309 ἐλάσσουςΑ.Ο.ι348

66 318 320 374 πεντήκοντα
347 320 429 361 ταῖν
463 318 623 360 οἰκείων
651 321 943 369 καταλιπόντες
970 319 1041 361 ἐπὶ
1067 322 1140 374 τῆς
1169 319 1356 370 ὁλκάδος.
1405 316 1515 376 ἦσαν

68 386 116 428 δὲ
154 386 393 427 παντάπασι
437 387 610 438 ψευδεῖς
649 385 693 427 αἱ
746 389 904 442 φῆμαι.
959 386 1019 429 Δοἱ
1071 388 1117 429 δὲ
1168 390 1642 443 καταλειφθέντεςΡ.745

63 451 262 504 Ῥωμαῖοι
300 453 372 493 ἐπὶ
412 453 487 505 τῆς
526 449 724 504 ὁλκάδος,
774 450 1022 505 αἰσθόμενοι
1068 450 1394 503 οἷποπλευσοίσας
1439 453 1516 503 τοὶς

14 513 263 572 ’ὄτριήρειςῃ
293 519 337 560 ἐν
365 518 580 575 α’μηχανίᾳ
607 515 894 571 καταστάντες,
925 520 985 567 εἰς
1004 517 1151 572 λόγους
1170 515 1299 574 ἦλθον
1315 526 1400 569 τοῖς
1419 524 1517 561 Λα·-

64 585 194 632 τίνοις
228 585 505 639 νενικημένοις
541 580 622 639 ἤδη
661 583 765 626 κατὰ
804 584 972 640 κράτος.
1039 585 1112 627 καί
1144 589 1381 641 συνέβησαν
1409 583 1517 628 αἵστε

63 652 181 707 κοινῇ
207 648 422 702 σβεννύειν
449 653 779 706 κατακαιομένην
810 651 885 707 τήν
913 649 1096 705 ὁλκάδα,
1131 652 1200 694 ἵνα
1242 650 1302 707 μή
1342 653 1518 694 συνδια-

0 717 3 785 j
64 717 268 772 φθαραῖσι
297 718 372 758 καί
397 715 532 758 αὐτοί.
588 718 648 766 εἷς
675 715 750 773 τήν
777 719 980 760 ἐπιοῦσαν
1008 720 1080 772 δὲ,
1130 717 1183 760 ἂν
1209 720 1289 772 μὲν
1314 716 1518 772 Ῥωμαῖοι

2 786 3 789 ’
63 781 407 834 ἐπιπλεύσαντες,
449 780 590 839 κύριοι
626 785 699 838 τῆς
738 780 913 833 ὁλκάδος
950 786 1170 838 γένωνται,
1213 781 1517 834 συνδιασώζειν

0 846 52 900 ‚ho
63 845 161 898 τούς
187 844 523 904 ἀπολειφθέντας
550 848 783 903 Ῥωμαίους
809 848 911 901 τούς
933 852 1148 900 Λατίνους
1168 851 1518 906 ἐξαιτησαμένους

0 918 2 936 ³
60 913 176 970 παρὰ
214 916 297 957 τῶν
336 913 575 970 ἀρχόντων·
646 911 696 958 ἂν
738 918 775 957 δ’
803 916 842 958 οἱ
872 921 1055 960 Λατῖνοι
1082 918 1312 959 έπιπλέωσι
1338 916 1413 958 καὶ
1440 933 1515 957 κυ-

0 976 1 984 ’
59 977 236 1037 ριεύωσι
265 982 337 1035 τῆς
368 979 563 1034 ὁλκάδος,
589 981 642 1025 τὰ
672 981 744 1025 ἴσα
764 984 980 1033 Λατίνους
1007 988 1141 1025 ποιεῖν
1168 981 1270 1039 πρὸς
1290 981 1392 1031 τούς
1409 980 1512 1024 Ῥω·
1524 995 1566 1030 V.
1582 995 1646 1041 597

57 1045 236 1100 μαίους,
281 1044 305 1087 ὃ
340 1049 415 1089 καί
440 1049 600 1102 ἐγένετο
631 1043 723 1101 ἅμα
756 1050 824 1106 ἕῳ.
883 1050 977 1090 έπεί
1002 1047 1083 1104 γάρ
1114 1044 1231 1090 οὔπω
1267 1049 1402 1091 πᾶσαι
1431 1063 1550 1096 noc-13

57 1115 387 1168 ρεσκευασμέναι
427 1107 534 1169 ἦσαν
563 1114 608 1156 αἱ
635 1114 853 1169 βασιλικαὶ
878 1113 1085 1171 τριήρεις,
1132 1115 1169 1158 οἱ
1202 1120 1384 1159 Λατῖνοι
1420 1118 1514 1157 ἐπι-

0 1181 47 1224 15
60 1177 328 1234 πλεύσαντες,
358 1180 571 1237 ἡμιφλεγῆ
599 1182 786 1223 α’νεῖλκον
811 1180 886 1237 τήν
914 1182 1082 1225 ὁλκάδα.
1142 1183 1342 1234 διέσωζον
1372 1183 1418 1224 δὲ
1439 1181 1515 1224 καὶ

58 1243 161 1295 τούς
185 1245 422 1299 Ῥωμαίους
451 1247 554 1289 κατά
583 1246 679 1296 τούς
707 1245 860 1304 ὅρκους
889 1249 927 1291 οἱ
968 1250 1013 1291 ἐν
1041 1251 1090 1306 τῇ
1119 1251 1200 1304 νηΐ.
1265 1247 1311 1290 αἱ
1338 1251 1509 1302 βασιλι-

58 1311 133 1353 καὶ
159 1313 206 1354 δὲ
234 1310 418 1368 τριήρεις
443 1314 537 1356 ἐπεὶ
561 1317 696 1356 πᾶσαι
727 1310 1118 1369 παρεσκευασμέναι
1141 1312 1264 1372 ἦσαν,
1295 1317 1368 1356 καί
1384 1316 1510 1358 οῦδὲν

57 1378 191 1419 ἐνέδει
232 1376 324 1433 ἔτι,
368 1378 566 1434 ἀνήγοντο
605 1382 652 1422 ἐκ
684 1381 763 1422 τοῦ
792 1382 971 1436 νεωρίου
1000 1383 1135 1422 πᾶσαι
1171 1383 1414 1437 διαπρεπῶς
1438 1385 1510 1423 κε-

57 1447 340 1500 κοσμημέναι,
369 1448 443 1487 καί
469 1446 621 1502 πλήθει
649 1444 827 1489 ὁπλιτῶν
855 1447 930 1488 καί
954 1446 1213 1503 λαμπρότητι
1242 1447 1315 1490 καὶ
1339 1451 1511 1503 μεγέθει

0 1514 326 1566 Ὰοπαρασκευῆς
369 1509 509 1556 οὐδενί
551 1516 636 1556 ταῖν
676 1515 721 1555 ἐκ
766 1516 926 1556 πολλοῦ
969 1516 1247 1568 γεγενημένων
1288 1511 1511 1568 Ῥωμαίοις

57 1577 217 1621 στόλων
253 1578 574 1632 έλασσούμεναι.
634 1584 881 1636 παρείποντο
919 1582 966 1622 δὲ
994 1582 1067 1622 καί
1091 1581 1288 1636 μονήρεις
1314 1582 1391 1621 οὔκ
1421 1580 1509 1622 ὀλί-

55 1659 129 1698 γαι
157 1643 230 1686 καί
249 1647 395 1699 λέμβοι
423 1646 496 1688 καί
526 1646 677 1689 α’κὰτια
708 1647 880 1696 ὁπλίτας
910 1642 1078 1701 ἄγοντα,
1109 1646 1227 1701 ἔχθει
1257 1649 1339 1688 τῶν
1371 1648 1510 1689 Λατί-

55 1726 138 1752 νων
178 1710 409 1767 προθύμως
447 1709 642 1755 ἁποίντων
682 1715 1096 1768 συστρατευομένων.
1166 1714 1284 1754 οἵτε
1330 1716 1550 1757 Λατῖνοιο

56 1775 162 1833 πρὸς
185 1776 232 1819 τὸ
251 1779 428 1831 μέγεθος
457 1780 531 1833 τῆς
559 1782 826 1834 παρασκευῆς
854 1780 1208 1835 ἐκπεπληγμένοι,
1239 1778 1373 1822 πάντα
1401 1781 1510 1833 μᾶλ-

150 1880 183 1914 9.
209 1870 389 1914 γίνονται
419 1869 452 1902 Ρ.
557 1871 607 1904 13.
633 1870 780 1915 ἐγίνετο
806 1871 840 1903 P.

58 1949 171 1989 catis,
195 1959 346 1983 onerum
370 1952 478 1996 potiti
504 1955 598 1983 sunt.
651 1950 783 1984 Verum
809 1950 872 1983 ubi
902 1960 1024 1983 rumor
1051 1950 1188 1983 incerto
1215 1954 1362 1982 auctore
1388 1959 1512 1981 mana·

57 1997 130 2036 vit,
154 1997 300 2031 Latinas
328 1998 492 2031 triremes
519 2010 538 2032 e
564 1997 694 2031 Galata
720 2009 763 2030 eo
788 2009 929 2031 cursum
956 1997 1133 2042 dirigere,
1160 1996 1319 2041 perculsi
1345 1996 1511 2035 Romani,

59 2043 203 2078 circiter
227 2043 493 2091 quinquaginta
521 2046 565 2079 de
590 2045 665 2078 suis
694 2045 732 2078 in
759 2045 924 2078 oneraria
952 2045 1102 2084 relictis,
1120 2043 1240 2088 fugam
1268 2043 1512 2088 arripucrunt.

59 2091 131 2125 Sed
159 2092 219 2125 hic
245 2103 367 2124 rumor
393 2093 501 2137 plane
525 2092 682 2126 mendax
707 2097 792 2128 erat.
846 2093 985 2124 Deserti
1014 2093 1052 2125 in
1074 2090 1241 2125 oneraria
1268 2091 1419 2123 Romani
1443 2089 1511 2123 tri-

58 2148 173 2172 remes
207 2138 442 2184 abnavigasse
468 2151 547 2172 cum
582 2140 762 2173 sentirent
779 2164 788 2180 ,
822 2140 966 2172 consilii
993 2140 1141 2183 inopes,
1168 2149 1247 2170 cum
1274 2137 1413 2170 Latinis
1438 2138 1511 2170 iam

58 2185 162 2218 victis
190 2186 471 2232 colloquuntur;
509 2192 546 2219 et
571 2189 767 2224 convenit,
804 2191 844 2218 ut
875 2187 1114 2220 communiter
1138 2185 1348 2219 incendium
1373 2185 1508 2218 restin-

59 2238 231 2277 guerent,
270 2243 316 2266 ne
348 2238 386 2266 et
408 2234 497 2278 ipsis
522 2246 595 2267 una
621 2232 847 2279 pereundum
871 2234 975 2268 foret.
1027 2233 1173 2267 Postero
1201 2232 1274 2272 dic,
1299 2231 1330 2264 si
1357 2232 1510 2265 Romani

58 2278 315 2324 adnavigantes
336 2283 537 2315 onerariam
558 2287 739 2326 caperent,
766 2281 834 2324 ipsi
851 2281 1013 2320 Latinos,
1043 2282 1200 2313 exoratis
1226 2278 1393 2319 ducibus,
1417 2289 1510 2311 con-

57 2331 260 2361 servarent:
277 2328 334 2361 sin
352 2328 484 2370 Latini,
501 2334 540 2362 ut
554 2330 722 2362 Romanis
738 2328 833 2362 idem
850 2328 1004 2361 officium
1019 2327 1140 2360 Latini
1157 2331 1393 2372 praestarent,
1409 2325 1511 2371 quod

58 2377 97 2406 et
107 2374 238 2408 sactum
253 2376 368 2419 prima
389 2375 479 2409 luce.
507 2375 641 2409 paratis
661 2377 756 2410 enim
773 2376 822 2407 ita
846 2375 1015 2409 omnibus
1032 2374 1263 2419 imperatoris
1284 2372 1510 2414 triremibus,

40 2417 181 2454 'Latini
207 2422 420 2456 adlabentes
437 2422 644 2456 semiustam
661 2423 860 2456 onerariam
883 2422 1149 2462 abstraxerunt,
1174 2423 1311 2468 quique
1338 2421 1375 2454 in
1391 2430 1432 2452 ea
1448 2431 1510 2453 vc-

58 2466 242 2502 hebantur
256 2469 387 2510 Latini,
403 2480 446 2502 ex
462 2469 664 2503 iuramento
678 2470 846 2504 Romanis
860 2469 1148 2503 incolumitatem
1162 2469 1413 2513 impetrarunt.
1439 2469 1511 2500 Im-

56 2516 261 2559 peratoriae
295 2517 459 2550 triremes
486 2518 683 2551 instructae
712 2528 837 2551 omnes
874 2522 910 2550 et
935 2522 1080 2561 paratae
1107 2517 1254 2561 penitus
1285 2520 1510 2559 ornatacque

57 2561 261 2606 insigniter,
285 2569 321 2597 et
345 2569 563 2598 armatorum
582 2574 744 2604 numerO,
767 2564 960 2609 splendore
982 2574 1023 2596 ac
1043 2562 1293 2608 magnitudine
1319 2566 1511 2606 apparatus

59 2608 176 2642 nihilo
201 2610 363 2656 antiquis
401 2611 640 2645 Romanorum
667 2611 841 2646 classibus
879 2612 1090 2651 inferiores,
1121 2622 1140 2644 e
1170 2610 1289 2643 navali
1321 2609 1509 2642 deducun-

59 2660 128 2689 tur.
177 2656 361 2691 Uniremes
395 2670 469 2692 non
495 2669 630 2703 paucae
656 2665 879 2705 sequuntur,
914 2658 1027 2691 lembi
1053 2658 1140 2691 item
1184 2662 1221 2691 et
1256 2656 1439 2696 actuaria,
1474 2659 1510 2687 ct

60 2702 101 2735 in
126 2702 170 2736 iis
198 2704 432 2748 cataphracti,
458 2707 522 2750 qui
551 2716 674 2740 omnes
706 2706 791 2739 odio
818 2706 1030 2739 Latinorum
1057 2703 1189 2749 cupide
1209 2704 1407 2737 militatum
1423 2712 1509 2746 pro-

63 2748 328 2789 ficiscebantur.
378 2752 502 2790 Latini
534 2757 634 2788 tanto
661 2758 837 2799 apparatu
878 2754 1046 2794 attoniti,
1074 2753 1195 2787 omnia
1219 2751 1341 2796 POUUS
1369 2748 1510 2794 mgna-
