1800 3164
298 129 408 185 350
870 147 1238 189 CANrAcozssm

88 263 125 296 Λ,
140 263 177 296 c.
199 276 206 296 ι
216 263 282 298 355
293 255 386 304 χεῖν
412 248 582 305 εἱλόμην
609 251 831 301 ὑπομένειν
868 250 940 290 καί
976 246 1183 299 κινδύνοις
1215 250 1412 304 φοβεροῖς
1440 247 1513 292 καί
1538 247 1739 304 neptuni--
1774 248 1783 292 J

300 332 392 358 σεσι
421 315 628 364 ποικίλαις
656 312 897 370 προηκάμην
925 314 1135 367 ἐμαυτὸν,
1182 315 1312 355 έκεῖνο
1350 309 1401 355 ἂν
1434 314 1737 370 ἀποκριναίμην
1777 346 1780 352 -

299 382 562 437 φιλαληθαῖς,
588 376 652 421 ὅτι
678 378 736 434 μὴ
771 381 990 433 βασιλικῆς
1023 380 1157 435 ἀρχῆς
1199 381 1334 435 ἐρῶν,
1377 381 1483 434 μηδὲ
1523 378 1627 436 πρὸς
1658 381 1736 435 τὴν

252 450 342 495 Dein
370 446 521 500 ταύτης
554 444 679 496 δόξαν
706 443 916 498 κεχηνώς,
963 442 1069 487 ἑκών
1113 441 1220 487 εἶναι
1261 446 1424 500 καθῆκα
1453 444 1634 498 ἐμαυτὸν
1677 446 1738 494 εἰς
1775 441 1777 447 ’

296 511 389 561 τοὺς
422 508 602 566 ἆγῶνας,
633 513 720 551 α’λλ’
751 507 832 550 ὑπὸ
861 512 942 551 τῶν
971 509 1199 567 ὁμοφύλων
1218 512 1548 565 ἐπιβουλευθείς,
1578 509 1734 560 πολλὰς
1799 563 1800 566 ¹

296 578 576 632 συκοφαντίας
602 577 674 617 καί
702 573 902 628 διαβολὰς
930 576 1292 627 συσκευασάντων,
1324 579 1397 619 καί
1423 578 1482 627 εἷς
1509 577 1638 620 αὕτὸν
1657 576 1734 620 τόν
1775 578 1800 603 -³

295 644 511 697 κολοφῶνα
542 642 625 683 τῶν
663 644 799 682 κακῶν
827 643 1105 695 συνελαθείς,
1138 642 1328 696 (οὐδεμία
1372 642 1453 699 γάρ
1493 642 1609 692 ἐλπίς
1634 642 1736 685 ὕπε-

297 710 456 750 λείπετο
485 706 785 762 πονηροτέρα,)
819 708 893 748 καί
917 707 1108 760 συνιδών,
1142 708 1199 756 ὥς
1227 709 1308 762 οὐχ
1336 705 1636 763 ἀγαπήσουσιν,
1680 704 1734 750 ἂν
1775 711 1779 717 ‘

298 774 440 823 αὐτοῖς
471 773 770 827 παραχωρήσω
801 775 884 814 τῶν
907 770 1162 829 πραγμάτων
1199 776 1270 828 τῆς
1299 774 1460 828 ἀρχῆς,
1510 773 1599 816 ἀλλ’
1629 771 1735 830 ὑπὲρ

295 842 371 882 τοῦ
409 840 541 880 δοκεῖν
571 839 748 887 ,δικαίως
783 841 1109 893 πεπολεμηκέναι
1155 840 1279 891 ω’,ιιῶς
1325 837 1651 893 ἀποκτενοῦσιν,
1681 836 1738 888 ὥς
1770 831 1788 859 1

297 903 351 947 τοὶ
393 902 549 958 ἔσχατα
588 903 833 959 ἠδικηκότα,
876 907 950 945 καί
988 906 1144 954 παῖδας
1186 906 1466 961 διαφθεροῦσι
1506 903 1579 946 καί
1616 905 1739 954 οἰκεί-

303 986 374 1020 ους
412 971 484 1011 καί
532 969 630 1018 τούς
680 964 864 1024 ἄλλους,
915 966 1007 1011 ὅσοι
1055 968 1253 1025 πρότερον
1304 970 1415 1012 ἔτεσι
1455 974 1620 1021 πολλοῖς
1670 965 1742 1012 εὗ,

169 1042 202 1077 Ρ.
222 1045 289 1088 903
303 1052 381 1085 νως
418 1035 531 1090 ἔχειν
559 1035 731 1078 ἐδόκουν
755 1035 860 1092 πρὸς
888 1037 992 1090 ἐμὲ,
1032 1031 1144 1086 ὄντες
1183 1037 1259 1077 οὐκ
1299 1036 1429 1091 ὀλίγοι
1469 1039 1604 1089 τινὲς,
1641 1035 1769 1079 οὐδὲἸ

301 1099 688 1158 εὐκαταφρόνητοι,
731 1099 818 1143 ἀλλ’
859 1101 898 1144 οἱ
949 1105 1116 1152 πλείους
1158 1104 1230 1144 καί
1270 1103 1615 1159 περιφανέστεροι
1637 1102 1740 1144 Ῥω·
1772 1124 1773 1127 ¹

300 1167 469 1222 μαίων,
521 1166 629 1225 ὑπὲρ
673 1175 746 1224 τῆς
784 1170 990 1224 σφετέρας
1027 1184 1074 1210 τε
1114 1167 1187 1210 καὶ
1225 1171 1308 1210 τῶν
1359 1168 1565 1211 συνόντων
1604 1184 1741 1223 σωτη-

298 1237 393 1290 ρίας
424 1234 592 1290 εἱλόμην
624 1233 699 1289 τὴν
744 1236 951 1288 βασιλέως
987 1237 1266 1289 προσηγορίαν
1290 1266 1304 1288 ,
1363 1236 1497 1276 καίτοι
1529 1231 1610 1290 πρὸ
1640 1238 1742 1276 πολ-
1773 1238 1778 1282 ζ

298 1303 375 1342 λοῦ
399 1302 476 1342 τοῦ
513 1298 672 1356 χρόνου
709 1302 789 1343 τῶν
833 1302 1088 1356 πραγμάτων
1121 1295 1264 1354 ἅρχων
1294 1298 1508 1350 καθεστώς
1531 1332 1543 1354 ,
1585 1299 1636 1342 ου’
1671 1299 1783 1352 δός,

300 1371 370 1422 ξης
419 1369 536 1408 ἕνεκα
576 1368 648 1422 τῆς
693 1368 739 1408 ἐκ
771 1368 845 1422 τῆς
881 1369 1097 1419 βασιλείας
1138 1367 1350 1422 ἐσομένης·
1410 1367 1509 1408 οὐδὲ
1547 1368 1624 1408 τοῦ
1655 1372 1742 1416 τοῖς

299 1431 447 1474 παισίν
471 1429 608 1487 ὥσπερ
638 1430 731 1474 τινὰ
762 1434 952 1489 πατρῷον
983 1433 1133 1487 κλῆρον
1167 1434 1435 1474 καταλείπειν
1477 1429 1552 1487 τήν
1591 1430 1742 1487 α’ρχήν.
1764 1454 1765 1458 ¹

299 1498 374 1541 καί
412 1498 563 1541 τούτου
611 1499 816 1553 δείγματα
855 1495 1127 1554 παρεσχόμην
1159 1498 1437 1552 ἐναργέστατα
1478 1496 1547 1540 διὰ
1586 1495 1762 1546 παντὸς

298 1566 376 1606 τοῦ
401 1562 556 1619 χρόνου
598 1565 649 1605 οὔ
685 1562 814 1617 μόνον
861 1566 959 1619 πρὶν
989 1561 1153 1618 ἁπάσης
1197 1561 1398 1618 ἐγκρατής
1435 1564 1632 1616 γενέσθαι
1666 1564 1780 1616 τῆς

299 1629 530 1684 ἡγεμονίας,
591 1632 808 1686 (δεομένων
847 1628 926 1685 γὰρ
977 1630 1168 1671 ἁπάντων
1216 1631 1299 1670 τῶν
1338 1626 1547 1671 συνόντων
1585 1629 1659 1670 καί
1689 1630 1738 1670 σὲ
1763 1635 1766 1660 ³

301 1693 518 1750 αἱρεῖσθαι
546 1698 750 1750 βασιλέα,
783 1691 859 1737 οὖκ
889 1693 1106 1750 ἠθέλησα)
1142 1692 1254 1739 ἀλλὰ
1281 1694 1353 1737 καί
1388 1693 1494 1749 μετὰ
1525 1693 1572 1736 τὸ
1603 1696 1742 1737 πᾶσαν
1758 1692 1774 1738 ᾗ

397 1798 450 1833 18.
476 1797 540 1840 τῆς
562 1797 597 1832 Ρ.
621 1809 686 1842 pro
717 1800 809 1834 τοῖς.

302 1887 511 1922 conditione
531 1893 567 1922 et
590 1889 670 1922 loco
695 1892 900 1929 contentus,
920 1898 1045 1922 vacare
1072 1887 1151 1921 istis
1179 1885 1360 1927 omnibus,
1384 1896 1449 1920 cur
1483 1886 1631 1921 tandem
1651 1886 1742 1920 adeo
1766 1919 1767 1922 ,

302 1935 416 1968 multa
439 1947 504 1981 pro
530 1936 683 1980 imperio
708 1935 944 1980 adipiscendo
970 1934 1206 1968 sustinuerim
1243 1938 1280 1967 et
1313 1933 1483 1978 periculis
1503 1933 1748 1967 formidandis

302 1982 484 2028 variisque
511 1982 653 2017 casibus
679 1993 737 2015 me
762 1982 983 2016 immiserim.
1022 1982 1094 2025 Ego
1114 1991 1197 2013 vero
1222 1980 1327 2021 illud,
1353 1985 1394 2013 ut
1418 1981 1582 2015 veritatis
1607 1991 1759 2021 amans,¹

304 2028 558 2072 respondebo,
587 2040 644 2062 me
675 2042 750 2064 non
781 2029 1007 2074 imperatorii
1046 2028 1269 2072 principatus
1313 2027 1479 2068 avidum,
1511 2038 1631 2072 neque
1665 2027 1767 2060 eius

303 2076 484 2108 maiestati
511 2075 727 2117 inhiantem,
746 2077 810 2110 sed
825 2074 1133 2121 -homophylorum
1158 2075 1314 2114 insidiis,
1339 2075 1404 2119 qui
1430 2079 1486 2107 tot
1509 2074 1744 2107 obtrectatio-
1761 2071 1773 2096 ?

305 2120 414 2153 nibus
453 2127 489 2155 et
526 2122 625 2156 falsis
654 2124 970 2157 criminationibus
995 2133 1059 2166 per
1083 2121 1207 2154 dolum
1241 2133 1282 2154 ac
1314 2119 1478 2154 fraudem
1505 2121 1664 2154 consutis
1696 2118 1769 2159 ad,

305 2167 423 2210 ipsum
447 2177 502 2201 me
529 2169 703 2203 malorum
728 2169 979 2214 Colophonem
1004 2168 1266 2211 compulerunt,
1285 2167 1331 2200 ad
1354 2167 1420 2201 hos
1440 2178 1571 2212 agones
1595 2168 1745 2200 descen-

307 2212 425 2246 disse:
453 2213 610 2247 deterius
638 2217 734 2250 enim
759 2227 903 2261 sperare
931 2215 1027 2249 nihil
1059 2220 1232 2258 poteram.
1280 2214 1324 2247 Et
1359 2215 1444 2260 quia
1476 2212 1744 2257 praevidebam,
1772 2243 1773 2246 ,

308 2260 471 2292 cessione
498 2261 642 2304 imperii
669 2269 857 2297 contentos
889 2263 988 2296 haud
1024 2262 1164 2296 futuros
1184 2286 1193 2302 ‚
1217 2259 1305 2301 sed,
1342 2266 1385 2293 ut
1423 2260 1560 2294 bellum
1594 2261 1764 2306 Βεεεὶεεεω

308 2306 442 2338 iustum
467 2306 692 2350 viderentur,
727 2312 897 2344 atrociter
920 2321 978 2343 me
993 2335 1002 2350 ,
1043 2307 1248 2342 ut‘hostem
1272 2308 1581 2347 nocentissimum,
1604 2307 1756 2342 occisa-2

311 2362 370 2385 ros
406 2351 613 2397 liberosque
649 2367 746 2389 meos
769 2382 779 2398 ,
825 2357 1051 2402 propinquos
1083 2361 1120 2388 et
1153 2354 1269 2394 alios,
1305 2359 1487 2400 quotquot
1519 2360 1626 2387 antea
1648 2353 1766 2386 mul-

310 2398 358 2432 tis
394 2398 497 2431 annis
531 2398 621 2432 mihi
660 2403 908 2445 studuissent,
939 2404 1123 2449 (quorum
1150 2412 1218 2435 nec
1260 2402 1386 2443 exigua
1424 2406 1479 2434 est
1518 2399 1744 2440 multitudo,

308 2455 376 2477 nec
398 2446 662 2480 contemnenda
686 2454 887 2491 auctoritas,
912 2462 990 2483 curn
1008 2449 1123 2481 maior
1142 2459 1222 2493 pars
1247 2446 1462 2481 illustriores
1477 2447 1624 2480 Romani
1644 2446 1762 2491 sint,)

307 2492 588 2535 interempturos
613 2494 661 2525 ob
687 2495 842 2539 ipsorum
867 2503 904 2531 et
935 2508 1072 2537 eorum,
1098 2497 1162 2541 qui
1190 2505 1328 2527 mecum
1355 2499 1468 2535 erant,
1496 2493 1650 2527 salutem
1674 2492 1761 2525 im-'›·

307 2538 485 2584 perator-is
508 2540 788 2582 appellationem
813 2545 1009 2589 assumpsi,
1034 2542 1196 2589 quamvis
1218 2542 1333 2574 multo
1355 2546 1439 2573 ante
1465 2550 1574 2584 penes
1599 2551 1656 2573 me
1681 2549 1744 2572 es-

309 2590 366 2620 set
391 2595 510 2618 rerum
537 2584 746 2626 arbitrium,
785 2601 858 2622 non
883 2591 1046 2634 profecto
1072 2589 1118 2622 ob
1147 2589 1346 2622 claritatem
1381 2597 1426 2622 ,ex
1452 2587 1605 2631 imperio
1629 2586 1755 2619 oritu-

309 2641 407 2671 ram,
443 2641 562 2675 neque
587 2637 628 2664 ut
667 2633 705 2665 id
735 2634 819 2667 filiis
847 2638 935 2671 meis
977 2637 1184 2681 patrimonii
1213 2636 1292 2667 loco
1330 2634 1580 2679 relinquerem.
1629 2633 1751 2667 cuius.

292 2684 413 2710 ’meae
438 2677 644 2719 voluntatis,
683 2684 720 2711 et
753 2683 960 2727 priusquam
986 2685 1098 2716 totius
1124 2681 1268 2727 imperii
1293 2691 1437 2723 compos
1466 2681 1587 2714 fierem
1620 2684 1656 2712 et
1679 2679 1752 2723 per'

313 2735 417 2759 omne
441 2728 582 2770 tempus
605 2727 846 2771 apertissimas
872 2730 1152 2775 significationes
1179 2728 1277 2763 dedi.
1324 2726 1415 2760 Nam
1444 2738 1524 2762 cum
1562 2730 1658 2761 totus
1683 2735 1756 2760 ro-¹
