1800 3164
323 167 340 200 1
355 147 425 202 30
845 162 1218 205 CANTACUZENI

102 273 140 308 A.
157 275 193 308 C.
211 276 295 311 1350
310 265 428 307 πόλει
456 265 643 317 Λυζικὸν
660 266 876 318 Γεώργιον,
905 262 1122 319 κράτιστον
1151 265 1354 306 δοκοῦντα
1383 265 1435 306 τὰ
1477 266 1654 318 πολέμια
1682 265 1756 304 καὶ

304 330 504 387 συνετὸν,
533 333 592 380 εἰς
622 327 835 386 Βέᾷῥοιαν
861 329 1046 385 ἐπανῄει.
1103 331 1396 385 προσεχώρουν
1423 332 1470 372 δὲ
1499 332 1571 372 καί
1598 326 1757 384 ἀμαχεὶ

306 395 357 437 τοὶ
394 395 493 450 περὶ
521 392 720 438 Ἔδεσσαν
764 394 835 435 καί
873 394 1090 450 Βέῤῥοιαν
1128 392 1314 450 φρούρια
1357 397 1430 437 καί
1455 394 1499 436 αὶ
1529 397 1751 450 πολίχναι,

304 462 358 503 ‘ta'
385 477 429 503 τε
444 463 674 516 Σταρίὸολα
695 461 918 514 λεγόμενον
953 461 1069 514 καίἦ
1104 463 1254 515 Πέτρα
1283 464 1356 503 καί
1383 460 1403 503 ὁ
1434 459 1600 510 Σωσκὸς
1627 461 1700 503 καὶ
1725 462 1752 516 ἡ

305 527 463 582 Δεύρη,
491 526 552 568 ἔτι
574 541 619 567 τε
641 525 663 565 ὁ
692 524 918 580 Ὀστροβὸς
950 524 1023 567 καί
1050 525 1103 566 τὰ
1135 524 1288 568 Νότια·
1311 527 1383 568 καί
1409 528 1454 568 ἐκ
1485 527 1568 569 τῶν
1593 528 1800 586 &stra—52

306 593 398 640 λιάς
431 593 655 645 πολιχνίων
692 589 737 633 τὸ
771 590 1064 644 Λυκοστόμιον
1092 592 1313 646 λεγόμενον
1338 594 1414 634 καί
1439 591 1486 635 τὸ
1518 594 1753 650 Καστρίον.

176 663 290 708 P.777
306 658 547 711 α’ναπαύλης
580 658 626 698 δὲ
654 659 807 712 μικρᾶς
827 673 936 707 τινος
954 657 977 697 ὁ
1005 657 1205 711 βασιλεύς
1235 659 1416 709 α”ξιώσας
1442 657 1514 714 τήν
1538 658 1751 714 στρατιὰν,

303 722 620 776 ἐξεστράτευσεν
637 717 762 771 αὖθις
783 722 886 764 κατὰ
910 722 1109 777 Σερβίων.
1139 721 1260 773 πόλις
1290 725 1336 766 δὲ
1364 726 1500 766 ταῦτα
1524 722 1573 765 οὔ
1600 722 1748 779 μικρὰ,

302 791 346 829 έν
363 789 580 843 μεθορίοις
613 790 840 838 Βοττιαίας
863 796 1030 843 κειμένη
1050 791 1122 830 καί
1153 790 1395 838 Θετταλιάς-
1433 786 1481 844 ἧς
1498 786 1606 844 ἦρχε
1642 790 1750 844 μετὰ

300 854 376 907 τῆς
406 849 533 907 ἄλλης
556 854 791 903 Θετταλίας
819 852 1099 909 Πρεοίλιμπος
1125 858 1206 896 τῶν
1234 854 1351 911 παρὰ
1369 853 1520 914 Κράλῃ
1549 858 1750 910 δυνατῶν,
1769 874 1800 902 κ

301 918 344 968 ὃς
371 917 552 972 μάλιστα
580 919 716 961 ἐδόκει
743 922 908 962 συνέσει
946 922 1020 962 καί
1061 920 1258 979 εὐτολμία
1286 924 1358 963 καί
1387 925 1438 979 τῇ
1468 923 1565 977 περὶ
1589 923 1642 964 τοὶ
1676 937 1753 964 πο-

301 986 426 1037 λέμια
457 987 538 1026 τῶν
566 981 705 1026 ἄλλων
734 987 928 1040 προέχειν
955 987 1165 1044 ἐμπειρίᾳ.
1198 993 1331 1028 κεῖται
1356 988 1402 1029 δὲ
1431 987 1456 1043 ἦ
1479 987 1601 1038 πόλις
1619 989 1753 1044 ἐκείνη

300 1051 376 1092 ἐπί
395 1067 507 1101 τινος
539 1048 744 1100 α’ναντους
771 1054 846 1093 τοῦ
880 1047 1003 1107 ὅρους
1037 1055 1245 1108 προβολῆς
1273 1051 1404 1102 ευᾪὺς
1433 1055 1613 1109 ἐξαρχῆς
1640 1054 1752 1109 αὐτή

298 1115 451 1171 ἑαυτῆς
488 1117 776 1172 μετεωροτέρα
815 1120 1045 1174 φαινομένη
1083 1119 1157 1160 καί
1182 1115 1289 1161 οὖσα
1323 1117 1525 1174 προϊόντι.
1581 1120 1646 1161 ἐπ’
1675 1116 1753 1161 αὗ-

279 1182 374 1237 ιτήν
402 1199 446 1224 τε
474 1181 548 1237 τήν
580 1182 817 1238 ἀκρώρειαν
844 1184 1067 1239 καταλήγει
1106 1186 1221 1240 τρισί
1258 1185 1576 1240 διατειχίσμασι
1605 1187 1752 1244 διῃρη·
1770 1189 1800 1231 1⁸!

299 1251 415 1303 μένη,
447 1247 505 1297 ὥς
535 1250 672 1290 δοκεῖν
700 1248 858 1300 ἔξωθεν
897 1256 1008 1305 τρεῖς
1048 1247 1156 1292 εἶναι
1183 1251 1324 1300 πόλεις
1352 1253 1544 1305 κειμένας
1571 1250 1754 1306 ἐπαλλή-

259 1318 410 1362 Βλους.
469 1312 724 1370 ἑκατέρωθέν
772 1331 817 1356 τε
858 1315 1079 1371 φάραγγας
1118 1318 1415 1372 περιβέβληται
1456 1321 1650 1371 βαθείας.
1703 1315 1751 1359 τὸ

297 1381 336 1421 δ’
365 1377 447 1421 ἀπὸ
491 1381 566 1434 τῆς
606 1378 763 1429 πόλεως
799 1376 902 1437 ἄχρι
940 1384 1015 1423 τοῦ
1057 1383 1256 1424 ἐπιπέδου
1295 1386 1368 1424 καί
1394 1386 1477 1425 ταῖν
1505 1380 1751 1440 φαράγγων,

299 1443 397 1487 ὅσον
436 1444 620 1497 μάλιστα
660 1447 867 1488 οἰκεῖσθαι
906 1449 1167 1501 ἐπιδέχεται,
1207 1450 1349 1489 οἰκιῶν
1381 1448 1654 1503 πεπλήρωται
1680 1449 1754 1490 καί
1795 1462 1800 1471 “

299 1508 535 1566 ἀνθρώπων
576 1513 628 1552 ου’
662 1514 744 1553 τῶν
772 1515 935 1553 πολλῶν
967 1510 1112 1566 μόνον,
1148 1512 1255 1554 α’λλοὶ
1287 1514 1468 1556 καὶτῶν
1497 1514 1680 1569 ἀρίστων
1705 1516 1752 1557 ἐκ
1764 1533 1800 1560 2<

298 1579 379 1619 ταῖν
405 1578 581 1618 πολιτῶν
609 1576 684 1618 καί
718 1579 763 1618 ἐκ
794 1580 876 1618 τῶν
905 1580 1192 1631 στρατιωτῶν,
1223 1580 1265 1620 οἲ
1290 1574 1397 1633 ἦσαν
1425 1579 1623 1634 ἐγχώριοι
1650 1584 1752 1622 πολ-

304 1641 376 1683 λοί
400 1657 442 1683 τε
473 1641 547 1682 καί
573 1642 751 1695 ἀγαθοί·
787 1641 812 1695 ἥ
839 1658 882 1683 τε
900 1644 1033 1694 πόλις,
1065 1641 1324 1697 ἐπαλλήλους
1341 1643 1416 1692 τὰς
1444 1646 1576 1694 οἰκίας
1591 1643 1752 1699 ἔχουσα

299 1705 370 1748 διὰ
399 1705 475 1760 τήν
504 1706 586 1747 ἀπὸ
616 1708 692 1748 τοῦ
718 1706 846 1747 τόπου
879 1710 1023 1760 θέσιν,
1058 1708 1199 1761 ὀλίγας
1228 1707 1340 1761 ἔχειν
1370 1711 1489 1750 δοκεῖ
1512 1709 1644 1758 οἰκίας
1673 1725 1750 1751 ποι-

298 1771 551 1828 λυορόφους.
608 1773 780 1814 οἰκεῖται
813 1774 859 1814 δὲ
894 1772 944 1814 τὰ
970 1774 1046 1826 μὲν
1076 1772 1152 1814 δύο
1181 1772 1377 1829 τμήματα
1405 1773 1486 1816 ὖπὸ
1517 1778 1601 1818 τῶν
1631 1779 1751 1817 πολι-

399 1873 452 1895 ιο.
476 1860 632 1907 Κράλην
660 1862 705 1894 Μ.
817 1863 871 1897 23.
898 1861 1011 1894 τοῦτο’
1041 1874 1115 1896 που
1141 1863 1177 1897 Ρ.

301 1942 486 1974 tissimum
523 1952 564 1974 ac
600 1942 830 1985 prudentem,
857 1942 1083 1985 designavit,
1131 1949 1240 1988 atque
1265 1944 1316 1976 ita
1342 1942 1558 1977 Berrhoeam
1585 1944 1748 1988 repetiit.
1791 1961 1793 1964 ·

302 1989 401 2020 Citra
436 1988 590 2021 Martem
624 1999 772 2033 quoquc
808 1995 1035 2022 accesserunt
1071 1991 1204 2022 circum
1243 1991 1413 2023 Edessam
1455 1996 1492 2024 et
1532 1991 1748 2027 Berrhoeam

301 2034 446 2068 castella
472 2041 508 2067 et
536 2034 735 2078 oppidula,
759 2045 889 2080 nempe
914 2035 1023 2075 haec,
1054 2037 1246 2077 Staridola,
1270 2037 1373 2070 Petra
1389 2062 1397 2077 ,
1434 2036 1586 2076 Soscus,
1612 2038 1747 2079 Deura,

301 2081 466 2120 Strobus‚
492 2081 619 2114 Notia:
656 2087 692 2114 et
716 2092 759 2114 ex
783 2083 968 2127 oppidulis
993 2082 1204 2116 Thessaliae
1229 2084 1524 2127 Lycostomium,
1552 2083 1748 2123 Castrium.

299 2127 499 2171 Aliquanta
525 2127 652 2172 requie
679 2129 853 2162 exercitui
881 2139 1068 2171 concessa,
1106 2131 1302 2176 imperator
1329 2143 1450 2164 rursus
1475 2130 1748 2176 expeditionem

302 2180 426 2206 contra
454 2174 598 2206 Servios
626 2175 794 2219 suscepit.
845 2175 936 2209 Urbs
962 2176 1053 2209 haec
1077 2188 1151 2210 non
1175 2188 1282 2221 parva
1307 2177 1352 2210 ad
1389 2177 1546 2211 confinia
1561 2178 1748 2212 Bottiaeae

301 2225 338 2252 ct
363 2220 575 2255 Thessaliae
613 2221 731 2255 iacet:
768 2223 826 2254 cui
864 2227 900 2254 et
931 2224 1094 2268 reliquae
1129 2225 1338 2257 Thessaliae
1375 2224 1596 2268 Prcalimpus
1620 2235 1640 2256 e
1663 2236 1748 2269 pro·

301 2267 443 2299 ceribus
475 2266 590 2299 Cralis
626 2272 817 2310 praeerat,
863 2270 927 2313 qui
962 2270 1178 2314 prudentia,
1212 2270 1448 2312 fortitudine,
1486 2272 1748 2305 exercitatione

299 2313 433 2346 bellica
460 2324 569 2357 supra
592 2319 730 2346 ceteros
757 2315 934 2347 excellere
959 2317 1162 2350 videbatur.
1213 2318 1411 2351 Aedificata
1432 2324 1487 2351 est
1510 2329 1620 2362 super
1642 2328 1748 2351 mon-

297 2361 346 2393 tis
373 2360 485 2393 ardua
510 2361 753 2403 prominentia
769 2385 778 2400 ‚
804 2363 1001 2406 statimque
1027 2375 1046 2396 a
1073 2364 1252 2408 principio
1277 2365 1482 2409 semetipsa
1506 2365 1628 2404 altior,
1652 2364 1749 2398 sicut

303 2412 376 2447 est,
404 2405 589 2439 accedenti
624 2412 787 2450 apparet.
839 2408 880 2440 In
906 2411 984 2453 ipso
1008 2416 1128 2443 autem
1155 2411 1238 2455 iugo
1265 2413 1397 2444 montis
1426 2411 1580 2452 desinit,
1609 2411 1749 2458 triplici

300 2464 404 2486 muro
440 2453 608 2485 distincta
642 2458 678 2485 et
712 2454 930 2498 intersepta,
967 2461 1009 2488 ut
1031 2456 1118 2489 foris
1145 2457 1341 2499 existimes,
1375 2459 1445 2491 tria
1483 2468 1560 2491 esse
1596 2457 1746 2503 oppida,

303 2499 405 2532 aliud
430 2505 512 2543 post
536 2499 648 2533 aliud.
699 2500 886 2546 Utrimque
920 2502 1077 2535 vallibus
1115 2505 1306 2547 profundis
1331 2505 1583 2538 circumdatur.
1633 2503 1746 2549 Quod

301 2551 405 2591 patet.
428 2546 473 2578 ab
504 2546 592 2579 urbe
617 2547 726 2590 spatii
751 2558 865 2592 usque
895 2547 941 2579 ad
967 2549 1155 2592 planitiem
1173 2575 1182 2589 ‚
1210 2557 1247 2584 et
1272 2550 1317 2583 aul
1346 2552 1478 2591 valles,
1520 2561 1612 2596 quae
1637 2549 1746 2583 habi-

303 2594 372 2626 tari
401 2598 533 2636 potest,
559 2592 709 2626 aedibus
736 2599 772 2626 et
796 2593 938 2632 incolis,
962 2606 1036 2627 non
1061 2596 1201 2639 plebeis
1226 2597 1334 2630 modo
1352 2622 1362 2637 ,
1397 2597 1460 2630 sed
1489 2603 1526 2630 et
1560 2597 1747 2641 optimati-

306 2639 373 2672 bus
398 2650 440 2672 ae
464 2639 642 2673 militibus
668 2640 874 2673 domesticis
903 2641 1027 2674 multis
1053 2647 1163 2687 atque
1188 2645 1343 2676 strenuis
1363 2644 1518 2687 *plenum
1544 2649 1612 2678 est.
1664 2645 1745 2687 Ipsa
1786 2674 1788 2676 .

305 2685 392 2719 urbs
428 2691 575 2732 propter
608 2687 679 2721 loci
711 2687 931 2731 positionem
970 2700 1109 2721 sursum
1151 2690 1385 2724 succedentes
1423 2690 1548 2723 domos
1593 2690 1745 2730 habens,

308 2743 437 2778 paucas
473 2731 581 2766 aedes
619 2743 699 2767 cum
742 2733 866 2767 multis
907 2736 1239 2780 contignationibus
1279 2736 1422 2772 videtur
1455 2736 1601 2774 habere.
1655 2737 1744 2770 Eius
