1800 3164
273 159 348 214 32>
807 177 1179 221 CANTActhEm

68 281 155 317 A.c.
176 283 260 329 ¹347
272 292 318 317 τε
343 275 403 332 μὴ
437 277 556 336 αὐτῷ
579 278 930 334 προσλογίζεσθαι
953 275 1052 326 τούς
1079 279 1300 331 ἐσομένους
1327 276 1486 335 φόνους
1519 281 1594 324 καί
1617 280 1718 333 τούς

271 342 659 399 ἅνδραποδισμούς.
723 346 797 398 τῆς
826 342 906 398 γὰρ
933 343 1169 398 Ῥωμαϊκῆς
1196 342 1417 398 δυνάμεως
1452 348 1717 403 διεφθαρμέ-
1767 345 1771 350 ’

269 425 342 464 νης
370 407 452 451 ὑπὸ
477 413 555 452 τοῦ
581 410 823 464 συγγενικοῦ
849 410 1049 461 πολέμου,
1080 406 1317 464 ἀναγκαίως
1343 412 1582 467 χρήσεσθαι
1609 418 1720 470 βαρ-,

271 472 421 531 βάροις
450 475 553 518 κατὰ
591 474 856 528 συμμαχίαν.
922 472 952 516 ἃ
990 475 1152 517 ἐκέλευε
1185 474 1445 530 σκεψάμενον
1483 477 1536 520 τιὶ
1571 481 1716 523 δέοντα
1765 487 1769 490 ’

271 547 421 584 ποιεῖν.
477 541 534 591 ὥς
562 543 608 583 δὲ
637 541 711 582 καί
735 544 823 594 μετ’
851 543 1010 596 ἐκείνην
1041 541 1115 597 την
1142 545 1368 597 πρεσβείαν
1397 544 1520 587 ου’δὲν
1550 544 1572 587 ὃ
1594 544 1754 602 ligni-¹5

267 612 342 663 λης
374 606 503 650 ἐποίει
531 610 615 649 τῶν
645 606 832 660 δεόντων,
862 605 968 649 ἀλλὰ
1001 609 1076 649 καί
1099 607 1172 657 τὰς
1201 609 1456 659 ὑπολοίπους
1480 610 1726 668 ἐπολιόρκει
1782 611 1800 623 “’

266 673 418 728 πόλεις,
454 676 626 728 πέμψας
655 671 760 729 πρὸς
784 673 991 729 Ὀρχιὲνην
1019 672 1092 716 τὸν
1119 674 1309 731 γαμβρὸν
1338 674 1360 717 ὅ
1387 676 1612 731 βασιλεῦς,
1640 694 1718 732 με-

267 744 475 782 τεκαλεῖτο
504 740 719 794 στρατιάν.
772 739 847 781 καί
876 742 1071 796 παρῆσαν
1099 738 1205 796 ὑπὲρ
1235 744 1415 796 μυρίους
1442 746 1525 786 τῶν
1551 742 1716 800 βαρβά-
1762 750 1765 753 ’

224 817 368 862 Βρων,
396 800 456 847 ὧν
474 805 689 859 Σουλιμάν
714 804 823 859 μετιὶ
856 809 940 847 τῶν
970 807 1189 862 α’δελφαῖν,
1224 806 1262 848 οἱ
1289 812 1368 850 τοῦ
1398 810 1578 866 Ὀρχάνη
1614 815 1714 853 παῖ’-

268 875 361 925 δες,
393 869 685 927 ἐστρατήγουν.
727 872 880 925 πέμπει
911 871 962 927 δὴ
990 871 1096 926 μετὰ
1124 871 1285 915 τούτων
1302 874 1376 916 καί
1392 878 1625 919 Ματθαΐον
1640 875 1716 918 τὸν
1736 890 1800 919 1⁰4

266 936 361 980 υἱὸν
389 937 411 979 ὅ
438 936 638 992 βασιλεὺς
664 940 738 992 τῆς
765 937 985 990 Ῥωμαίων
1012 941 1213 993 στρατιᾶς
1243 940 1492 995 ἡγούμενον,
1526 943 1599 984 καί
1624 944 1716 985 ἐκέ-
1796 935 1800 944 ⁷

265 1010 362 1048 λευε
381 1002 481 1053 τούς
503 1000 626 1060 ὅρους
651 1007 726 1059 τῆς
747 1004 967 1056 Ῥωμαίων
991 1004 1212 1060 ἡγεμονίας
1242 1005 1483 1056 διελθόντας
1502 1009 1714 1062 ἀβλαβῶς,

267 1067 379 1112 οὕτω
419 1073 594 1126 πορθεῖν
629 1068 729 1119 τούς
768 1068 1020 1126 Τριβαλούς.
1080 1070 1118 1113 οἱ
1155 1071 1364 1128 βάρβαροι
1407 1075 1454 1115 δὲ
1491 1073 1548 1122 ὥς
1585 1071 1716 1128 μόνον

265 1139 476 1192 ἐπέβησαν
514 1137 791 1189 Μυγδονίας,
834 1135 878 1177 τὸ
922 1136 1019 1192 περὶ
1046 1136 1357 1193 Χριστούπολιν
1393 1140 1592 1194 τείχισμα
1620 1142 1716 1182 δια-

263 1201 422 1258 βάντες,
450 1204 694 1256 πυθόμενοι,
724 1202 780 1251 ὦς
810 1200 890 1243 ὑπὸ
921 1200 1102 1258 Κράλην
1130 1203 1176 1246 αἱ
1203 1202 1345 1254 πόλεις
1361 1206 1515 1247 ἐκεῖναι
1538 1201 1714 1260 ἄγοιντο,
1731 1205 1800 1250 153

263 1266 400 1318 εὖθύς
419 1266 646 1324 ἐτράποντο
666 1270 737 1311 ἐπὶ
752 1271 993 1323 λεηλασίαν,
1023 1270 1144 1324 ὀλίγα
1168 1272 1464 1326 φροντίσαντες
1482 1274 1566 1313 τῶν
1583 1287 1715 1327 στρα-

262 1338 408 1391 τηγῶν,
438 1336 511 1376 καί
537 1333 612 1384 τὰς
639 1332 784 1389 κώμας
802 1335 939 1384 πάσας
959 1335 1264 1391 ἐξεπόρθησαν,
1295 1336 1367 1378 καί
1383 1335 1460 1386 τὰς
1478 1338 1621 1387 πόλεις
1638 1354 1716 1379 κα-

261 1404 470 1462 τέδραμον
496 1400 572 1451 τὰς
598 1399 703 1443 κατὰ
733 1398 1008 1454 ΠΙυγδονιάν,
1048 1400 1123 1442 καί
1153 1399 1399 1444 ἀπέκτεινάν
1426 1418 1471 1445 τε
1498 1405 1716 1453 πλείστους

262 1468 337 1511 καί
374 1465 733 1523 ἠνδραποδίσαντο
775 1466 850 1508 οὐκ
880 1467 1074 1520 ὀλίγους·
1129 1470 1244 1510 λείαν
1271 1483 1317 1509 τε
1345 1470 1542 1524 πλείστην
1570 1469 1715 1525 δοριά-

136 1544 251 1594 Ρ.7αο
263 1539 392 1577 λωτον
408 1535 640 1585 ἐλάσαντες,
661 1532 923 1588 ἀνέστρεφον
939 1532 1013 1575 καί
1031 1534 1300 1589 ἐπεραιοῦντο
1322 1533 1428 1576 κατὰ
1449 1533 1524 1576 τὸν
1541 1533 1713 1590 Ἑλλήσ-
1725 1551 1800 1579 2οἐ

259 1616 408 1643 ποντον
445 1601 504 1649 εἰς
540 1598 617 1654 τὴν
661 1600 830 1640 οἰκείαν.
884 1598 1088 1652 βασιλεύς
1117 1601 1164 1641 δὲ
1191 1597 1426 1654 πυθόμενος
1453 1600 1531 1655 τὴν
1569 1602 1714 1652 α’ταξί-
1797 1596 1800 1597 ⁷

261 1685 315 1711 αν
342 1669 424 1710 τῶν
450 1664 703 1722 βαρβάρων,
748 1665 799 1706 οὔ
826 1667 1006 1719 μετρίως
1035 1668 1180 1720 ἠνιᾶτο
1199 1697 1211 1720 ,
1258 1662 1321 1708 ὅτι
1351 1666 1458 1723 ὑπὲρ
1490 1660 1549 1709 ὧν
1576 1665 1713 1708 ἐδόκει

258 1730 542 1786 τὸν,πόλεμον
574 1730 808 1788 αἱρεῖσθαι,
841 1729 1014 1788 τούτους
1044 1732 1285 1788 διέφθειρεν
1312 1729 1338 1788 ἦ
1366 1738 1608 1788 συμμαχεῖν
1641 1734 1713 1775 δο-

258 1803 391 1843 κοῦσα
419 1797 606 1856 στρατιά.

357 1884 487 1923 isone
505 1889 590 1919 ante
615 1883 820 1929 ἐσομένους
844 1881 927 1916 add.
951 1881 1002 1916 M.
1076 1893 1134 1916 20.
1159 1874 1229 1917 τὸν
1252 1894 1322 1921 om.
1345 1882 1393 1916 Μ.
1466 1870 1660 1921 arjotxtav
1673 1885 1710 1918 Ρ.

261 1972 332 2006 sibi
357 1969 558 2005 adscribat:
584 1968 718 2013 opibus
745 1967 842 2000 enim
871 1967 1037 2000 Romanis
1064 1965 1164 1999 civili
1188 1966 1436 2002 bello-fractis
1461 1980 1502 2002 ac
1537 1968 1710 2004 debilita-

260 2021 321 2059 tis,
350 2030 387 2052 se
404 2017 640 2051 barbarorum
658 2015 806 2047 auxiliis
830 2014 889 2048 vel
912 2014 1095 2047 nolentem
1120 2025 1277 2047 usurum.
1327 2015 1432 2060 Quae
1454 2020 1495 2048 ut
1514 2017 1710 2060 expendat,

263 2070 300 2098 ct
324 2076 396 2110 quo
422 2066 518 2098 facto
545 2074 634 2106 opus
661 2062 720 2101 sit,
746 2061 866 2101 faciat,
895 2071 934 2093 se
958 2059 1107 2093 hortari.
1159 2060 1247 2092 Cum
1276 2072 1343 2095 nec
1372 2068 1454 2106 post
1476 2063 1626 2096 alteram
1651 2065 1708 2098 le·

263 2111 447 2158 gationem
471 2113 672 2156 praestaret
689 2108 824 2148 Crales,
850 2107 950 2153 quod
977 2106 1148 2148 debebat,
1175 2107 1284 2140 immo
1303 2110 1424 2152 potius
1442 2115 1577 2143 ceteras
1599 2111 1707 2146 urbes

263 2158 462 2197 obsideret,
491 2158 685 2202 imperator
710 2154 915 2189 orchanem
945 2164 1116 2198 generum
1140 2153 1343 2187 subsidium
1374 2157 1558 2200 poposcit:
1595 2169 1707 2191 vene-

262 2210 422 2250 runtque
447 2203 684 2236 harbarorum
708 2212 815 2245 supra
843 2201 967 2233 decem
999 2200 1135 2241 millia,
1170 2201 1386 2235 ducentibus
1416 2202 1600 2237 Sulimano
1625 2217 1707 2239 cum

263 2252 450 2291 fratribus,
484 2249 662 2284 Orchanis
688 2248 786 2282 filiis.
839 2246 958 2280 Mittit
983 2258 1054 2280 una
1073 2248 1268 2291 imperator
1297 2250 1404 2282 etiam
1421 2250 1650 2284 matthaeum·
1666 2253 1708 2285 fi-

260 2300 352 2333 lium
377 2299 535 2332 Romano
561 2297 695 2340 agmini
721 2295 968 2339 praepositum
985 2319 994 2334 ,
1019 2299 1056 2327 et
1079 2295 1167 2326 citra
1195 2295 1411 2328 maleficium
1440 2297 1601 2330 transitis
1636 2298 1708 2331 Ro-

261 2357 448 2380 manorum
474 2343 620 2383 finibus,
648 2341 831 2374 Triballos
857 2340 1045 2374 devastare
1070 2340 1184 2374 iubet.
1231 2342 1278 2374 At
1302 2342 1446 2376 barbari
1472 2342 1536 2377 uhi
1564 2349 1707 2379 tantum

261 2391 494 2438 Mygdoniam
517 2402 582 2436 per
605 2388 861 2427 munitionem,
887 2398 981 2432 quae
1008 2388 1108 2420 iuxta
1135 2387 1393 2434 christopolim
1420 2395 1474 2423 est
1491 2415 1500 2430 ,
1525 2402 1706 2435 pei-vene·
1750 2411 1752 2413 >

260 2445 347 2474 runt
371 2444 408 2472 et
432 2438 539 2472 urbes
563 2437 645 2469 illas
670 2447 691 2469 a
715 2435 817 2469 Crale
842 2434 960 2467 teneri
985 2433 1247 2468 intellexerunt
1264 2459 1273 2475 ,
1299 2435 1431 2469 ducum
1453 2437 1606 2481 imperia
1625 2449 1705 2483 par-

259 2488 296 2522 vi
318 2485 532 2532 pendentes,
557 2483 603 2516 ad
630 2481 902 2527 populationem
926 2492 1003 2514 sese
1029 2481 1128 2514 illico
1155 2480 1359 2515 effuderunt
1383 2484 1554 2528 vicosque
1579 2496 1705 2519 omnes

260 2538 500 2575 vastaverunt,
525 2536 562 2565 et
585 2530 692 2563 urbes
716 2527 935 2574 Mygdoniae
959 2527 1130 2560 finitimas
1152 2529 1396 2569 incursarunt,
1420 2531 1704 2578 occideruntque

263 2587 301 2616 et
323 2581 482 2625 captivos
509 2582 659 2624 egerunt
683 2587 788 2622 quam
811 2575 1007 2620 plurimos:
1041 2580 1149 2620 atque
1178 2587 1258 2608 cum
1284 2578 1404 2620 opima
1431 2577 1562 2622 praeda
1594 2578 1703 2612 armis

263 2628 430 2676 quaesita
463 2637 529 2671 per
565 2624 840 2669 Hellespontum
872 2621 911 2654 in
939 2619 1146 2664 Bithyniam
1183 2622 1378 2656 redierunt.
1427 2624 1626 2669 Imperator
1662 2630 1703 2657 ut

260 2676 433 2709 barbaros
458 2672 658 2707 deseruisse
682 2669 827 2704 ordines
851 2667 1008 2707 audivit,
1034 2668 1288 2702 molestissime
1319 2670 1427 2704 tulit:
1465 2671 1703 2717 quandoqui-

262 2722 344 2756 dem
369 2723 409 2755 in
433 2730 586 2766 quorum
615 2716 811 2751 utilitatem
835 2714 972 2748 bellum
998 2713 1067 2748 hoc
1091 2721 1311 2759 susceperat,
1338 2727 1399 2752 eos
1420 2717 1518 2764 ipsos
1542 2717 1605 2760 hi,
1637 2716 1701 2765 qui

262 2782 300 2806 se
324 2781 391 2818 pro
414 2767 523 2803 sociis
547 2764 708 2801 adiuturi
731 2762 961 2807 videbantur,
988 2758 1230 2808 perdiderant.
