1800 3164
345 159 458 232 374
851 175 1264 218 ANNoTAnoNEs

341 278 422 327 Qui
452 291 543 318 cum
573 280 614 318 in
643 286 826 331 tempus,
875 291 956 331 quo
997 285 1126 317 statua
1153 277 1327 317 Simonis
1365 277 1505 318 ardere
1545 279 1777 334 incipiebat,

338 325 541 375 incidisset
563 363 575 382 ‚
625 333 799 387 puellam
840 346 885 371 ex
922 346 968 371 eo
1010 332 1258 372 Simonidem
1297 340 1580 387 nuncupatam.
1645 335 1776 386 Hanc',

337 395 438 427 teste
471 390 664 442 Gregora,
694 395 808 441 pater
835 389 1136 440 quinquennem
1163 387 1466 436 Crali‚Serviae
1494 388 1646 443 regulo,
1673 405 1775 444 qua-

337 442 572 496 dragenario
598 450 780 495 quartam
797 456 962 482 uxorem
979 443 1230 496 desponsam,
1258 443 1385 496 domi,
1413 444 1540 484 donec
1568 446 1656 484 viro
1672 452 1775 485 tem-‘-

335 499 488 551 pestiva
521 498 721 548 evaderet,
750 497 998 538 educandam
1027 499 1150 540 dedit.
1205 499 1340 538 Invita
1379 499 1430 538 ad
1459 500 1649 539 maritum
1667 508 1777 554 post-

336 566 383 591 ea
404 582 415 602 ,
444 567 467 591 a
494 567 574 606 quo
603 552 834 591 discesserat
850 582 862 603 ,
891 554 1084 607 Byzantio
1111 555 1326 595 revertitur
1353 560 1394 593 et
1418 555 1655 594 monacham
1677 571 1774 609 pro-

334 607 481 648 fitetur.
539 607 643 646 Vide
687 608 931 660 principium
963 609 1033 652 lib,
1056 608 1101 648 ’8.
1159 608 1331 648 Sustulit
1368 616 1407 649 et
1446 609 1615 650 notham
1645 610 1769 650 filiam

332 662 439 700 idem
465 661 740 713 Andronicus,
768 663 930 703 nomine
962 664 1106 704 Irenen
1122 694 1133 715 ,
1164 679 1283 717 quam
1311 664 1480 704 loannes
1506 665 1640 704 Duces
1656 695 1667 716 ‚
1694 667 1773 706 Pe-

331 715 533 770 lasgorum
561 724 600 756 et
611 717 895 758 Thessalorum
922 722 1120 773 princeps,
1139 733 1302 759 uxorem
1315 719 1443 774 duxit,
1474 726 1520 763 ut
1542 727 1602 761 est
1615 720 1718 761 libro
1733 736 1773 777 7·

332 772 440 825 apud
467 773 652 811 eumdem
681 774 916 826 Gregoram.
945 788 1118 814 Pom-An.

441 826 546 880 Pag.
577 841 640 878 12,
664 828 703 867 3.
736 829 807 867 ad
830 829 1333 872 Michael.Palae0l.
1355 831 1645 873 secundum.
1677 832 1771 872 Pri-

327 893 420 920 mus
453 895 499 920 ex
515 881 763 934 Palaeologis
792 882 965 923 Michael
990 885 1082 935 fuit,
1102 884 1326 925 Andronici
1346 900 1501 938 parens.
1555 887 1767 927 Secundus

328 935 504 975 Michael
518 935 780 990 Palaeologus
793 937 880 987 suit,
906 938 1010 979 filius
1023 939 1243 979 Andronici
1264 942 1428 980 senioris
1447 949 1486 980 et
1503 943 1659 994 imperii
1680 957 1772 982 con·

330 1004 432 1030 sors.
469 987 524 1030 Τὸ
545 992 753 1030 secundum
778 993 830 1031 ad
847 1006 992 1032 nomen
1016 1001 1054 1033 et
1069 994 1249 1034 ordinem
1265 995 1306 1033 in
1321 996 1492 1048 imperio
1512 996 1771 1036 referendum

328 1052 413 1084 est:
432 1060 506 1085 nec
519 1047 626 1086 enim
641 1053 729 1098 post
741 1054 897 1099 patrem
913 1049 1207 1099 Andronicum,
1221 1049 1293 1089 sed
1308 1064 1401 1089 cum
1419 1058 1532 1104 patre
1545 1051 1769 1104 imperavit.

327 1099 390 1140 lta
416 1115 500 1140 'non
527 1102 667 1141 tertius
695 1115 718 1140 a
747 1103 892 1153 primo,
927 1103 996 1142 sed
1024 1105 1220 1144 secundus
1248 1113 1498 1146 numeratur.
1526 1120 1703 1147 ronna.

437 1154 539 1208 Pag.
562 1169 624 1204 12,
650 1157 691 1197 3.
733 1152 784 1208 δή
817 1154 891 1196 καὶ
916 1158 1010 1198 add.
1038 1160 1097 1198 Μ.
1125 1167 1216 1212 post
1242 1153 1358 1212 ἄχρι.

437 1209 541 1263 Pag.
565 1223 631 1263 12,
658 1210 697 1262 4.
741 1213 1040 1268 complures
1090 1213 1503 1269 diligentissime.
1571 1217 1770 1271 Georgius

324 1264 613 1318 Pachymerius
637 1293 647 1313 ‚
699 1264 898 1320 Gregoras
938 1276 978 1307 et
1010 1271 1143 1322 (quem
1172 1284 1291 1322 penes
1329 1284 1370 1310 se
1399 1281 1523 1311 manu
1562 1280 1768 1314 exaratum

325 1333 408 1359 esse
442 1319 614 1360 affirmat
641 1321 684 1359 in
711 1320 913 1362 Pandecte
943 1322 1134 1364 historiae
1161 1325 1356 1365 Turcicae
1371 1326 1539 1366 Ioannes
1565 1327 1764 1367 Leuncla-

324 1376 428 1426 vius)
458 1383 619 1427 praetor
646 1377 852 1417 Graeciae.
912 1378 989 1418 Hic
1025 1387 1186 1432 praetor
1224 1394 1424 1420 annorum
1450 1381 1620 1436 amplius
1654 1397 1765 1422 sexa-

323 1431 433 1481 ginta
460 1430 669 1470 historiam
689 1460 702 1482 ,
736 1446 760 1470 a
787 1440 901 1486 capta
927 1435 1121 1474 nimirum
1150 1435 1498 1489 Constantinopoli
1526 1451 1550 1477 a
1578 1438 1767 1478 Flandris

322 1498 450 1537 usque
479 1485 530 1524 ad
557 1486 739 1525 eamdem
766 1502 790 1526 a
821 1487 1018 1528 Michaele
1038 1490 1279 1543 Palaeologo
1305 1499 1504 1544 receptam
1530 1494 1766 1547 composuit.

323 1540 406 1588 Qui
434 1547 639 1593 praeterea
666 1541 735 1582 illa
765 1549 946 1597 tempora
973 1547 1170 1599 persecuti
1205 1547 1284 1585 sint
1299 1576 1312 1596 ,
1353 1548 1505 1587 nescire
1529 1562 1595 1589 me
1624 1549 1764 1589 fateor.

322 1606 496 1638 ΡΟΝΤΑΝ.

429 1651 531 1704 Pag.
554 1664 615 1700 12,
635 1667 675 1707 7.
706 1653 1098 1708 praedictorum
1119 1658 1390 1696 criminum
1412 1660 1508 1698 rei.
1540 1657 1760 1698 Haeccon-

319 1710 382 1743 tra
408 1706 630 1759 Gregoram
671 1709 891 1762 imprimis,
937 1725 1057 1764 quem
1083 1718 1122 1750 et
1149 1711 1220 1751 lib.
1258 1712 1298 1762 4.
1330 1726 1414 1765 cap.
1441 1712 1510 1765 24.
1540 1720 1580 1752 et
1600 1713 1668 1752 25.
1714 1721 1763 1753 ut

317 1757 526 1800 hominem
571 1762 920 1803 mendacissimum
955 1767 1187 1806 insectatur.
1250 1767 1451 1808 Eumdem
1490 1767 1611 1822 paulo
1655 1769 1762 1811 infra

317 1814 463 1854 iterum
490 1819 636 1869 tangit,
665 1833 758 1857 cum
786 1833 849 1858 res
874 1819 1206 1860 Andronicorum
1234 1824 1328 1861 satis
1355 1825 1534 1877 cognitas
1561 1831 1600 1863 et
1621 1824 1760 1877 explo'-

315 1877 422 1910 ratas
451 1871 637 1911 habuisse
668 1881 708 1912 et
740 1874 888 1913 idcirco
930 1877 1207 1929 incorruptam
1238 1879 1447 1918 veritatem
1486 1880 1660 1932 attigisse
1685 1893 1759 1919 ne·-

315 1932 397 1975 gat.
455 1925 563 1965 Sane
594 1941 677 1966 non
707 1943 834 1981 pauca
866 1929 915 1970 ad
939 1932 1105 1972 iunioris
1133 1932 1352 1972 Andronici
1381 1934 1548 1987 gloriam
1575 1942 1759 1986 spectan-

314 1979 371 2017 tia
399 1979 664 2022 dissimulavit
700 1991 767 2022 aut
811 1986 1065 2037 ignorantia,
1114 1994 1183 2025 aut
1214 1988 1291 2026 fide
1317 2001 1399 2027 non
1425 1989 1543 2029 bona.
1597 1990 1661 2028 De
1687 2003 1757 2028 eo·

315 2032 406 2072 dem
449 2035 639 2077 historico
685 2039 932 2093 praefatione
979 2042 1032 2084 ad
1081 2041 1270 2084 lectore-m
1313 2042 1433 2097 plura
1484 2045 1759 2087 disseruimus.

315 2099 490 2129 PONTAN.

424 2143 527 2198 Pag.
553 2161 617 2199 12,
641 2148 680 2189 8.
711 2148 867 2201 α’ληθὲς
895 2152 956 2191 Μ.

424 2197 525 2252 Pag.
554 2215 618 2251 12,
649 2205 712 2245 15.
743 2204 815 2256 τῆς
847 2206 941 2246 add.
970 2208 1028 2247 M.
1060 2216 1152 2248 ante
1180 2208 1358 2262 εἰρήνης.

380 2305 388 2313 .
417 2252 514 2314 ΓΡαέζ
554 2258 617 2308 13,
649 2258 687 2310 4.
722 2260 1218 2317 Thomae,principi
1239 2264 1587 2306 Acarnaniae.
1617 2265 1752 2307 Parva

311 2303 427 2357 Epiri
445 2310 552 2361 regio
563 2310 804 2354 Acarnania.
861 2317 978 2370 Epiri
1007 2325 1046 2357 et
1071 2318 1252 2359 Aetoliae
1279 2322 1501 2375 principem
1528 2320 1622 2360 facit
1650 2323 1752 2361 Gre-

312 2373 428 2410 goras
455 2360 524 2405 lib.
549 2365 601 2429 8..
625 2375 663 2407 et
691 2369 854 2411 Annam
881 2380 970 2425 post
996 2375 1128 2413 mariti
1155 2388 1291 2414 necem
1327 2377 1473 2426 Conto,
1507 2376 1590 2415 eius
1617 2379 1751 2430 nepoti

310 2426 356 2453 ac
383 2429 619 2469 percussori,
651 2426 830 2476 nupsisse
860 2437 1158 2472 commemorat.
1188 2443 1358 2470 Pomm.
1742 2470 1744 2472 ,

419 2469 523 2534 Ρῑξὲ-
543 2476 654 2519 13‚6.
684 2478 1136 2536 Sphentisthlabo‚
1159 2485 1452 2526 Moesorum
1479 2487 1598 2538 regi.
1643 2487 1748 2527 Gre-

308 2537 424 2576 goras
444 2534 517 2589 ait,
530 2528 789 2583 Bulgarorum
805 2539 989 2592 principi.
1021 2541 1214 2579 Moesiam
1235 2543 1340 2580 enim
1359 2542 1620 2594 superiorem,
1633 2543 1749 2582 cuius

307 2580 549 2645 creberrima
577 2585 617 2623 in
647 2585 708 2627 his
740 2587 852 2631 libris
871 2594 1035 2641 mentio,
1064 2603 1157 2635 sunt
1185 2597 1254 2648 qui
1281 2597 1531 2647 valachiam,
1554 2603 1647 2635 sunt
1674 2599 1744 2651 qui

307 2634 566 2702 Moldaviam·
604 2647 674 2679 aut
715 2643 940 2698 Bulgariam
984 2650 1103 2690 fuisse
1137 2651 1281 2692 dicant.
1338 2652 1399 2691 Ita
1443 2653 1570 2691 Moesi
1607 2660 1742 2700 erunt,

307 2703 376 2740 qui
421 2695 705 2735 recentioribus
733 2697 899 2741 Valacbi
943 2713 1012 2743 aut
1047 2705 1223 2745 Moldavi
1246 2737 1257 2756 ,
1302 2714 1372 2746 aut
1409 2707 1529 2746 etiam
1557 2707 1739 2756 Bulgari.

307 2745 401 2796 Quo
443 2753 577 2789 tamen
620 2753 780 2793 nomine
798 2783 811 2807 ,
853 2757 1119 2812 Bulgarorum
1166 2763 1329 2818 iuquam
1349 2794 1360 2814 ,
1402 2761 1469 2802 alii
1515 2762 1736 2813 Triballos,
