1794 3158
310 138 339 194 5
355 158 417 193 10
824 156 1240 199 ANNoTATmNsss

306 270 389 313 tur,
417 274 536 315 quam
566 274 607 300 se
636 275 718 301 non
744 274 828 300 esse
851 261 999 311 Deum3
1031 268 1077 300 ut
1104 268 1143 300 et
1172 262 1456 315 operationem,
1481 275 1601 317 quam
1615 260 1732 302 scho-

309 316 371 357 lae
395 316 596 371 appellant
631 325 914 356 transeuntem:
967 316 1064 356 haec
1091 319 1197 356 enim
1227 317 1278 356 ab
1308 317 1447 357 effectu
1476 319 1670 373 producto
1691 330 1736 357 re

309 373 395 425 ipsa
422 387 502 411 non
528 371 800 424 distinguitur,
830 385 877 410 ac
906 371 1072 424 proinde
1101 373 1133 411 si
1163 371 1323 411 effeetus
1349 386 1394 412 re
1411 375 1494 427 ipsa
1513 388 1536 413 a
1554 374 1737 413 substan-⁴

309 430 365 467 tia
392 428 466 466 Dei
494 426 750 479 distinguitur
770 455 783 476 ‚
812 440 969 466 necesse
998 434 1079 476 est,
1111 434 1157 466 ut
1181 435 1220 466 et
1255 429 1435 480 operatio
1473 430 1547 468 ista
1578 442 1622 467 re
1650 430 1735 482 ipsa

310 483 603 534 distinguatur:
627 481 696 520 sed
715 483 984 534 operationem
1005 483 1097 533 Dei,
1125 496 1246 535 quam
1273 491 1418 522 vocant
1443 484 1734 531 immanentem,

312 537 512 590 negabant
539 550 563 575 a
590 537 666 575 Dei
694 537 914 576 substantia
941 537 1150 590 distingui,
1193 545 1240 576 ut
1268 545 1402 576 actum
1426 538 1648 578 intellectus
1667 546 1736 577 aut

308 592 530 631 voluntatis
554 591 724 641 divinae,
756 592 833 631 nisi
863 591 946 631 sola
974 593 1151 642 ratione3
1180 600 1219 631 et
1245 607 1338 631 cum
1365 607 1445 632 non
1472 593 1739 646 distinguatur

308 649 384 686 ista
411 649 514 686 actio
537 662 560 686 a
588 647 809 686 substantia
827 677 837 694 ,
878 648 1082 700 sequitur,
1119 647 1160 686 id
1188 647 1298 700 quod
1325 662 1370 686 ex
1401 649 1440 687 vi
1468 648 1588 687 huius
1613 649 1738 688 aetio-

309 705 371 742 nis
400 702 634 755 producitur
651 732 662 752 ,
706 703 872 755 produci
900 714 1020 741 etiam
1046 717 1092 742 ex
1131 704 1171 742 vi
1197 703 1440 742 substantiae
1467 703 1626 743 divinae
1639 717 1658 753 3v
1698 710 1739 742 et

310 765 448 811 aperta
475 757 673 797 cavillatio
702 764 783 807 est,
816 772 910 796 cum
931 758 1071 797 Graeci
1099 759 1138 796 in
1168 765 1310 811 quarta
1337 758 1502 812 Synodo
1527 759 1601 798 sub
1630 758 1741 797 Can-

311 821 501 852 tacuzeno
530 814 585 852 ita
612 813 1014 865 argumentabantur:
1044 813 1079 851 si
1097 814 1278 868 operatio
1310 827 1388 852 non
1412 823 1506 852 esset
1530 814 1688 852 diver-sa
1708 826 1740 852 a

310 869 519 907 substantia
542 868 636 916 Dei,
667 877 757 906 tunc
792 868 933 906 omnia
959 877 1097 907 creata
1134 877 1259 906 essent
1286 882 1341 906 ex
1378 869 1603 907 substantia
1631 868 1740 917 Dei3

310 923 629 979 quandoquidem
659 931 748 961 sunt
775 937 829 962 ex
859 924 1087 976 operatione
1107 922 1190 962 Dei
1209 940 1222 961 .·
1270 922 1341 961 sed
1363 924 1435 962 hoc
1466 932 1522 962 est
1561 925 1739 978 impium,

310 993 402 1031 ergo
430 988 469 1018 et
496 978 609 1016 illud.
663 978 914 1030 Respondeo,
940 977 1082 1016 falsam
1109 991 1194 1017 esse
1221 978 1413 1016 maiorem
1432 1007 1444 1029 ,
1481 979 1514 1018 si
1541 978 1740 1032 intelliga-

310 1041 395 1085 tur,
423 1035 558 1072 omnia
586 1033 669 1072 fore
703 1046 749 1072 ex
779 1033 1000 1072 substantia
1027 1034 1125 1082 Dei,
1163 1040 1354 1086 tanquam
1381 1046 1427 1072 ex
1454 1040 1566 1087 parte
1594 1035 1742 1073 consti-

313 1097 452 1129 tuente
486 1091 671 1138 interna,
703 1090 815 1141 quasi
842 1103 887 1127 ex
919 1088 1139 1127 substantia
1171 1089 1247 1127 Dei
1281 1095 1641 1142 componerentur,
1670 1096 1742 1129 aut

310 1151 358 1183 ut
384 1151 515 1198 partes
540 1158 594 1183 vex
622 1157 668 1182 ea
703 1145 1034 1196 decerperentur:
1065 1157 1203 1182 veram
1238 1151 1387 1191 autem,
1419 1143 1451 1182 si
1481 1143 1741 1197 intelligatur,

312 1201 447 1239 omnia
474 1199 558 1238 fore
589 1212 635 1237 ex
669 1199 888 1238 substantia
921 1199 1013 1249 Dei,
1043 1206 1239 1252 quatenus
1268 1201 1402 1237 omnia
1431 1199 1472 1238 vi
1506 1206 1544 1238 et
1584 1200 1745 1251 energia·

295 1263 352 1294 —et
377 1253 606 1294 efficacitate
633 1255 708 1293 Dei
740 1269 809 1293 seu
853 1254 1094 1293 substantiae
1129 1254 1288 1293 divinae
1327 1255 1526 1306 operantis
1557 1256 1742 1294 existunt.

311 1310 396 1350 Nec
424 1324 562 1348 verum
587 1316 660 1357 est,
691 1311 787 1348 istos
824 1311 1018 1359 sensisse,
1058 1310 1306 1363 operationes
1347 1311 1421 1348 Dei
1451 1308 1673 1348 essentiales
1702 1316 1744 1349 et

311 1364 513 1405 naturales
545 1378 628 1403 esse
647 1372 824 1403 creatas:
857 1378 949 1402 cum
974 1366 1081 1403 enim
1104 1365 1358 1411 asseruerint,
1383 1366 1478 1404 istas
1496 1366 1744 1417 operationes

313 1435 358 1460 re
377 1421 457 1473 ipsa
477 1432 638 1472 prorsus
663 1419 768 1458 idem
786 1433 871 1458 esse
886 1433 978 1458 cum
995 1419 1218 1458 substantia
1233 1419 1381 1468 divina,
1393 1433 1472 1472 qua
1493 1421 1660 1467 ratione,
1677 1420 1744 1458 ob-

311 1490 437 1523 secro,
453 1475 648 1513 affirmare
661 1481 891 1527 potuerunt,
913 1488 977 1513 eas
997 1488 1081 1513 esse
1097 1476 1277 1513 creatas?
1308 1474 1504 1527 Adiungit
1517 1474 1740 1514 Prateolus:

310 1531 369 1570 Id
392 1531 500 1586 quod
524 1531 567 1568 in
599 1531 793 1569 Tluzborio
822 1538 949 1569 monte
972 1528 1117 1581 effulsit
1145 1528 1330 1568 divinum
1360 1530 1519 1579 lamen,
1557 1530 1748 1569 dixer-unt

310 1601 391 1625 esse
421 1587 589 1641 phasma
601 1614 613 1634 ,
646 1586 692 1623 id
722 1595 778 1624 est
792 1614 804 1633 ‚
838 1594 1030 1638 spectrum
1071 1585 1269 1623 duntaxat
1297 1593 1333 1622 el
1361 1593 1586 1623 creaturam
1602 1615 1613 1632 ,
1643 1599 1744 1640 quae

311 1651 438 1680 ortum
465 1641 579 1679 habet
609 1649 646 1678 et
672 1641 868 1679 interitum
890 1654 906 1688 ,·
961 1653 1098 1678 venem
1125 1653 1203 1678 non
1233 1639 1401 1678 divinae
1427 1649 1596 1678 naturae
1622 1649 1745 1679 natu-

311 1697 438 1735 ralem
474 1695 720 1749 splendorem
752 1704 813 1744 et,
837 1704 878 1734 ut
913 1695 970 1732 ica
1005 1695 1155 1746 dicam,
1183 1694 1367 1732 deitatem
1398 1703 1436 1733 et
1465 1695 1605 1743 lumen,
1637 1695 1748 1750 quod

311 1760 369 1790 esc
404 1751 585 1806 quodque
628 1752 870 1789 inaccessum
899 1749 1060 1792 dicitur.
1117 1751 1283 1788 Remoto
1313 1749 1530 1802 phasmatis
1551 1763 1631 1788 non
1650 1751 1745 1790 satis

313 1806 478 1845 decente
508 1805 724 1854 vocabulo,
751 1819 831 1858 quo
860 1805 1003 1843 Graeci
1041 1805 1135 1843 istos
1159 1805 1359 1843 interdum
1395 1819 1487 1844 usos
1513 1804 1632 1844 fuisse
1660 1812 1745 1844 tra-

311 1862 440 1912 dunt3
469 1860 571 1899 nihil
605 1874 767 1913 prorsus
795 1866 855 1899 est
885 1861 927 1898 in
954 1866 1039 1898 tota
1078 1859 1153 1898 hac
1183 1862 1374 1898 sententia
1397 1890 1407 1906 ‚
1463 1859 1574 1913 quod
1607 1874 1743 1913 repre-

313 1916 550 1956 hensionem
576 1923 801 1954 mereatur:
845 1928 938 1954 vere
967 1916 1074 1953 enim
1105 1914 1238 1954 lumen
1266 1914 1366 1953 illud
1397 1915 1646 1954 Thaborium
1680 1929 1743 1954 res

313 1980 447 2010 creata
487 1971 563 2010 fuit
600 1978 640 2010 et
678 1985 771 2010 cum
818 1969 1165 2023 transfiguratione
1208 1977 1347 2023 coepta
1374 1971 1550 2023 incoepit
1586 1977 1626 2009 et
1651 1985 1744 2010 cum

313 2027 427 2066 finita
455 2027 583 2066 desiit.

422 2082 483 2120 Ex
509 2081 570 2120 his
593 2079 804 2120 emendare
833 2079 969 2119 itidem
1006 2078 1155 2131 licebit,
1192 2093 1294 2133 quae
1323 2087 1463 2118 auctor
1481 2079 1644 2132 quidam
1671 2079 1744 2119 do-

313 2136 513 2176 ctissimus
541 2143 580 2175 et
611 2137 650 2174 in
680 2136 841 2174 Graecis
868 2136 1127 2188 scriptoribus
1158 2135 1445 2174 versatissimus
1484 2135 1624 2174 litteris
1649 2149 1745 2188 pro-

316 2191 432 2230 didit.
471 2191 583 2229 Dicit
609 2190 744 2229 lumen
769 2190 952 2229 divinum
973 2198 1011 2229 et
1038 2191 1258 2229 increatum
1284 2192 1415 2229 visum
1442 2204 1526 2228 esse
1547 2191 1585 2228 in
1612 2198 1746 2230 monte

311 2245 519 2285 Thaborio
561 2259 641 2284 non
678 2246 719 2282 in
753 2258 824 2294 se;
863 2247 919 2283 sic
946 2247 1052 2283 enim
1082 2245 1208 2284 oculis
1241 2246 1605 2298 conspicuum-non
1634 2259 1743 2296 esse3

315 2300 387 2341 sed
411 2302 453 2338 in
475 2299 626 2338 lumine
653 2307 813 2350 creato,
843 2301 945 2339 sicut
975 2300 1147 2353 Spiritus
1172 2307 1330 2339 sanctus
1361 2300 1602 2339 descendens
1627 2314 1746 2353 super

315 2355 522 2395 Christum
550 2362 731 2406 tempore
757 2355 941 2407 baptismi
971 2357 1079 2394 visus
1108 2362 1166 2394 est
1190 2369 1269 2393 non
1301 2356 1341 2393 in
1368 2369 1429 2406 se,
1456 2356 1524 2394 sed
1553 2356 1592 2394 in
1618 2356 1752 2408 specie
1793 2380 1794 2402 3

314 2410 549 2450 columbae:
581 2417 620 2448 et
649 2409 745 2447 haec
778 2410 941 2461 quidem
977 2418 1082 2449 recte
1125 2417 1163 2449 et
1193 2410 1400 2449 catholice.
1454 2410 1508 2449 At
1535 2410 1642 2462 quod
1673 2410 1745 2448 ad-
1793 2405 1794 2431 ³

315 2466 390 2516 dit,
416 2464 668 2504 Barlaamum
697 2471 736 2502 et
768 2464 1024 2517 Acindynum
1056 2465 1326 2514 contendisse,
1358 2467 1487 2518 ipsum
1520 2464 1653 2502 lumen
1683 2465 1745 2503 di-

314 2522 457 2560 vinum
484 2519 674 2570 (hoc-est
699 2518 863 2572 gloriam
895 2526 934 2557 et
974 2520 1219 2559 maiestatem
1245 2521 1344 2570 Dei)
1373 2522 1414 2558 in
1450 2533 1491 2558 se
1521 2526 1560 2557 et
1603 2534 1746 2558 secun-

315 2575 415 2614 dum
447 2589 488 2614 se
510 2577 640 2614 visum
671 2587 769 2622 esse,
801 2587 879 2612 non
917 2574 956 2612 in
980 2589 1051 2613 sua
1083 2576 1269 2627 imagine,
1300 2587 1346 2613 ac
1374 2581 1582 2627 propterea
1610 2589 1632 2613 a
1650 2589 1745 2628 syn-

317 2631 398 2674 odo
427 2629 894 2682 Constantinopolitana,
933 2629 1082 2668 Ioanne
1113 2628 1353 2681 Palaeologo
1385 2636 1424 2667 et
1456 2630 1607 2668 Ioanne
1639 2630 1752 2668 Can-

260 2719 265 2723 ,
316 2693 508 2725 tacuzeno
541 2684 679 2723 habita
698 2716 710 2734 ,
757 2684 964 2722 damnatos
1003 2684 1147 2730 fuisse,
1192 2683 1233 2721 id
1264 2698 1359 2736 pace
1389 2684 1640 2722 eruditissimi
1667 2685 1743 2723 viri

318 2740 482 2780 dixerim
505 2768 517 2791 ,
540 2754 570 2778 ra
598 2753 694 2779 vero
719 2738 850 2792 longe·
873 2738 971 2778 abit.
1045 2739 1149 2777 Nam
1176 2738 1359 2781 Palamas
1392 2745 1431 2776 et
1469 2739 1610 2793 synodi
1637 2738 1743 2779 illius
1790 2764 1792 2775 1
