1800 3164
295 138 373 204 44
828 150 1201 194 CANTACUzENl

90 261 283 308 AzC.r3⁴7
299 262 405 299 οῖ’ντο
447 254 619 297 ἑαυτῶν.
674 255 843 296 τοιαῦτα
886 255 963 307 μὲν
1001 253 1082 294 τῶν
1121 252 1452 309 Καντακουζηνῷ
1490 253 1548 309 τῷ
1573 255 1746 305 βασιλεῖ

295 323 606 377 προσκειμένων
643 318 681 361 οἶ
719 322 763 362 ἐν
805 321 914 361 τέλει
942 315 1068 362 εἶπον.
1123 316 1321 372 βασιλεύς
1364 319 1411 359 δὲ
1446 318 1521 359 οὐκ
1559 316 1740 374 ἔφασκεν

295 391 367 444 ἐφ’
396 383 457 436 οἷς
492 389 623 441 ἕτεροι
660 383 913 440 ἐξήμαρτον,
959 381 1131 440 ἑτέρους
1170 383 1366 425 εὐθύνειν
1406 380 1514 425 εἶναι
1566 385 1741 426 δίκαιον.

295 452 464 508 βασιλίς
496 468 539 494 τε
566 450 646 506 γὰρ
682 451 806 492 ου’δὲν
839 446 934 507 ᾔδει
965 451 1048 492 τῶν
1076 451 1376 505 γεγενημένων,
1408 448 1516 490 α’λλὰ
1543 447 1595 490 τὰ
1627 448 1740 502 ὅμω-

294 521 485 572 μοσμένα
530 516 665 558 πάντα
708 515 812 569 μετὰ
854 517 1069 572 ἀκριβείας
1106 518 1300 572 φαίνεται
1341 513 1636 570 φυλάττουσα,
1670 514 1781 556 καί5

171 583 498 640 Ρ,7α7βασιλεύς
529 582 551 623 ὁ
581 581 674 630 υἱὸς
714 583 767 623 ov'
809 583 970 631 δίκαιος
999 579 1255 623 εὐθύνεσθαι
1285 580 1356 622 δια
1387 579 1459 636 τήν
1486 580 1675 636 ἡλικίαν,
1703 581 1744 623 εἰ

164 658 205 692 V.
219 651 371 694 583an
399 655 484 698 τοῖς
526 650 584 698 εἰς
611 646 725 703 ἧμᾶς
754 649 1032 703 συνέπραττεν
1063 649 1362 702 α’γνωμονοῦσι.
1417 643 1598 699 μάλιστα
1624 648 1670 688 δὲ
1699 647 1741 688 ἑ-

294 717 439 758 κείνων
477 714 553 770 την
590 713 842 770 α’βελτηρίαν
878 713 952 754 καί
984 712 1062 769 την
1106 709 1250 755 ἄνοιαν
1279 713 1540 765 θαυμάζειν,
1570 712 1610 753 εἰ
1633 710 1740 765 μετὰ

291 780 497 830 τοσαύτας
525 781 756 831 α’ποδεΐξεις
784 782 859 834 τῆς
887 780 945 829 εἷς
973 780 1171 834 βασιλίδα
1203 777 1368 827 εὐνοίας
1408 777 1483 820 καί
1515 777 1615 828 τούς
1643 783 1741 819 παῖ’-

291 850 399 899 δας,
441 845 501 888 ἔτι
536 848 665 887 διπλᾶ
695 845 794 901 περὶ
834 845 966 887 αὖτοῦ
1007 844 1238 900 λογίζονται
1267 844 1339 885 καί
1369 841 1738 900 ἆμφισβητοῦσιν,
1759 854 1800 887 m

291 915 333 955 εἰ
363 911 434 954 διοὶ
469 914 612 960 τέλους
642 908 818 965 εύμενης
848 907 991 960 αύτοῐς
1016 916 1147 964 μενεῖ,
1178 909 1224 951 τὸ
1254 912 1332 963 μὲν
1359 908 1440 963 γαρ
1471 911 1525 957 ἐνἸ
1545 908 1742 964 μεγάλοις

293 977 420 1020 αὐτὸν
452 977 526 1033 τὴν
554 979 797 1033 φιλοτιμίαν
818 978 1161 1028 ἐπιδείκνυσθαι,
1191 977 1264 1018 καί
1294 971 1361 1018 οἷα
1391 971 1508 1018 οἷῖπω
1540 974 1741 1031 πρότερον

291 1051 375 1093 τοῖς
398 1045 619 1097 Ῥωμαίων
645 1041 987 1097 βεβασιλευκόσιν
1017 1043 1184 1085 ου’δέσιν
1212 1041 1492 1098 ἐφιλοτιμήθη
1506 1076 1519 1095 ,
1569 1044 1641 1083 καί
1669 1040 1742 1082 διὰ

293 1112 417 1152 τοῦτο
459 1111 532 1151 καί
566 1109 665 1158 τούς
702 1111 891 1163 βασιλίδι
930 1111 1253 1164 προσκειμένους
1279 1107 1337 1163 μὴ
1372 1108 1583 1150 δύνασθαι
1611 1106 1760 1149 πιστοὶ·

293 1173 511 1230 ἡγεῖσθαι,
542 1177 665 1216 ου’δὲν
695 1173 872 1225 ἀπεικός.
928 1175 1008 1217 τίνι
1036 1173 1117 1230 γάρ
1147 1177 1232 1217 τῶν
1261 1173 1475 1230 προτέρων
1515 1175 1639 1215 τοῦτο
1663 1176 1741 1227 βα-
1762 1175 1800 1215 15

256 1244 445 1284 Βσιλέων
481 1240 714 1296 ἐτολμήθη,
754 1237 858 1283 ὥστε
885 1240 994 1294 μετὰ
1035 1239 1110 1296 τὴν
1139 1241 1223 1282 τῶν
1252 1238 1488 1282 οἷντιπάλων
1515 1233 1646 1294 ἧτταν
1673 1238 1746 1280 καί

295 1306 344 1350 τὸ
374 1310 511 1349 πᾶσαν
539 1305 799 1363 ὑφ’ἐαυτούς
834 1305 1096 1362 ποιήσασθαι
1119 1305 1193 1361 τὴν
1221 1305 1444 1360 ἡγεμονίαν
1461 1339 1474 1357 ,
1491 1297 1618 1355 αὖθις
1645 1321 1743 1346 συν-

278 1373 507 1430 ’ἀρχοντας
534 1371 750 1428 αἱρεῖσθαι
779 1370 877 1420 τούς
897 1374 1127 1428 προτέρους
1152 1369 1468 1424 βασιλεύοντας·
1492 1372 1652 1423 μᾶλλον
1682 1371 1743 1423 δὲ,

296 1442 338 1482 εἰ
362 1441 431 1481 δεῖ
453 1439 634 1493 τάληθὲς
673 1439 826 1492 εἰπεῖν,
865 1436 910 1479 τὸ
939 1439 1062 1478 πλέον
1099 1438 1347 1492 προσνέμειν
1374 1438 1448 1492 τῆς
1476 1437 1612 1491 ἀρχῆς
1639 1434 1745 1478 ὲκεί-

294 1520 402 1558 νοις,
425 1500 490 1546 οἷα
520 1504 572 1559 δὴ
601 1505 758 1546 ἐκείνου
786 1506 865 1557 μὲν
893 1504 963 1545 ἐπὶ
988 1500 1143 1557 χρόνον
1168 1501 1260 1545 τινά
1283 1507 1369 1552 τοῖς
1392 1505 1610 1558 πράγμασι
1637 1518 1743 1557 χρη·
1757 1517 1800 1544 20

297 1572 500 1624 σομένου,
548 1572 718 1619 ἐκείνοις
760 1571 807 1612 δὲ
847 1571 920 1612 καί
961 1567 1066 1625 πρὸς
1107 1570 1267 1611 παίδων
1307 1567 1513 1623 διαδοχὴν
1538 1567 1744 1622 μενούσης

296 1639 370 1692 τῆς
415 1637 577 1691 ἆρχῆς;
610 1636 774 1683 πάντως
813 1635 960 1678 ου’δενί.
1014 1633 1060 1676 τὸ
1092 1636 1138 1676 δὲ
1166 1634 1329 1689 αἴτιον,
1377 1631 1440 1677 ὅτι
1469 1636 1641 1684 ἐκείνοις
1666 1635 1746 1686 μὲν

298 1699 422 1744 οῦδὲν
448 1703 589 1756 ἕτερον
621 1700 929 1756 ἐσπουδάζετο,
956 1698 983 1757 ἢ
1011 1703 1054 1753 ἐξ
1080 1697 1233 1757 ἑτέρων
1262 1702 1321 1750 εἷς
1349 1697 1527 1750 ἑαυτούς
1554 1697 1745 1755 μετάγειν

393 1786 444 1809 ιι.
470 1774 574 1820 φανῇ
598 1775 645 1808 Μ.
673 1785 740 1819 mg,

295 1855 407 1884 nune,
432 1844 604 1889 quoniam
631 1845 687 1876 illi
711 1836 1126 1890 priores-deliquerint,
1151 1846 1181 1879 si
1207 1846 1278 1891 ipsi
1304 1848 1371 1880 iam
1397 1846 1468 1880 sibi
1491 1846 1741 1891 providerint,

297 1891 405 1934 eulpa
431 1891 614 1925 carituros.
662 1892 759 1925 Haec
783 1893 943 1926 illustres
972 1894 1064 1932 viri,
1088 1893 1225 1926 addicti
1250 1895 1524 1933 Cantacuzeno,
1558 1893 1740 1926 dixerunt.

297 1937 443 1982 Quibus
465 1938 665 1982 respondit,
688 1939 863 1973 iniustum
887 1950 977 1980 esse,
1001 1940 1092 1972 alios
1117 1950 1282 1985 peccasse
1307 1947 1344 1973 et
1366 1941 1456 1973 alios
1480 1941 1600 1984 plecti.
1649 1939 1741 1972 Nam

296 1985 563 2028 imperatricem
588 1985 675 2018 facti
700 1997 774 2018 non
800 1996 879 2020 esse
904 1987 1102 2027 consciam,
1141 1992 1177 2020 et
1204 1997 1296 2031 quae
1327 1987 1443 2020 iurata
1474 1989 1566 2027 sint,
1601 1997 1742 2020 servare

298 2030 493 2076 diligenter
518 2031 651 2074 omnia,
679 2032 867 2077 filiumque
893 2033 1158 2077 imperatorem,
1181 2035 1342 2079 quamvis
1368 2034 1563 2068 malevolos
1587 2033 1742 2067 adiuve-

297 2077 369 2119 rit,
406 2077 453 2109 ob
487 2078 633 2110 consilii
666 2078 976 2121 imbecillitatem,
1012 2086 1054 2114 ut
1078 2080 1365 2121 adolescentem,
1406 2079 1539 2113 debere
1565 2081 1741 2114 excusari.

297 2124 447 2157 Illorum
473 2124 666 2157 stultitiam
691 2127 1008 2172 temeritatemque
1038 2138 1076 2160 se
1102 2127 1292 2166 admirari,
1332 2139 1410 2159 cum
1442 2133 1523 2171 post
1547 2132 1620 2159 tam
1647 2128 1743 2159 clara

296 2170 581 2204 benevolentiae
609 2181 694 2204 suae
720 2173 759 2204 in
779 2174 1043 2216 imperatricem
1070 2185 1110 2208 ae
1131 2174 1224 2208 filios
1242 2177 1451 2218 argumenta
1478 2173 1607 2214 adhuc,
1640 2178 1744 2207 utro-

293 2216 350 2252 vis
385 2217 555 2250 distracta
591 2218 834 2261 cogitatione,
877 2221 1079 2265 ambigant,
1118 2220 1248 2266 ecquid
1272 2221 1317 2253 ad
1349 2223 1456 2254 finem
1485 2222 1524 2255 in
1555 2231 1595 2254 ea
1620 2232 1744 2265 perse-

298 2269 485 2298 veraturus
513 2266 569 2296 sit.
619 2264 716 2308 Quia
741 2267 836 2298 enim
862 2265 900 2299 in
934 2267 1057 2300 arduis
1083 2267 1289 2308 elaborarit,
1316 2273 1352 2300 et
1377 2279 1467 2311 quae
1489 2279 1594 2301 nemo
1616 2268 1744 2302 Roma-

297 2322 428 2344 norum
459 2311 716 2356 imperatorum
751 2312 887 2346 efficere
922 2318 1023 2346 tanta
1057 2315 1290 2347 contentione
1321 2315 1524 2354 studuerit,
1550 2319 1743 2359 propterea

299 2358 435 2390 amicos
462 2358 698 2403 imperatricis
725 2357 868 2392 fidelem
893 2359 1012 2404 ipsum
1043 2361 1119 2393 fore
1148 2372 1222 2394 non
1250 2360 1415 2401 credere,
1449 2361 1542 2394 nihil
1570 2373 1647 2394 esse
1678 2361 1743 2394 ab·

300 2403 460 2438 surdum.
527 2404 717 2438 Neminem
753 2406 850 2439 enim
884 2409 1189 2451 ex·superiorum
1226 2414 1427 2452 temporum
1465 2408 1745 2453 imperatoribus

299 2457 385 2496 post
413 2450 612 2485 debellatos
637 2450 858 2485 adversarios
887 2458 923 2485 et
943 2453 1128 2486 redactum
1153 2454 1219 2487 sub
1245 2465 1283 2487 se
1313 2454 1516 2487 universum
1533 2454 1740 2499 imperium,

298 2499 363 2544 qui
383 2499 731 2544 priusimperarant,
757 2498 875 2532 denuo
895 2499 1049 2545 collegas
1065 2500 1262 2534 adsciscere
1285 2512 1408 2533 ausum
1424 2502 1547 2542 fuisse,
1567 2502 1676 2535 immo
1695 2503 1738 2541 si,

300 2544 400 2590 quod
427 2556 481 2578 res
506 2550 580 2584 est,
605 2545 709 2579 fateri
735 2546 904 2586 velimus,
923 2548 1103 2590 potiorem
1129 2548 1272 2592 imperii
1297 2554 1434 2592 partem
1462 2548 1534 2581 illis
1563 2547 1742 2580 attribue-

300 2602 355 2632 re,
380 2596 422 2624 ut
446 2603 483 2624 se
507 2591 678 2624 nimirum
704 2591 751 2625 ad
777 2598 917 2636 tempus
945 2594 1095 2639 aliquod
1119 2600 1324 2639 regnaturo,
1349 2595 1423 2628 illis
1447 2607 1530 2628 vero
1559 2595 1667 2628 etiam
1694 2595 1741 2626 ad

298 2637 435 2672 liberos
471 2639 663 2682 imperium
698 2641 966 2673 transmissuris.
1019 2640 1170 2673 Causam
1201 2641 1333 2681 fuisse,
1368 2640 1465 2687 quod
1492 2642 1529 2674 in
1555 2652 1598 2674 eo
1625 2643 1741 2674 omnis

301 2696 423 2718 eorum
450 2697 533 2718 cura
560 2687 770 2729 evigilaret,
798 2687 912 2719 omnis
941 2688 1113 2730 cogitatio
1140 2693 1351 2727 verteretur,
1378 2687 1559 2732 quomodo
1585 2687 1631 2720 ab
1658 2688 1741 2720 aliis

301 2732 496 2778 imperium
522 2731 568 2765 ad
592 2743 631 2767 se
658 2732 902 2768 transferrent.
951 2734 1031 2767 Alia
1057 2744 1094 2767 se
1119 2735 1175 2769 via
1202 2736 1410 2777 incessissc5
1434 2734 1479 2768 ab
1507 2735 1614 2769 initio
1645 2735 1742 2770 enim
