1794 3158
312 150 423 206 386
815 159 1228 203 ANNOTATloNFs

310 277 347 308 οἱ.
377 269 565 308 defuncto
599 264 806 313 Michaele,
826 270 938 316 patre
966 260 1156 311 naturali,
1187 272 1285 298 avus
1313 265 1398 298 erat
1425 260 1459 298 ei
1486 261 1608 313 patris
1637 259 1736 301 loeo.

308 324 559 378 Diligebatur
592 323 682 360 item
713 326 755 358 ut
785 333 807 356 a
838 324 948 370 patre
977 316 1105 364 filius,
1146 322 1185 353 et
1212 314 1469 354 reverebatur
1500 329 1591 354 eum
1618 317 1736 356 vicis-

309 382 382 418 sim
411 387 456 418 ut
484 378 586 416 filius
615 382 794 428 patrem:
826 372 904 410 hoc
935 372 1039 410 enim
1067 370 1117 409 de
1146 383 1187 408 se
1215 370 1320 408 credi
1354 370 1457 409 vult.
1484 383 1656 411 Ponun-

415 435 516 485 Pag.
533 445 597 480 π),
623 431 681 469 15.
721 441 812 466 non
840 436 886 465 te
909 427 1077 465 maria
1112 433 1231 463 tota.
1273 425 1375 462 Cum
1393 425 1606 477 proverbio
1625 426 1736 466 dica-

305 505 393 529 mus
421 500 532 526 mare
561 476 771 531 *bonor-um,
821 483 923 520 sicut
954 494 1070 519 mare
1108 480 1307 518 malorum
1350 493 1422 532 pro
1463 481 1735 520 innumerabi-

306 545 411 583 libus
436 542 550 581 bonis
576 553 621 577 ac
651 536 766 576 malis
785 567 794 584 ‚
826 536 1023 574 sententia
1063 533 1238 588 postulat
1261 564 1272 581 ‚
1320 541 1364 572 ut
1396 534 1532 574 κακῶν
1561 535 1627 574 hic
1653 549 1737 576 non

307 601 502 637 malorum
522 624 533 644 ,
577 593 646 632 sed
681 594 866 630 vitiorum
907 597 976 629 aut
1015 590 1208 650 malorum
1235 590 1471 641 facinorum
1502 591 1738 642 interprete-

305 668 407 692 mur.
453 650 577 689 Auxit
602 661 686 687 rem
720 646 848 693 valde,
879 659 970 684 cum
998 645 1143 684 adiecit
1172 638 1286 693 ὅλας,
1317 644 1493 698 dixitque
1519 643 1740 694 θαλάσσας

302 707 381 746 τῶν
409 703 560 743 κακῶν.
591 716 763 742 PONTAN.

412 760 514 811 Pag.
544 772 613 811 29,
650 758 707 806 14.
739 755 946 807 λογίσεται
973 754 1031 794 Μ.

413 816 514 866 Pag.
545 827 612 867 29,
650 811 709 862 14.
743 810 1008 863 προχεῖσθαι.
1062 810 1199 849 Manet
1246 810 1284 848 in
1325 810 1585 863 metaphora,
1625 810 1734 864 quod

304 878 436 908 tamen
468 883 547 907 non
582 881 736 919 semper
771 873 829 904 est
860 865 1140 903 necessarium.
1196 865 1360 904 Dixerat
1389 867 1496 904 enim
1541 861 1738 905 θάλασσα

303 925 450 965 κακῶν,
509 923 602 961 Ideo
630 936 701 960 nos
730 933 889 974 quoque
917 934 998 958 non
1021 921 1226 974 proferri,
1260 921 1367 972 quod
1396 929 1639 974 poteramus,
1669 920 1738 960 sed

297 979 490 1034 profundi
516 976 819 1016 transtulimus:
871 988 981 1013 mare
1012 976 1119 1013 enim
1138 1005 1150 1025 ‚
1197 977 1387 1028 quoniam
1424 990 1527 1029 aqua
1566 983 1735 1023 constat,

303 1034 497 1075 funditur.
553 1033 607 1071 Et
635 1031 783 1085 alioqui
812 1031 932 1069 etiam
970 1030 1026 1068 sic
1065 1029 1289 1084 loquimur,
1334 1031 1485 1084 aliquid
1521 1030 1739 1081 effundere,

302 1103 377 1141 pro
406 1102 497 1126 cum
525 1086 669 1125 affectu
687 1115 698 1133 ,
741 1085 806 1125 vel
850 1099 895 1123 ex
923 1084 1067 1125 affeetu
1096 1086 1232 1138 aliquo
1257 1085 1454 1140 proloqui.
1510 1086 1611 1125 Item
1642 1086 1738 1124 sim-

300 1143 483 1196 pliciter,
511 1149 556 1180 ut
588 1143 728 1180 Cicero
764 1154 798 1179 1.
830 1140 880 1180 de
910 1148 1013 1183 orat.
1049 1140 1176 1194 effudi
1210 1142 1324 1181 vobis
1350 1142 1498 1182 omnia.
1554 1141 1608 1180 Et
1639 1154 1737 1194 poe-

299 1200 391 1246 tice,
423 1199 520 1236 haee
553 1196 690 1249 effudit
710 1205 868 1251 pectore
900 1196 1018 1238 dicta.
1058 1210 1234 1235 ΡοΝΤΛΝ.

411 1253 511 1304 Pag.
543 1265 611 1304 29,
641 1265 706 1291 22.
748 1260 835 1290 tua
864 1266 1026 1290 manu.
1075 1251 1151 1290 Vel
1179 1253 1273 1304 quia
1306 1252 1469 1291 forsitan
1492 1265 1569 1306 pro
1596 1264 1737 1304 magno

294 1316 452 1362 peccato
470 1307 679 1361 paululum
717 1307 901 1361 supplicii
933 1307 1026 1344 satis
1055 1308 1129 1345 erit
1152 1309 1270 1361 patri
1289 1338 1299 1355 ‚
1333 1315 1383 1346 ut
1410 1307 1621 1346 Terentius
1655 1308 1739 1346 aitt

300 1362 366 1401 vel
395 1363 488 1416 quia
511 1360 693 1400 naturale
722 1369 807 1408 est,
856 1361 975 1400 malle
1000 1375 1024 1399 a
1052 1363 1314 1415 propinquis,
1348 1376 1470 1416 quam
1500 1361 1638 1401 alienis
1666 1375 1742 1402 va-

301 1417 470 1470 pulare:
502 1417 611 1469 quod
640 1416 951 1455 misericordiam
979 1430 1184 1469 speramus
1215 1418 1266 1456 ab
1297 1419 1361 1467 iis,
1387 1417 1458 1471 qui
1489 1417 1528 1456 in
1548 1430 1622 1456 nos
1647 1431 1743 1456 cru-¹

302 1472 408 1511 deles
436 1479 599 1524 propter
626 1473 829 1525 sanguinis
858 1472 1181 1511 communionem
1216 1486 1298 1511 esse
1325 1487 1405 1511 non
1434 1479 1614 1525 possunt.
1655 1473 1742 1511 Da-

302 1527 370 1565 vid
399 1541 557 1579 quoque
585 1526 720 1575 aDeo,
748 1533 954 1579 tamquam
987 1540 1011 1565 a
1038 1534 1167 1579 patre,
1190 1541 1310 1579 quam
1338 1527 1390 1566 ab
1410 1526 1638 1566 hominibus
1664 1541 1742 1580 pu-

302 1583 379 1620 niri
415 1581 600 1619 malebat.
661 1581 852 1620 Coarctor
873 1582 1006 1620 nimis.
1064 1581 1146 1620 Sed
1164 1583 1300 1621 melius
1326 1591 1396 1632 est,
1425 1591 1466 1621 ut
1491 1583 1665 1621 incidam
1698 1584 1741 1622 in

303 1650 441 1674 manus
468 1635 651 1685 Domini,
674 1636 831 1687 (multae
862 1638 969 1675 enim
995 1636 1288 1676 misericordiae
1318 1638 1398 1677 eius
1419 1646 1517 1688 sunt,
1531 1638 1543 1690 )
1559 1652 1676 1692 quam
1698 1639 1741 1676 in

306 1704 442 1730 manus
468 1692 677 1729 hominum.
705 1704 743 1729 2.
773 1692 871 1744 Reg.
905 1690 970 1742 24.
1007 1705 1181 1734 PONTAN.

416 1745 517 1798 Pag.
552 1746 616 1795 50,
650 1746 689 1787 5.
718 1742 837 1792 ἱλὲως
864 1747 922 1788 Μ.

414 1801 514 1852 Pag.
546 1801 611 1847 30,
647 1800 686 1839 5.
714 1801 752 1840 εἰ
790 1800 825 1839 δ’
857 1797 995 1854 ὥσπερ
1024 1801 1127 1849 νῦν,
1171 1795 1279 1840 οὕτω
1318 1800 1392 1841 καὶ
1418 1800 1478 1849 εἷς
1513 1800 1558 1842 τό
1588 1795 1742 1855 ἕμπρο·

305 1855 407 1893 σθεν
433 1855 624 1904 γίνεσθαι
652 1854 816 1905 μέλλεις
846 1857 904 1898 Μ.

415 1909 519 1962 Pag.
549 1910 612 1960 50,
639 1910 682 1950 8.
714 1908 1150 1961 διαπρεσβευσάμενος
1178 1913 1237 1951 Μ.
1261 1925 1436 1966 quoque.

415 1963 519 2017 Pag.
544 1965 611 2015 30,
639 1979 697 2008 10.
729 1961 951 2013 διεξιόντος
980 1968 1036 2007 Μ.

417 2019 595 2071 Pag.3o,
620 2019 784 2073 15.ego
808 2029 851 2059 te
877 2022 1005 2060 adeo
1025 2023 1177 2060 miris
1202 2022 1366 2061 modis
1385 2022 1570 2061 amavi.
1598 2023 1743 2076 Grego-

310 2085 374 2111 ras
387 2073 580 2126 principio
595 2074 664 2114 lib.
680 2076 719 2115 8.
735 2089 747 2113 :
777 2075 1050 2115 Andronicum
1060 2086 1171 2116 tanto
1187 2091 1320 2115 amore
1326 2086 1548 2132 prosecutus
1564 2086 1620 2116 est
1632 2092 1743 2129 avus,

312 2128 368 2165 ita
393 2129 471 2167 eius
492 2129 675 2183 adspectu
701 2132 877 2182 gavisus,
905 2140 947 2170 ut
975 2145 1105 2170 omnes
1135 2141 1173 2171 et
1197 2141 1287 2171 ante
1308 2142 1346 2171 et
1379 2142 1471 2186 post
1487 2141 1606 2171 natos
1604 2132 1743 2187 filios,

294 2181 440 2234 filias,
474 2194 629 2236 nepotes
660 2186 780 2224 multo
819 2187 983 2225 minoris
1011 2187 1175 2239 faceret
1190 2217 1202 2239 ‚
1240 2201 1446 2241 omnesque
1479 2201 1600 2242 quam
1645 2189 1744 2226 hunc

311 2250 429 2274 unum
445 2239 577 2289 perire
597 2240 745 2287 mallet,
769 2241 805 2278 si
835 2242 953 2294 optio.
969 2241 1148 2290 daretur,
1187 2248 1267 2281 tum
1298 2243 1346 2281 ob
1361 2242 1592 2297 'firmiorem
1616 2243 1748 2296 impe-

315 2290 372 2327 rii
398 2293 666 2331 successionem
686 2323 697 2343 ,
727 2303 807 2334 tum
832 2305 999 2350 propter
1033 2297 1184 2349 ingenii
1212 2299 1512 2352 praestantiam,
1541 2306 1620 2336 tum
1644 2311 1747 2352 pro-

311 2353 404 2397 pter
418 2346 545 2384 vultus
563 2349 798 2388 maiestatem
811 2365 826 2399 ,·
836 2352 1017 2403 forsitan
1035 2360 1072 2390 et
1087 2353 1300 2392 similitudo
1319 2354 1490 2392 nominis
1508 2352 1668 2407 aliquid
1689 2351 1751 2391 ad

317 2399 618 2439 benevolentiam
653 2406 824 2444 contulit.
882 2407 1029 2460 Quibus
1061 2407 1110 2445 de
1149 2409 1273 2446 causis
1301 2422 1389 2447 eum
1425 2408 1536 2462 apud
1567 2421 1608 2445 se
1636 2407 1745 2459 regia

317 2453 531 2506 disciplina
567 2457 835 2498 instituendum
852 2489 864 2511 ‚
889 2462 1044 2517 eiusque
1068 2472 1268 2518 conspecta
1296 2471 1410 2503 noctu
1444 2472 1559 2517 atque
1577 2461 1746 2502 interdiu

300 2508 524 2558 fluendum
556 2525 633 2549 esse
661 2513 960 2570 laetantiumque
983 2519 1140 2557 censuit.
1170 2531 1350 2558 PONTAN.

443 2563 547 2615 Pag.
578 2565 643 2614 3¹,
678 2581 711 2607 1.
738 2570 933 2618 γενέσθαι
959 2572 1016 2612 Μ.

445 2618 546 2681 Pag.
580 2619 647 2666 51,
680 2635 720 2659 2.
753 2625 837 2669 τοῖς
892 2629 1103 2678 μητρικοῖς
1143 2625 1363 2678 θαλάμοις
1413 2624 1741 2676 ἓνδιατριβοιτα.

321 2672 436 2735 Non·
455 2686 598 2725 opinor
625 2688 861 2727 quemquam
899 2682 1130 2734 scriptorem
1160 2689 1320 2721 uterum
1349 2682 1525 2722 mulieris
1574 2693 1643 2725 seu
1670 2693 1749 2731 pa·-

322 2734 457 2766 nentis
483 2734 642 2766 uterum
672 2743 831 2771 vocasse
858 2733 1091 2775 thalamum.
1150 2737 1353 2777 Recordor
1383 2744 1518 2778 autem
1553 2736 1595 2774 in
1625 2733 1745 2774 sacris
