1794 3158
355 155 429 197 AD
466 155 837 199 cmrAcqum
886 152 984 196 nn.
1024 155 1097 195 iv.
1363 134 1472 210 547

25 264 126 302 unm
153 255 382 314 pontificem
409 258 452 297 in
482 255 743 297 ecclesiastica
774 253 999 295 hierarchia
1029 265 1262 308 supremum
1282 264 1379 305 esse,
1397 254 1476 294 du-

55 315 119 354 lici
148 319 373 354 commento
404 312 483 351 hoc
509 324 721 365 supremae
747 310 955 363 dignitatis
975 308 1177 363 fastigium
1203 308 1254 347 ad
1284 322 1325 348 se
1344 315 1477 350 trans-

44 383 133 409 erre
161 369 294 408 conati
323 374 416 407 sunt
434 382 446 406 :
476 369 606 420 primo
634 367 742 405 enim
776 365 980 415 dixerunt,
997 364 1176 418 pontifici
1205 377 1286 402 non
1316 378 1476 417 compe—

0 430 112 464 “tere
155 426 304 477 primas
357 422 494 461 divino
529 422 710 461 instituto
749 427 788 459 et
831 433 1047 468 concessu,
1085 419 1156 459 sed
1189 419 1476 472 imperatorum

0 500 2 510 ν
25 487 146 529 nutu,
165 479 271 518 dono
295 485 334 517 et
357 477 581 530 privilegio,
614 491 660 515 ac
689 474 859 529 proinde
886 477 929 514 in
961 476 1216 528 imperatoris,
1239 488 1360 513 manu
1379 489 1474 525 esse,

28 536 178 589 primas
207 535 389 572 Romano
417 530 595 586 pontifici
624 531 811 578 adimere,
837 532 964 583 iisque
988 529 1475 582 Constantinopolitanum

26 588 251 644 praesulem
277 589 481 641 insignire,
503 588 624 626 immo
645 592 683 625 et
701 600 744 624 re
767 587 851 637 ipsa
877 585 1098 638 insigniisse
1117 592 1333 636 tunc,cum
1346 585 1476 625 Roma

29 644 419 697 Constantinopolim
461 642 674 695 imperium
713 640 932 679 transtulit.
990 641 1052 679 Ita
1092 641 1212 679 sentit
1255 646 1295 678 et
1336 641 1475 680 scribit

29 699 153 740 Anna
181 699 384 738 Comnena
412 696 493 736 filia
527 696 656 735 Alexii
695 695 890 735 Comneni
919 695 1169 748 imperatoris
1201 694 1271 736 lib.
1308 707 1341 732 ι.
1377 694 1478 734 Ale-

30 755 182 794 xiadis:
213 769 306 795 cum
324 755 430 793 enim
448 753 582 790 nescio
603 764 708 804 quae
735 751 785 789 de
814 750 1008 790 Pontifice
1043 751 1226 789 Romano
1254 752 1478 789 recensuis-

28 817 105 860 set,
134 816 175 849 et
200 811 316 860 haec,
353 809 498 862 ’nquit‚
531 812 734 860 perpetrat
764 805 857 857 ille,
890 805 958 859 qui
985 806 1174 845 universo
1205 804 1294 843 orbi
1327 807 1477 857 praesi-

27 864 97 904 det
114 894 127 914 ,
160 859 301 918 ὥσπερ
332 856 407 902 οὖν
425 860 498 901 καί
521 859 560 901 οἱ
589 863 766 902 Λατῖνοι
789 861 956 913 λέγουσι
982 860 1055 898 καί
1078 857 1250 899 οἴονται.
1284 854 1373 898 ἔστι
1392 856 1474 911 γὰρ

28 919 103 964 καί
139 920 262 959 τοῦτο
296 918 371 970 τῆς
405 912 665 965 ἆλαζωνείας
699 913 857 955 αὐτῶν.
911 909 1252 966 μεταπιπτόντων
1280 909 1360 966 γάρ
1394 915 1477 953 τῶν

25 970 249 1026 σκήπτρων
283 972 443 1012 ἐκεῖθεν
482 970 634 1011 ἐνθάδε
669 971 730 1017 εἰς
754 966 830 1022 τὴν
870 967 1076 1023 ἡμετέραν
1120 966 1320 1020 sammaa
1356 965 1478 1008 πόλιν

29 1029 103 1069 καί
129 1025 180 1081 δὴ
213 1026 286 1068 καί
317 1028 391 1081 τῆς
421 1022 651 1092 συῖκλήτου
696 1022 769 1065 καὶ
793 1024 868 1076 τῆς
902 1020 997 1077 ὅλης
1045 1022 1264 1076 βασιλικῆς
1297 1019 1473 1072 τάξεως,

32 1082 333 1135 μεταπέπτωκε
364 1081 436 1120 καί
462 1097 487 1135 η
513 1081 595 1121 τῶν
623 1076 790 1134 θρόνων
821 1076 1095 1133 α’ρχιερατικὴ
1125 1075 1267 1128 τάξις,
1307 1076 1380 1117 καί
1408 1078 1476 1117 δε-

28 1133 211 1178 δώκασιν
235 1135 274 1178 οἱ
298 1135 503 1176 ἀνέκαθεν
522 1138 710 1187 βασιλεῖς
737 1132 788 1175 τὰ
806 1136 1003 1187 πρεσβεῖα
1024 1134 1081 1189 τῷ
1101 1130 1240 1188 θρόνῳ
1260 1131 1332 1185 τῆς
1353 1133 1477 1173 Κων-

27 1190 431 1241 σταντινουπόλεως,
457 1189 530 1231 καί
569 1189 752 1242 μάλιστα
784 1187 810 1242 ἦ
848 1189 893 1229 ἐν
925 1184 1173 1240 Καλχηδόνι
1211 1187 1386 1234 σύνοδος
1417 1187 1477 1235 εἰς

27 1246 247 1300 περιωπήν
269 1246 504 1301 πρωτίστην
521 1241 594 1286 τὸν
619 1243 1106 1289 Κωνσταντινουπόλεως
1128 1241 1474 1296 α’ναβιβασαμένη

25 1301 102 1349 τὰς
133 1300 214 1343 οἶνά
235 1299 311 1356 τὴν
341 1299 584 1353 οἰκουμένην
610 1295 831 1351 διοικήσεις
857 1293 1022 1344 ἁπάσας
1050 1293 1131 1337 ὑπὸ
1164 1298 1312 1336 τοῦτον
1335 1294 1476 1350 ἐποίη-

26 1371 115 1398 σεν.
176 1359 287 1398 Haec
315 1357 451 1402 Anna,
487 1356 550 1395 vel
578 1356 868 1400 schismaticus,
903 1355 968 1392 cui
998 1355 1116 1392 Anna
1149 1352 1373 1391 Caesarissa
1401 1367 1476 1392 no-

25 1426 119 1453 men
146 1427 263 1453 suum
291 1413 532 1465 supposuit=
564 1424 666 1464 quae
694 1409 818 1449 verba
845 1408 1007 1447 adducit
1038 1407 1224 1461 Illyricus
1251 1409 1293 1446 in
1325 1407 1475 1446 catalo-

25 1482 78 1523 go
106 1471 268 1509 testium
296 1466 479 1517 feritatis,
505 1474 544 1506 et
571 1473 709 1505 auctor
737 1464 1065 1516 Turcograeciae,
1094 1463 1164 1515 qui
1193 1462 1334 1501 Annae
1364 1463 1477 1501 codi—

27 1537 116 1564 cem
144 1538 191 1563 ex
219 1522 463 1563 bibliotheca
493 1522 732 1574 Augustana
774 1526 915 1559 nactus
951 1519 1135 1559 videtur:
1186 1531 1287 1570 quos
1326 1517 1475 1557 talibus

26 1579 246 1626 mendaciis
271 1585 310 1617 et
337 1577 545 1630 imperitiis
562 1578 604 1615 in
625 1574 855 1615 cathedram
881 1574 993 1614 Petri
1026 1573 1254 1626 Christique
1282 1573 1477 1612 vicarium

26 1633 249 1689 insurgere,
275 1632 333 1672 nil
361 1633 536 1671 mirum:
565 1631 761 1670 validiora
789 1631 896 1669 enim
924 1643 1035 1669 arma
1063 1643 1145 1668 non
1173 1628 1295 1667 habet
1312 1627 1476 1678 falsitas,

27 1701 150 1744 quam
179 1689 385 1729 mendacia
416 1693 455 1726 et
486 1687 694 1725 inscitiam.
723 1685 833 1735 Quid
855 1684 1093 1737 imperitius,
1115 1697 1234 1737 quam
1253 1683 1476 1723 existimare

26 1747 247 1800 primatum
265 1742 551 1783 ecclesiasticae
571 1741 818 1780 hierarchiae
837 1739 1011 1793 pendere
1025 1739 1076 1778 ab
1096 1739 1346 1791 imperatoris
1365 1738 1476 1776 arbi-

25 1802 107 1840 trio
126 1808 165 1840 et
185 1815 209 1840 a
242 1799 317 1839 loci
339 1798 530 1850 urbisque
549 1795 810 1849 amplitudine
838 1802 879 1833 et
898 1795 1130 1832 maiestate?
1178 1792 1287 1843 Quid
1309 1792 1476 1831 menda-

27 1856 127 1905 cius,
149 1870 271 1910 quam
287 1855 543 1907 imperatores
564 1852 870 1891 Constantinum
888 1862 1077 1902 magnum
1098 1848 1290 1900 aliosque,
1302 1847 1371 1899 qui
1390 1861 1476 1886 sce-

30 1918 120 1966 ptra
137 1913 253 1965 potiti
274 1917 368 1949 sunt
386 1922 515 1962 usque
531 1908 583 1947 ad
598 1913 777 1947 exortum
792 1903 974 1954 schisma,
994 1902 1476 1955 Constantinopolitanam

27 1966 237 2007 ecclesiam
252 1966 499 2018 superiorem
518 1964 655 2003 fecisse
667 1962 847 2000 Romana
856 1959 919 1999 vel
935 1961 1055 1998 etiam
1077 1959 1242 2011 parem?
1264 1957 1341 1996 Vel
1355 1959 1477 1998 unica

27 2021 238 2062 Iustiniani
279 2020 442 2060 Novella
474 2020 525 2058 de
551 2017 782 2058 Ecclesiast.
816 2016 877 2056 tit.
920 2019 960 2054 et
998 2014 1179 2067 privileg.
1223 2013 1477 2052 mendacium

27 2075 106 2116 hoe
133 2077 338 2118 evidenter
368 2076 570 2128 coarguit,
618 2073 689 2112 ubi
718 2074 869 2125 primae
898 2069 1132 2109 deferuntur
1162 2069 1342 2108 Romano
1372 2082 1476 2120 pon-

25 2132 144 2183 tifici,
190 2131 387 2173 secundae
430 2127 901 2181 Constantinopolitano:
957 2123 1169 2164 Sacrorum
1215 2124 1478 2163 conciliorum

26 2187 214 2241 dogmata
234 2189 349 2227 sicuti
376 2195 528 2226 sanctas
549 2186 762 2239 scripturas
793 2181 1009 2236 accipimus
1025 2210 1035 2227 ‚
1078 2180 1208 2233 inquit
1238 2180 1475 2232 imperator,

28 2243 192 2298 ideoque
215 2243 414 2282 sancimus
433 2241 639 2280 secundam
675 2251 816 2278 earum
836 2237 1079 2293 definitiones
1109 2234 1396 2274 sanctissimum
1417 2249 1477 2275 se-

28 2299 150 2337 nior-is
179 2299 328 2337 Romae
345 2311 500 2351 papam
518 2297 697 2350 primum
728 2307 807 2331 esse
848 2292 1024 2331 omnium
1071 2290 1338 2330 sacerdotum:
1383 2290 1477 2330 hea-

27 2354 219 2393 tissimum
245 2362 378 2392 autem
405 2349 790 2405 Constantinopoleos
823 2361 947 2386 novae
985 2347 1138 2386 Romae
1164 2345 1375 2383 secundum
1402 2346 1476 2384 Iza-

29 2408 116 2456 bere
149 2409 276 2448 locum
312 2415 404 2462 post
436 2415 615 2445 sanctam
651 2403 913 2459 apostolicam
941 2402 1111 2441 senioris
1151 2401 1299 2438 Romae
1331 2400 1474 2439 sedem.

28 2463 84 2502 Et
111 2465 151 2503 in
179 2462 375 2509 Novella,
410 2471 453 2501 uc
477 2461 639 2500 ecclesia
678 2460 858 2498 Romana
886 2466 1043 2497 centum
1072 2468 1266 2495 annorum
1302 2454 1478 2506 gaudeat

27 2520 346 2574 praescriptione,
375 2518 431 2557 sic
459 2516 639 2570 loquitur
667 2516 904 2568 imperator:
960 2511 1012 2552 Uc
1031 2512 1157 2564 legum
1189 2509 1378 2561 originem
1399 2524 1474 2548 an-

28 2574 149 2613 terior
177 2574 305 2614 Roma
331 2574 466 2612 sortita
486 2582 557 2621 est,
582 2571 643 2611 ita
671 2579 710 2609 cc
731 2569 876 2609 summi
898 2567 1151 2624 pontgfi'cacus
1174 2564 1326 2618 apicem
1359 2563 1477 2619 apud

31 2641 121 2668 eam
148 2643 238 2678 esse,
261 2643 374 2668 nemo
405 2636 460 2668 est
484 2628 555 2684 qui
583 2626 740 2666 dubitet.

140 2683 413 2723 Falsissimum
443 2697 566 2737 porro
596 2688 670 2731 est,
706 2679 814 2734 quod
847 2679 963 2718 Anna
990 2675 1101 2715 addit
1129 2673 1178 2713 de
1206 2673 1359 2729 synodo
1379 2671 1472 2711 Cal-

0 2733 3 2790 ζ
33 2737 299 2785 ohedoncnsi:
342 2738 498 2778 nullum
533 2739 640 2778 enim
676 2736 844 2778 verbum
873 2735 914 2773 in
943 2739 1027 2772 tota
1057 2729 1126 2770 illa
1157 2730 1310 2783 synodo
1332 2758 1342 2778 ‚
1386 2741 1467 2779 quo

0 2885 4 2997 ἐ

0 3046 4 3158 s
