1794 3158
350 135 456 201 542
851 153 1263 196 ANNo‘rAnoNEs

346 265 384 297 et
414 264 533 311 captu
563 256 713 295 scilicet
755 256 955 297 humanae
998 266 1176 296 naturae.
1199 258 1260 303 ‚Et
1299 273 1379 311 quo
1409 266 1523 311 pacto
1557 261 1774 302 secundnm

344 312 443 361 alia,
492 314 547 351 ita
575 314 694 351 etiam
718 313 934 351 secundum
965 309 1223 367 sapientiam,
1271 329 1349 367 qua
1377 315 1505 353 Deum
1533 317 1740 358 imitantur
1762 348 1775 367 ‚

343 369 526 407 homines
554 367 609 406 dii
638 368 772 406 vocari
797 382 869 407 suo
901 369 1063 407 modulo
1102 376 1281 421 possunt.
1338 370 1444 408 Vere
1471 378 1602 410 autem
1647 375 1777 413 omnis

344 431 482 462 nostra
527 422 666 475 sophia
708 436 787 460 non
828 425 904 462 nisi
951 424 1202 477 philosophia
1242 431 1329 473 est,
1385 426 1492 477 quod
1529 426 1778 482 Pythagoras

341 479 525 523 volebat,
553 479 621 530 qui
650 491 691 516 se
718 480 869 531 primus
897 493 978 518 non
1007 477 1156 531 σοφὸν,
1188 479 1255 516 sed
1292 478 1522 532 φιλόσοφον
1574 496 1658 521 esse
1702 485 1780 522 Le-

342 535 428 573 onti
455 533 723 572 Phliasiorum
754 541 925 587 tyranno
951 534 1170 587 respondit.
1229 534 1282 573 Et
1298 535 1633 586 quemadmodum
1660 553 1778 577 nemo

342 590 494 638 bonus,
513 589 586 627 nisi
606 587 712 628 solus
733 590 856 639 Deus,
878 591 934 629 sic
948 604 1065 629 nemo
1080 591 1249 642 sapiens,
1272 591 1347 628 nisi
1364 590 1470 628 solus
1491 591 1600 630 Deus
1614 622 1625 641 ,
1651 594 1778 633 idem-

341 658 420 699 que
446 645 684 696 sapientium
713 645 791 683 dux
822 652 860 684 et
888 647 1131 686 emendator.
1173 659 1345 685 PONTAN.

453 700 556 752 Pag.
580 713 646 749 20,
667 713 702 738 1.
732 700 1055 739 Ismaelicis.
1110 701 1189 738 Per
1221 699 1438 738 ismaelitas
1471 708 1569 754 puto
1611 702 1779 758 intelligi

344 755 518 804 Tureas,
556 756 626 807 qui
664 769 756 794 cum
796 769 817 793 e
862 755 993 796 Persis
1035 755 1220 806 oriundi,
1259 763 1299 794 et
1325 755 1471 794 Persae
1500 757 1550 795 ab
1582 758 1747 798 Ismaele
1767 758 1794 810 ‚¹

341 825 425 849 non
456 809 558 849 male
585 810 640 848 sic
674 809 941 863 appellantur.
972 825 1143 852 PONTAN.

455 865 556 918 Pag.
572 879 636 912 20,
655 865 692 906 3.
732 867 1009 904 centesimo
1062 866 1331 909 vicesimo,
1385 865 1531 906 Latina
1575 867 1782 908 translatio

342 935 423 960 non
455 921 577 960 habet
605 920 679 958 nisi
705 921 868 974 triginta
896 923 1040 973 capita.
1098 921 1283 960 Forsitan
1311 922 1502 960 sectiones
1529 925 1691 962 nomine
1717 936 1783 962 κε-

343 975 537 1029 φαλαίων
568 974 776 1028 intelligit,
807 990 979 1028 quarum
1006 978 1125 1015 unius
1153 976 1245 1015 libri
1277 975 1406 1015 solent
1432 990 1515 1016 esse
1540 992 1660 1030 quam
1692 978 1785 1033 plu-

343 1032 469 1070 rimae
489 1061 500 1081 ,
529 1038 575 1070 ut
605 1031 724 1070 etiam
752 1038 913 1070 nostrae
941 1032 1131 1071 historiae
1154 1037 1269 1070 erant
1287 1061 1299 1082 ,
1329 1045 1428 1084 quas
1457 1033 1498 1070 in
1527 1035 1658 1086 capita
1688 1048 1783 1074 con-

342 1087 588 1126 strinximus.
642 1086 845 1140 Scriptum
868 1094 925 1126 est
953 1095 1087 1127 autem
1116 1086 1193 1126 hoe
1221 1101 1308 1140 cap.
1326 1100 1364 1125 2.
1394 1099 1562 1126 PONTAN.

452 1142 558 1193 Pag.
579 1154 733 1191 22,12.
767 1157 942 1198 meque
986 1144 1218 1184 arbitro.
1284 1142 1427 1181 Nescio
1468 1144 1537 1195 qui
1578 1143 1621 1180 in
1666 1155 1785 1184 causa

343 1197 606 1237 ecclesiastica
633 1198 850 1250 imperator
878 1200 1054 1251 potuerit
1082 1212 1167 1237 esse
1193 1197 1323 1236 iudex.
1380 1196 1669 1236 Constantinus
1696 1200 1786 1252 qui-

342 1254 433 1292 dem
476 1267 644 1305 magnus
682 1254 886 1306 episcopos
927 1254 1015 1293 lites
1055 1267 1146 1292 suas
1186 1255 1292 1291 inter
1319 1266 1359 1290 se
1387 1252 1605 1292 diiudicare
1647 1254 1785 1305 iussit,

341 1323 457 1347 suum
489 1307 702 1346 arbitrium
734 1309 986 1361 interponere
1028 1308 1169 1349 noluit.
1226 1307 1319 1357 Sed,
1349 1315 1395 1346 ut
1422 1314 1513 1346 ante
1541 1310 1783 1358 monuimus,

343 1364 486 1405 Graeci
516 1364 824 1416 imperatoribus
854 1366 933 1402 suis
961 1364 1192 1409 adulantes,
1241 1363 1359 1401 nimis
1401 1377 1585 1415 magnam
1627 1365 1680 1402 eis
1712 1379 1786 1402 au-

342 1421 566 1458 ctoritatem
596 1426 886 1458 concesserunt.
915 1420 996 1469 Qui
1029 1417 1253 1470 exemplum
1275 1418 1511 1456 nominatim
1539 1419 1706 1472 quaerit,
1723 1418 1783 1459 le·

342 1481 409 1528 gat
422 1473 699 1512 Balsamonem
714 1476 756 1511 in
770 1473 973 1513 Canonem
993 1473 1062 1528 69.
1080 1474 1222 1527 synodi
1235 1481 1363 1512 sextae
1381 1473 1420 1510 in
1436 1473 1592 1512 Trullo.
1609 1488 1786 1515 PONTAN.

453 1530 556 1582 Pag.
579 1527 644 1578 24,
663 1528 701 1568 6.
734 1528 1019 1568 Palamam
1049 1538 1224 1567 autem
1252 1542 1362 1566 cum
1396 1528 1473 1566 sai
1502 1530 1786 1583 similihlus.

341 1584 405 1624 De
436 1585 712 1623 controversia
739 1584 953 1634 Barlaami,
986 1583 1191 1637 Aeindyni
1219 1590 1258 1621 et
1287 1581 1493 1632 Palamae,
1523 1586 1680 1637 copiose
1707 1587 1790 1638 egi-f

343 1654 434 1679 mus
467 1639 517 1678 ad
549 1640 669 1677 finem
708 1638 802 1677 libri
835 1639 1022 1686 secundi,
1074 1653 1154 1692 quo
1183 1638 1372 1676 lectorem
1415 1638 1544 1678 redire
1584 1641 1785 1692 cupimus,

343 1695 499 1748 quoties
529 1695 830 1733 Cantacuzenus
872 1695 1076 1733 Palamam
1100 1723 1112 1744 ,
1158 1693 1321 1746 eiusque
1356 1692 1546 1744 asseclas,
1582 1702 1790 1747 tamquam

344 1757 452 1790 recte
479 1751 706 1798 sentientes,
738 1749 941 1802 praedicat
970 1757 1008 1788 et
1028 1748 1193 1790 extollit.
1252 1749 1470 1787 Omisimus
1491 1762 1537 1788 eo
1566 1749 1666 1798 loco,
1687 1750 1792 1789 hanc

345 1805 545 1860 synodum
579 1804 770 1843 adversus
798 1805 1057 1858 Acindynum
1099 1804 1303 1843 occasione
1343 1804 1502 1842 Ioannis
1542 1806 1794 1857 patriarchae

345 1867 540 1900 coactam.
597 1859 714 1910 Quae
743 1860 775 1898 si
808 1861 857 1898 ad
888 1859 1063 1913 reliquas
1095 1859 1368 1912 adiungatur,
1411 1860 1492 1896 iam
1521 1873 1586 1899 sex
1619 1861 1792 1915 synodos

346 1929 467 1969 super
494 1915 765 1954 controversia
796 1915 845 1954 de
887 1916 1039 1955 lumine
1068 1914 1275 1954 Thaborio
1308 1921 1346 1953 et
1379 1913 1632 1955 distinctione
1660 1930 1792 1955 essen-

348 1973 429 2010 tiae
457 1971 707 2023 actionisque
737 1970 895 2010 divinae
925 1970 1176 2013 habebimus.
1233 1970 1423 2022 Quinque
1462 1971 1651 2022 quidem,
1691 1985 1794 2024 qua-

347 2041 439 2065 rum
467 2027 553 2080 ipse
572 2027 870 2065 Cantacuzenus
897 2027 1092 2073 meminit,
1120 2033 1158 2064 et
1186 2024 1303 2064 aliam
1321 2053 1333 2075 ,
1354 2024 1467 2063 cuius
1494 2024 1566 2067 lib.
1588 2040 1626 2065 2.
1652 2033 1794 2065 testem

347 2082 599 2121 laudavimus
627 2080 827 2120 Davidem
846 2082 1092 2121 Monachum
1121 2083 1163 2119 in
1192 2095 1264 2120 sua
1291 2079 1485 2118 relatione
1515 2081 1565 2120 de
1595 2081 1794 2136 d1scepta-

346 2137 456 2176 tione
484 2137 682 2175 Barlaami
712 2143 751 2175 et
779 2137 978 2176 Palamae.
1013 2149 1206 2175 GRETSER.

461 2192 562 2244 Pag.
581 2191 645 2240 28,
662 2191 703 2231 8.
733 2191 767 2229 S
775 2194 996 2231 catat-iu
1009 2205 1061 2229 m.
1118 2191 1156 2230 A
1190 2191 1362 2230 militum
1403 2189 1674 2229 scutariorum
1712 2195 1794 2228 sta-

349 2245 458 2286 tione
489 2248 544 2284 sic
573 2247 724 2285 dietum
752 2247 954 2286 scribitur.
986 2246 1164 2299 Quidam
1181 2253 1351 2300 putant,
1372 2244 1470 2284 olim
1498 2244 1646 2283 dictam
1665 2244 1794 2299 Chry-

350 2300 532 2355 sopolim.
560 2314 727 2341 PONTAN.

461 2357 566 2407 Pag.
593 2354 659 2402 28,
685 2354 746 2393 15.
790 2358 983 2395 stratis
1037 2357 1316 2410 tapetibus.
1388 2355 1478 2395 Mos
1530 2354 1794 2394 barbarorum

352 2410 628 2450 discumbendi
657 2411 778 2448 etiam
803 2411 938 2450 hodie.
1000 2413 1189 2452 Occurrit
1232 2412 1341 2451 locus
1372 2425 1418 2450 ex
1461 2424 1495 2449 1.
1527 2409 1698 2448 Aeneid.
1746 2410 1794 2448 de

354 2467 541 2505 convivio
573 2464 741 2504 Didonis
756 2479 768 2503 ε
829 2466 1101 2516 Conveniunt,
1150 2475 1343 2523 stratoque
1389 2479 1505 2521 supet·
1539 2464 1794 2503 discumbitur

354 2530 475 2561 ostro.
507 2534 676 2562 ponunt.

469 2575 578 2628 Pag.
598 2575 667 2625 28,
690 2588 751 2627 ¹7·
773 2569 979 2626 Ὀρχάνης
1009 2574 1088 2624 μὲν
1114 2571 1275 2625 ἔμεινεν
1303 2575 1374 2615 ἐπὶ
1397 2574 1472 2615 τοῦ
1499 2572 1794 2627 στρατοπέδου.

357 2632 406 2670 In
437 2632 620 2671 navibus.
651 2630 923 2678 catachresis,
956 2637 1002 2668 ut
1030 2644 1191 2670 rursum
1223 2631 1327 2670 infra
1347 2644 1436 2683 cap.
1459 2630 1523 2669 30.
1543 2660 1555 2680 ‚
1585 2629 1656 2667 ubi
1679 2628 1794 2684 plura

358 2685 554 2726 dicentur.
587 2699 762 2725 roNuN.

471 2740 653 2798 Pag.29‚
673 2739 737 2781 18.
765 2739 998 2796 Sophiae
1027 2741 1299 2795 templum.
1356 2740 1420 2780 De
1449 2740 1527 2780 hoc
1554 2737 1694 2779 eodem
1714 2743 1794 2779 tam
