1794 3158
299 147 406 219 392
861 161 1279 204 ANNo'rArioNEs
1348 165 1353 173 ³

300 267 504 316 odiosius;
541 279 635 306 nam
673 273 713 305 et
747 264 799 304 ab
829 263 924 302 odio
958 262 1071 315 palus
1098 261 1168 301 illa
1200 260 1382 301 fabulosa
1424 275 1570 302 nomen
1607 263 1744 303 babet.

300 323 513 374 Impatiens
562 329 618 359 est
660 321 830 358 iniuriae
882 317 1230 370 contumeliaeque
1279 316 1426 357 nobilis
1474 321 1663 367 animus,
1706 326 1747 358 et

298 376 496 415 nobilium
555 375 848 427 illustriumque
889 373 1101 413 hominum
1143 371 1378 427 plerumque
1429 374 1550 414 etiam
1590 373 1745 413 nobiles

304 433 445 470 animi.
475 443 646 469 ΡοΝτΑπ.

406 486 507 537 Pag.
537 483 605 534 46,
646 498 705 537 17·
735 478 932 534 δήσαντες
961 483 1027 521 Μ.

409 541 512 591 Pag.
539 537 609 588 47,
641 538 683 577 8.
708 545 747 576 et
765 551 807 590 9.
839 533 1079 586 ἀμύνεσθαι
1110 536 1167 578 Μ.

406 592 649 645 Pag.48‚2.
675 593 735 630 de
759 593 1023 631 veteribus
1051 590 1264 647 quidam
1294 601 1339 632 et
1371 607 1394 631 e
1426 599 1602 631 nostro
1630 592 1744 630 ovi-

298 651 341 689 li
369 650 588 702 sapiens.
647 646 836 686 Salomon
872 654 929 685 est
948 654 1037 697 1ste‚
1055 646 1246 686 Proverb.
1266 662 1352 700 cap.
1372 661 1385 686 1
1401 661 1431 687 ι.
1448 653 1488 686 et
1499 644 1566 696 24.
1621 645 1744 684 Vides

298 702 639 757 quemadmodum
666 709 802 755 tangat
841 716 973 740 sacras
1006 704 1254 754 scripturas?
1302 703 1407 741 Nam
1447 715 1470 740 e
1495 709 1624 740 nostro
1644 701 1750 739 ovili

296 766 354 798 est
378 757 423 796 ἐκ
459 756 535 808 τῆς
564 754 769 808 ἡμετέρας
805 754 948 807 αὐλῆς,
978 757 1086 808 apud
1119 757 1306 796 Ioannem
1336 771 1422 810 cap.
1440 769 1498 798 ιο.
1554 755 1742 794 Salomon

297 821 356 852 est
395 827 440 851 ex
472 818 618 850 nostro*
644 811 769 860 ovili,
796 812 891 863 quia
925 812 1056 850 Deum
1086 825 1227 850 verum
1251 841 1260 858 ‚
1298 826 1417 864 quem
1451 824 1524 849 nos
1559 811 1744 864 agnosci-

297 881 388 907 mus
427 874 465 905 et
498 866 688 915 colimus,
730 867 813 917 ipse
838 880 998 918 quoque
1030 867 1194 918 agnovit
1220 873 1260 904 et
1288 866 1424 905 coluit.
1453 879 1624 904 romum.

405 922 511 972 Pag.
533 920 602 970 48,
625 934 690 961 22.
722 914 926 971 ὁρμησθῶ
963 922 1018 960 Μ.
1062 935 1142 973 mg.
1176 934 1250 973 pro
1288 920 1331 969 ἐξ
1361 919 1492 960 αὐτοῦ
1519 919 1693 972 κινηθῶ.

408 976 513 1026 Pag.
532 974 598 1025 48,
622 975 690 1013 23.
723 974 816 1013 καθ’
849 972 923 1013 ἕνα
951 971 1103 1024 τρόπον
1131 977 1189 1018 Μ.

406 1031 511 1082 Pag.
535 1028 601 1082 49,
631 1044 664 1070 1.
699 1025 815 1068 πάντ’
846 1029 1069 1082 ἐφορῶντα
1091 1030 1150 1068 M.

409 1084 599 1136 Pag.49‚
624 1082 660 1122 5.
690 1084 836 1136 σφίσιν
866 1082 1007 1130 αὐτοῖς
1041 1085 1096 1125 Μ.
1125 1098 1207 1138 mg.
1241 1097 1314 1138 pro
1348 1079 1529 1131 ἑαυτοῖς.

409 1139 513 1190 Pag.
537 1140 605 1188 50,
629 1153 668 1191 7.
703 1135 895 1189 ἐχόμενοι
925 1140 983 1181 Μ.
1016 1153 1098 1192 mg.

409 1194 515 1245 Pag.
536 1192 605 1240 50,
632 1192 690 1231 16.
723 1191 856 1230 αὐτοῦ
887 1194 944 1231 Μ.

404 1249 509 1300 Pag.
529 1246 596 1294 50,
627 1247 687 1286 18.
717 1248 945 1285 λυσιτελεῖν
966 1243 1280 1301 ἐφθεγξάμεθα,
1314 1245 1536 1297 ἐδοκοῦμεν
1559 1249 1613 1289 Μ.
1639 1264 1740 1302 quo-

297 1319 390 1356 qne,
415 1303 535 1356 idque
560 1301 868 1342 restituendum.
908 1302 1001 1342 Vid.
1040 1302 1228 1357 Spengel.
1256 1304 1298 1342 in
1321 1302 1490 1344 Seebod.
1513 1303 1617 1344 Bibl.
1645 1305 1743 1345 Crit.

295 1374 331 1398 a.
367 1358 480 1410 1829.
508 1372 551 1410 p.
582 1357 677 1406 546.

406 1412 508 1464 Pag.
534 1410 597 1461 50,
621 1425 689 1450 22.
719 1409 824 1450 κατὰ
858 1411 937 1450 σοῦ’
961 1411 1021 1450 M.

404 1466 508 1518 Pczg.
533 1465 597 1514 50,
622 1465 687 1505 23.
717 1468 900 1504 ποιεῖται
923 1468 981 1505 Μ.
1017 1481 1097 1520 mg.
1129 1482 1203 1522 pro
1239 1470 1466 1509 σκοπεῖται.

400 1520 505 1574 Pag.
529 1521 598 1572 51,
626 1534 688 1559 10.
718 1517 823 1569 μετὰ
850 1516 1015 1572 γνώμην
1043 1525 1100 1564 Μ.

402 1575 507 1628 Pag.
529 1574 596 1625 52,
621 1574 662 1614 6.
697 1571 888 1627 θυγάτηρ
924 1573 1075 1622 δουκός
1109 1573 1205 1627 ντίμ
1232 1572 1483 1628 προυζουκῆ.
1542 1576 1646 1628 Quis
1672 1591 1745 1616 ne-

291 1637 357 1678 get
397 1629 463 1669 hic
503 1644 650 1668 nomen
700 1631 910 1682 proprium
951 1640 1189 1684 corruptum
1223 1636 1339 1670 esse?
1404 1633 1569 1671 Divinet
1612 1633 1737 1686 igitur

289 1684 415 1723 lector
450 1684 691 1724 vocabulum
726 1685 846 1724 huius
885 1685 1100 1739 principis:
1144 1701 1238 1725 nam
1271 1686 1381 1738 quod
1419 1689 1623 1740 sequitur,
1663 1702 1736 1726 no-

290 1753 381 1778 men
417 1745 475 1778 est
512 1741 741 1793 provinciae
772 1741 1102 1792 Brnnsnicensis,
1137 1749 1176 1780 et
1211 1741 1365 1780 dicetur
1399 1741 1480 1785 [lib.
1507 1756 1548 1781 2.
1582 1740 1669 1796 cap’.
1697 1742 1736 1786 5.

290 1795 500 1833 Germanis
529 1808 621 1833 cum
653 1796 960 1848 imperatoribus
981 1796 1433 1849 constantinopolitanis
1461 1797 1581 1836 fuisse
1603 1797 1737 1850 hospi-

287 1849 390 1886 tium
418 1856 457 1887 et
486 1850 718 1889 amicitiam.
778 1851 888 1889 Haec
918 1857 1052 1890 autem
1080 1851 1239 1897 mulier,
1276 1853 1391 1891 Irene
1417 1852 1541 1902 dicta,
1570 1853 1656 1892 sine
1683 1852 1736 1892 li·-

285 1901 393 1942 beris
425 1904 609 1956 decessit,
641 1906 689 1944 de
722 1919 803 1957 quo
835 1905 939 1943 infra
972 1919 1057 1959 cap.
1083 1908 1149 1956 40.
1182 1919 1350 1946 PONTAN.

394 1958 585 2011 Pag.53,
609 1961 674 2003 25.
709 1960 797 2006 πῶς
827 1962 884 1998 Μ.
916 1975 995 2013 mg.
1027 1975 1100 2013 pro
1132 1955 1259 2007 ὅπως.

392 2014 497 2065 Pag.
520 2014 588 2064 54,
613 2015 652 2053 3.
683 2013 999 2066 προσδοκῶντας
1029 2017 1088 2058 Μ.
1122 2023 1240 2055 recte.

394 2065 501 2120 Pag.
527 2067 596 2119 54,
626 2082 686 2122 ¹7·
719 2067 921 2121 ὃιηλέχθη
952 2070 1011 2109 Μ.
1042 2071 1181 2110 Scribe
1214 2068 1443 2123 διειλέχθη.

397 2122 496 2174 Pag.
519 2123 585 2174 54,
602 2138 670 2162 21.
705 2124 843 2163 Meto
856 2126 1035 2164 chites.
1089 2125 1201 2164 Erat·
1220 2134 1299 2163 tum
1313 2135 1452 2179 potens
1470 2125 1582 2179 apud
1603 2126 1732 2180 impe-

285 2183 454 2213 rator-em
495 2191 543 2215 ac
583 2192 715 2216 reram
755 2180 931 2217 omnium
979 2179 1203 2219 moderator
1230 2181 1456 2219 Metoclzites
1489 2181 1530 2219 T
1523 2181 1732 2231 lzeodorzes,

283 2228 475 2279 logotheta
501 2233 708 2283 generalzlv.
762 2233 830 2272 Sic
869 2243 997 2272 autem
1030 2235 1080 2272 ab
1109 2236 1343 2289 imperatore
1370 2236 1581 2274 amabatur
1598 2265 1608 2282 ‚
1639 2245 1729 2274 tan-

283 2283 541 2337 liquefiebat,
574 2296 615 2325 at
640 2288 790 2327 nullam
817 2289 900 2328 eius
925 2303 1114 2328 arcanam
1141 2291 1343 2342 ignoraret
1357 2320 1367 2339 ,
1397 2297 1472 2334 etc.
1531 2291 1731 2344 Gregoras

283 2335 353 2376 lib.
381 2353 421 2391 7.
456 2353 628 2383 PONTAN.

392 2392 496 2445 Pag.
525 2394 589 2442 54,
618 2410 682 2438 22.
715 2391 762 2442 ὃς
791 2395 1023 2448 μεσιτεύων
1059 2399 1138 2449 μὲν
1179 2395 1269 2439 τότε
1311 2399 1365 2453 τῇ
1397 2395 1599 2449 διοικήσει
1643 2398 1728 2438 τῶν

280 2444 508 2506 βασιλικῶν
545 2443 619 2500 ἦν,
651 2452 761 2503 quod
806 2467 938 2491 reram
965 2456 1139 2493 omnium
1171 2469 1250 2508 pro
1278 2457 1516 2508 imperatore
1542 2453 1728 2493 modera-

281 2508 427 2548 torem,
462 2515 531 2540 seu
566 2505 761 2544 vicarium
792 2508 1041 2561 imperatoris
1077 2510 1286 2548 transferri
1323 2522 1438 2560 posse
1478 2521 1559 2546 non
1607 2515 1724 2561 puto.

279 2553 441 2593 Etenim
469 2557 532 2594 isti
562 2557 811 2607 μεσάζοντες
849 2576 918 2600 seu
965 2561 1250 2612 μεσιτεύοντες
1282 2565 1366 2608 τοῖς
1405 2560 1623 2614 πράγμασι
1652 2561 1728 2602 τοῦ

278 2607 484 2656 βασιλέως
510 2625 579 2649 seu
606 2613 677 2664 τῆς
715 2615 944 2663 βασιλίδος,
980 2619 1100 2669 (nam
1127 2625 1167 2656 et
1197 2617 1264 2656 illa
1300 2631 1416 2655 suum
1443 2616 1613 2669 μεσίτην
1646 2617 1723 2656 ha-

278 2661 389 2710 buit,
430 2665 684 2705 mediatorem
710 2668 761 2705 ad
793 2671 991 2721 verbum,)
1028 2673 1217 2711 videntur
1238 2686 1320 2711 non
1354 2670 1422 2709 alii
1450 2671 1569 2710 fuisse
1598 2685 1723 2724 quam

278 2718 455 2770 magistri
497 2718 642 2772 aulae,
683 2721 967 2778 Hoff'meister,
1006 2734 1208 2767 curatores
1226 2756 1238 2780 ,
1279 2725 1472 2780 praefecti
1511 2733 1551 2765 et
1590 2726 1728 2766 admi-⁴
