1800 3164
299 175 368 209 σο
837 165 1213 211 ΟΑΝΤΑΟΗΖΕΝΙ

86 272 277 320 Α.Ο.ι347
295 274 378 314 τῶν
410 271 679 326 Χριστιανῶν
710 265 876 324 εἰρήνης
900 300 911 321 ,
942 264 1014 308 καί
1043 267 1125 308 τῶν
1166 266 1435 322 Ἰσμαηλιτῶν
1461 265 1742 322 α’ποσόβησις,

293 335 410 379 ἔσται
440 334 544 391 ὑπὲρ
575 338 650 391 τῆς
679 332 944 388 δικαιοσύνης
971 334 1050 374 τοῦ
1083 334 1190 374 λαοῦ
1221 332 1276 373 δι’
1304 330 1417 374 ἔλεον
1454 334 1528 374 τοῦ
1555 330 1742 387 ὑπηκόου

292 401 475 455 παντὸς,
509 401 567 450 ῶς
593 404 822 456 γέγραπται
851 399 896 440 ἐν
923 400 980 456 τῷ
1006 395 1214 454 ἑκατοστῷ
1232 399 1402 455 εἰκοστῷ
1422 398 1636 454 κεφαλαίῳ
1658 398 1743 439 τῶν
1792 452 1794 454 v

293 469 561 522 παροιμιῶν·
592 464 734 519 ,,ἔλεος
760 463 834 506 καί
871 459 1051 518 ἀλήθεια
1099 465 1275 519 τηροῦσι
1318 461 1392 505 τὸν
1420 463 1626 516 βασιλέα,
1668 460 1744 503 καί

1354 529 1416 547 '⁰25

254 532 631 588 (Ξστερεωθησεται
656 531 701 572 ἐν
732 528 975 586 δικαιοσύνῃ
1007 525 1027 569 ὃ
1058 526 1211 584 θρόνος
1240 530 1351 570 αύτο·
1377 560 1388 570 .
1471 529 1642 570 τοιαῦτα
1662 526 1779 580 μὲν5

291 596 451 653 ἔγραψε
473 598 546 638 καί
565 595 670 650 πρὸς
696 597 969 651 Ἰνιμπέρτον·
998 596 1132 637 ταῦτα
1166 596 1212 637 δὲ
1245 595 1346 649 ἡμῖν
1370 594 1446 635 οὐκ
1473 589 1638 648 ἆργῶς,
1669 589 1741 635 οὖ-

293 666 339 706 δὲ
368 662 551 718 ἀκαίρως
583 664 860 718 παρείληπται
887 660 993 716 πρὸς
1023 660 1101 717 την
1130 660 1348 715 ἱστορίαν,
1393 660 1480 702 ἀλλ’
1506 661 1743 703 ἵν’,ἐπιδεί-

291 734 451 782 ξωμεν,
484 730 542 778 ὠς
571 727 642 770 δια
672 730 756 770 τῶν
785 731 843 779 εἰς
875 730 1053 781 βασιλέα
1080 729 1256 775 τουτωνί
1297 729 1477 769 ἐπαίνων
1528 727 1741 782 μαρκέσης

291 797 486 851 ἐκωλύθη
513 794 572 850 μη
592 793 816 849 Ῥωμαίοις
834 793 965 852 στόλῳ
993 794 1158 852 μεγάλῳ
1193 795 1367 838 ἐπιέναι.
1423 792 1630 849 πρότερον
1657 791 1739 847 γὰρ

291 860 510 910 οἶκούοντες
538 862 638 917 περὶ
669 862 874 915 βασιλέως
903 859 1036 902 πολλοὶ
1076 859 1148 902 καί
1178 858 1316 912 δεινοὶ,
1340 856 1482 910 πάπας
1513 875 1558 901 τε
1587 857 1741 913 ὁμοίως

288 929 364 970 καί
391 926 430 969 οἱ
471 925 574 969 κατὰ
608 925 681 982 τὴν
706 925 889 970 Ἰταλίαν
922 926 1245 976 δυναστεύοντες
1273 927 1499 981 ἐπέτρεπον
1537 924 1612 981 τὴν
1639 923 1741 982 ἔφο-

291 996 363 1036 δον
391 996 450 1050 τῷ
481 994 681 1050 μαρκέσῃ.
728 990 820 1034 ἐπεῖ
848 994 893 1034 δὲ
920 991 971 1034 τὰ
999 991 1226 1047 γράμματα
1256 994 1389 1034 ταῦτα
1418 988 1492 1047 ἧκε
1524 990 1640 1047 παρὰ
1667 992 1740 1032 α’ν-

290 1058 389 1116 δρὸς
416 1060 556 1109 αὐτοῖς
583 1057 788 1115 α’ξιόχρεω
817 1058 922 1115 πρὸς
945 1061 1099 1112 πίστιν,
1119 1058 1161 1100 οἵ
1184 1075 1227 1101 τε
1253 1054 1369 1101 ἄλλοι
1391 1056 1651 1115 α’πηγόρευον
1667 1056 1742 1112 τὴν

291 1123 466 1182 ἔφοδον,
507 1124 578 1167 καί
614 1124 741 1174 αὐτὸς
778 1125 992 1180 μαρκέσης
1023 1124 1245 1181 ἠμβλύνθη
1281 1123 1355 1180 την
1383 1122 1548 1180 ὁρμὴν,
1580 1124 1631 1164 ού
1664 1121 1741 1177 τήν

1760 871 1800 900 10

248 1191 447 1248 Βᾶρετην
476 1190 606 1244 μόνον
637 1194 844 1245 βασιλέως
881 1193 1118 1246 αἰδεσθείς,
1166 1192 1257 1233 ἀλλ’
1277 1187 1357 1247 ἤδη
1385 1190 1457 1233 καί
1483 1188 1530 1232 τὸ
1561 1192 1669 1244 μέγα
1698 1182 1800 1230 τι15

289 1259 524 1313 κατορθοῦν
562 1256 874 1312 α’παγορεύσας,
918 1259 1125 1311 βασιλέως
1159 1253 1240 1312 ἤδη
1271 1256 1345 1312 την
1377 1254 1605 1310 σύμπασαν
1634 1255 1739 1297 Ῥω-

289 1326 429 1377 μαίων
470 1322 636 1378 ἔχοντος
680 1323 928 1379 ἡγεμονίαν,
969 1321 1016 1364 ὃν
1053 1325 1098 1365 ἐν
1134 1321 1398 1378 στρατηγίαις
1437 1325 1573 1377 μέγαν
1621 1319 1736 1376 παρὰ
1788 1327 1789 1330 ’

291 1386 458 1431 πάντων
499 1389 769 1431 ἐπυνθάνετο.
826 1391 980 1438 ἐκεῖνος
1017 1390 1096 1443 μὲν
1140 1384 1215 1431 οὖν
1257 1390 1303 1430 ἐκ
1334 1388 1493 1431 τούτων
1521 1386 1738 1442 ἐκωλύθη,

293 1458 367 1497 καί
394 1457 531 1498 διέλυε
559 1455 633 1510 τήν
660 1453 871 1512 στρατιάν.

166 1534 281 1578 Ρ,713
405 1520 453 1576 γ’.
510 1521 723 1571 Βασιλεύς
755 1523 824 1575 δὲ,
855 1521 949 1563 ἐπεὶ
974 1519 996 1563 ὅ
1029 1521 1293 1578 πατριάρχης
1316 1520 1509 1577 Ἰωάννης
1537 1524 1582 1564 ἐν
1612 1525 1737 1576 βασι·
1751 1527 1800 1556 ²0

150 1597 193 1633 V.
209 1599 276 1642 572
293 1590 419 1637 λείοις
450 1586 511 1630 ἔτι
543 1583 597 1643 ἧν
625 1586 846 1641 σχολάζων
879 1587 1005 1642 οἴκοι,
1044 1587 1150 1643 πρὸς
1186 1585 1315 1630 αύτὸν
1359 1586 1515 1630 ἐλθών.
1536 1587 1739 1644 προσηγό-
1796 1595 1797 1599 ’

249 1656 390 1711 Βρευέ
412 1669 454 1696 τε
484 1656 715 1710 προσηνῶς,
735 1653 894 1704 ,ἔπειτα
921 1657 994 1696 καί
1021 1654 1323 1711 ἀνεμιμνησκεν
1353 1648 1411 1697 ῶν
1436 1653 1545 1708 μετὰ
1570 1653 1643 1710 τὴν
1659 1658 1740 1709 βα-

386 1749 436 1783 ¹7·
455 1734 496 1774 ὃς
520 1738 558 1772 Ρ.
629 1749 685 1773 21.
700 1738 1006 1784 προσηγορεύετο
1020 1739 1070 1776 Μ.

292 1827 432 1849 summo
462 1816 539 1848 Deo
565 1815 721 1848 similem
748 1815 919 1848 reddidit.
970 1816 1042 1861 Ego
1070 1815 1181 1860 igitur
1208 1827 1270 1861 spe
1298 1816 1395 1850 bona
1422 1827 1522 1859 sum,
1544 1818 1738 1864 imperium

289 1862 400 1895 huius
427 1863 496 1895 viri
524 1862 740 1902 Christianis
766 1862 811 1895 ad
838 1874 986 1907 pacem,
1025 1863 1219 1896 Ismuc—litis
1249 1862 1293 1894 ad
1323 1863 1522 1908 repulsam,
1558 1870 1669 1911 atqne
1692 1865 1740 1898 ad

291 1909 472 1943 iustitiam
513 1914 548 1942 et
578 1908 865 1943 misericordiam
904 1909 974 1941 toti
1011 1910 1147 1953 populo
1183 1911 1216 1942 ei
1245 1909 1410 1943 subiecto
1451 1912 1640 1953 futurum,
1676 1914 1740 1954 (ut

291 1957 467 2000 scriptum
497 1961 552 1989 est
579 1956 778 1990 centesimo
809 1955 980 1988 vicesimo
1006 1959 1125 2000 capite
1156 1956 1466 2000 proverbiorum‚)
1488 1958 1735 1992 misericordia

292 2009 330 2036 et
355 2003 486 2035 veritas
513 2001 724 2035 custodiunt
749 2013 891 2046 regem,
927 2009 964 2036 et
988 2003 1190 2036 firmabitur
1216 2003 1254 2034 in
1282 2003 1421 2036 iustitia
1448 2004 1598 2037 thronus
1626 2005 1738 2039 cius.''

291 2050 392 2083 Haec
434 2049 497 2082 ilie
536 2049 644 2081 etiam
669 2049 716 2082 ad
748 2049 964 2083 imbertum:
1000 2060 1090 2094 quae
1116 2061 1189 2082 non
1221 2050 1353 2082 frustra
1390 2057 1454 2084 aut
1480 2052 1739 2097 intempestive

248 2103 253 2106 ·
293 2096 537 2136 inseruimus,
576 2093 640 2127 sed
674 2101 715 2129 ut
747 2107 811 2140 per
844 2095 1054 2130 huiusmodi
1096 2096 1342 2129 laudationem
1384 2098 1612 2143 imperatoris
1643 2110 1740 2132 mar·

293 2141 464 2175 ebionem
491 2153 511 2174 a
541 2141 710 2175 Romanis
740 2153 870 2187 magna
897 2144 1010 2176 classe
1037 2142 1251 2178 invadendis
1280 2154 1483 2188 repressum
1515 2145 1738 2179 doceremus.

293 2188 484 2234 Siquidem
523 2200 613 2232 papa
647 2194 685 2222 et
719 2189 903 2234 principes
930 2191 1085 2230 ltaliae,
1113 2202 1193 2223 cum
1221 2190 1334 2222 multa
1363 2196 1399 2224 et
1423 2191 1572 2236 indigna
1602 2188 1648 2226 de
1672 2194 1739 2227 illo
1796 2211 1800 2219 ·

294 2236 340 2268 ad
366 2246 426 2268 eos
452 2235 936 2279 perferrentur,marchioni
962 2237 1233 2280 expeditionem
1263 2238 1528 2276 commiserant.
1585 2240 1631 2273 At
1652 2250 1739 2274 vero

293 2283 411 2315 missis
438 2281 649 2314 huiusmodi
673 2282 805 2316 litteris
828 2282 874 2315 ab
900 2282 1069 2325 homine,
1095 2284 1152 2316 cui
1178 2283 1283 2317 fidem
1317 2285 1658 2320 accommodandam
1679 2287 1740 2319 iu·
1796 2287 1800 2295 “

295 2329 490 2369 dicabant,
521 2339 602 2361 cum
629 2334 831 2362 ceterorum
860 2331 1051 2363 consilium
1077 2330 1371 2371 ciusinvadendi
1406 2331 1450 2364 ad
1483 2333 1639 2366 nihilum
1673 2345 1738 2368 ve-

293 2377 374 2415 nit,
402 2380 476 2408 tum
505 2375 725 2409 marchionis
752 2377 910 2420 impetus
936 2377 1118 2422 elanguit,
1145 2379 1207 2423 qui
1230 2389 1303 2411 non
1330 2379 1446 2411 solum
1474 2380 1643 2413 virtutem
1669 2382 1738 2414 im-

293 2423 474 2467 peratoris
509 2428 756 2462 revereretur,
788 2422 852 2456 sed
883 2422 992 2456 etiam
1026 2424 1214 2469 quippiam
1238 2426 1418 2468 egregium
1447 2425 1546 2459 felici
1572 2438 1738 2461 successu

297 2470 369 2503 iam
396 2479 432 2501 se
459 2469 639 2502 facturum
671 2469 898 2514 desperaret:
926 2471 1223 2516 quandoquidem
1249 2473 1447 2515 imperator
1470 2484 1566 2506 nunc
1592 2485 1635 2507 ex
1660 2484 1739 2508 asse

295 2516 436 2561 potitus
458 2515 791 2562 imperio,insuper
816 2522 857 2550 ut
881 2516 954 2550 dux
980 2517 1254 2562 probatissimus
1278 2518 1349 2550 sibi
1375 2518 1420 2551 ab
1445 2519 1614 2552 omnibus
1631 2532 1738 2565 prae-
1796 2546 1800 2554 .

296 2563 490 2596 dicaretur.
548 2562 612 2594 His
651 2562 695 2597 de
736 2565 852 2597 causis
888 2564 953 2597 ille
988 2570 1117 2610 coepta
1158 2565 1354 2599 intermisit
1385 2570 1422 2599 et
1446 2566 1622 2601 exercitui
1645 2569 1736 2602 mis-

292 2611 432 2644 sionem
457 2609 571 2642 dedit.

386 2657 417 2690 3.
468 2657 669 2700 Imperator
695 2661 834 2697 autem,
861 2658 1034 2702 quoniam
1060 2658 1213 2690 Ioannes
1233 2657 1436 2702 patriarcha
1461 2659 1578 2694 adhuc
1605 2661 1643 2694 in
1670 2671 1736 2706 pa-

292 2703 383 2738 latio
417 2702 626 2736 morabatur
674 2709 824 2749 eratque
858 2715 1013 2745 vacuus,
1039 2705 1157 2750 ipsum
1181 2705 1281 2745 adit,
1317 2706 1458 2749 placide
1502 2707 1657 2748 salutat,
1694 2709 1734 2741 in

291 2751 505 2785 memoriam
531 2750 663 2795 redigit
681 2775 691 2791 ,
714 2761 808 2795 quae
832 2756 916 2796 post
940 2751 1167 2799 imperatoris
1193 2752 1332 2787 obitum
1357 2758 1441 2787 ante
1472 2752 1562 2788 belli
1586 2751 1735 2789 exordia
