1794 3158
418 104 493 146 An
532 106 903 149 CANTAcqum
942 107 1041 146 Lm.
1074 109 1108 146 1.
1379 87 1493 156 423

53 220 166 258 mes,
195 220 271 245 vox
300 205 491 246 Italorum
517 215 590 247 est.
651 206 858 261 Principes
885 196 1024 246 autem*
1043 206 1267 247 Sahaudiae
1310 214 1395 247 tum
1425 223 1494 248 co—

53 263 170 314 mites
205 261 302 300 dicti
344 269 451 300 sunt.
506 262 612 301 Vide
639 263 842 302 Lamberti
872 262 1170 302 Vanderburhii
1213 263 1494 303 sabaudorum

53 317 203 358 ducum
232 316 537 370 principumque
564 317 800 370 gentilitiam
827 318 1048 358 historiam.
1079 331 1255 357 PONTAN.

164 369 455 426 Pag.194,22.
483 373 627 424 filio
644 373 896 428 filiaque
937 373 1304 428 superstitibus
1332 389 1354 412 e
1381 375 1494 414 vita

51 426 314 479 migrasse,
373 427 450 465 Hic
482 427 556 466 fuit
585 428 785 467 Amadeus
818 428 892 466 1V.
912 457 924 477 ,
965 429 1112 480 qui‘ex
1141 429 1312 467 secunda
1340 443 1491 479 uxore,

52 480 181 527 Maria
195 481 393 521 Brabanta
411 510 423 531 ‚
444 483 602 522 loannis
616 513 626 530 ‚
647 483 883 522 Brabantiae
903 483 1015 522 ducis
1044 485 1128 522 eius
1157 484 1329 523 nominis
1357 485 1494 537 primi,

49 534 157 588 filia,
200 536 359 576 sustulit
387 537 553 576 feminas
581 539 781 591 quinque,
825 539 1018 588 Mariam,
1053 538 1334 588 Catharinam,
1377 541 1495 579 loan-

50 603 145 630 nam
175 605 244 630 seu
274 592 435 643 Ianam,
467 595 618 645 (quain
647 593 905 631 Andronicus
933 594 1068 631 iunior
1095 594 1208 632 duxit
1265 601 1305 632 et
1335 596 1496 634 Annam

49 644 290 698 appellavit,
317 654 416 687 teste
454 648 681 699 Gregora,)
722 649 968 696 Beatricem‚
1010 647 1215 687 Blancam.
1272 649 1332 687 Ex
1365 652 1497 703 priore

51 708 186 739 autem
203 730 214 751 ‚
236 701 389 755 Sibylla
422 702 613 741 Bressana
637 732 648 752 ,
675 711 833 755 praeter
861 710 1035 756 quatuor
1067 703 1165 742 filias
1183 733 1195 753 ,
1222 703 1463 744 Eleonoram
1483 736 1495 756 ,

50 755 322 809 Margaretam
339 786 351 804 ,
383 756 542 810 Agnem
558 786 569 808 ‚
607 758 756 796 Bonam
775 788 786 808 ‚
824 757 924 797 filios
952 765 1055 803 tres,
1084 757 1324 797 Eduardum
1340 789 1351 810 ,
1369 762 1495 799 Ama-

53 809 172 849 deum
191 840 202 859 ,
233 811 436 852 Ioannem.
493 814 643 851 Mirum
672 827 782 862 vero,
798 828 820 852 e
847 820 908 851 tot
934 812 1071 852 liberis
1100 827 1239 852 omnes
1266 821 1352 852 tum
1379 830 1497 868 prae-

52 871 116 904 ter
153 879 304 905 marem
338 881 467 907 unum
513 875 552 906 et
593 882 715 906 unam
748 868 938 907 feminam
981 868 1102 908 fuisse
1130 875 1324 908 mortuos.
1381 872 1498 910 Certe

51 919 158 960 infra
190 921 230 960 in
266 923 416 975 nuptiis
445 924 618 962 Ioannae
647 922 797 963 nullius
827 924 869 962 fit
898 924 1062 962 mentio.
1092 938 1266 962 PONTAN.

160 975 431 1031 Pag.195,4.
460 979 690 1018 Ioannes
723 978 784 1017 de
817 979 1038 1033 Tzeplet.
1066 979 1252 1017 Nizuiarn
1281 992 1326 1016 ex
1357 979 1497 1025 Italico

50 1029 208 1070 Giovan
238 1041 475 1085 corruptum
505 1047 550 1072 ex
571 1040 761 1086 corrupto
781 1063 791 1083 ,
822 1036 974 1072 mutavi
1003 1036 1042 1072 in
1073 1033 1360 1083 Ioannes,hoc
1389 1036 1497 1073 enim

49 1098 192 1125 verum
218 1088 304 1126 eius
334 1101 480 1127 nomen
509 1089 600 1127 fuit.
660 1088 828 1127 Invenio
862 1096 901 1127 et
939 1087 1017 1127 alia
1045 1088 1226 1128 similiter
1261 1103 1306 1127 ex
1348 1089 1498 1128 Italicis

49 1140 131 1179 iam
176 1155 199 1181 e
234 1142 379 1181 Latino
411 1142 662 1196 depravatis,
701 1157 724 1182 a
755 1144 1042 1182 recentioribus
1081 1145 1244 1182 Graecis
1273 1145 1399 1196 magis
1427 1145 1497 1183 de·-

46 1202 245 1249 pravata,
298 1211 402 1249 quae
429 1199 563 1251 qualia
596 1199 770 1251 primum
798 1198 974 1245 fuerint,
1007 1199 1202 1237 coniicere
1231 1213 1311 1236 non
1343 1213 1499 1251 semper

47 1251 177 1303 potui.
231 1251 396 1305 Tzeplet
422 1253 498 1293 loci
527 1268 673 1292 nomen
705 1260 765 1292 est
785 1283 796 1303 ‚
828 1254 1004 1292 fortassis
1031 1255 1071 1292 in
1097 1254 1245 1307 Cypro.
1302 1253 1499 1306 Exempla

46 1307 302 1359 propriorum
316 1337 327 1355 ‚
348 1316 392 1347 ut
422 1316 609 1362 apparet,
639 1315 922 1361 corruptorum
948 1315 1040 1347 sunt
1062 1308 1275 1361 Mpenetus
1289 1339 1300 1360 ‚
1320 1323 1394 1361 pro
1417 1324 1498 1361 quo

47 1361 179 1406 scribo
195 1362 445 1402 Benedictus.
478 1365 580 1402 Nam
601 1371 781 1402 recentes
795 1364 935 1402 Graeci
966 1364 989 1402 b
1015 1371 1172 1402 mutant
1189 1365 1227 1402 in
1251 1378 1301 1417 p,
1325 1372 1363 1402 et
1381 1379 1498 1416 prae-

43 1425 202 1470 ponunt
230 1431 294 1456 m:
317 1432 363 1456 ex
397 1419 614 1458 Benedetto
645 1419 767 1471 igitur
784 1418 924 1457 italico
947 1419 1093 1457 faciunt
1107 1420 1334 1472 Mpenetus.
1385 1421 1495 1469 Quid

44 1473 125 1510 sint
161 1472 450 1526 Mpogdamus,
479 1475 734 1527 Mpelaoxus,
779 1473 1016 1526 Mpratilus,
1055 1475 1283 1527 Mpozices‚
1312 1475 1495 1526 Mpovii,

42 1526 190 1566 nescio.
223 1529 288 1568 Sic
310 1537 447 1568 amant
476 1537 514 1568 et
541 1531 581 1567 in
613 1528 702 1567 aliis
730 1537 992 1568 consonantes
1017 1543 1072 1579 n,
1102 1538 1136 1578 t,
1172 1544 1195 1567 z
1225 1543 1494 1581 praeponere:

42 1581 226 1634 Ntzuau‚
257 1583 464 1623 Ntuardus
499 1586 620 1637 (puto
648 1591 803 1622 rectum
840 1598 923 1622 esse
949 1583 1494 1636 Eduardus‚)Tzephraetis.

43 1650 216 1678 roxum.
270 1633 508 1687 ντζουϊάντε
536 1641 595 1678 Μ.
632 1639 744 1677 ldem
770 1652 914 1677 nomen
946 1638 1135 1678 scribitur
1162 1654 1204 1692 p.
1218 1637 1316 1689 484.
1349 1637 1496 1687 ντζου-

44 1688 99 1732 dv
117 1722 129 1741 ‚
150 1707 191 1746 p.
207 1694 302 1747 490.
318 1691 535 1745 ντζιουὰν,
561 1694 630 1732 ubi
662 1700 796 1732 tamen
824 1695 882 1737 M,
906 1689 1083 1741 ντζουὰν
1099 1723 1110 1744 ,
1132 1708 1175 1746 p.
1190 1694 1281 1746 493.
1306 1690 1496 1741 ντζι-ωοὶν.

151 1749 256 1801 Pag.
274 1748 416 1802 195,6.
448 1750 502 1787 in
535 1749 805 1787 Sabaudia
817 1763 868 1786 m.
906 1747 998 1786 Hoc
1017 1756 1216 1802 tempore,
1247 1750 1377 1802 inquit
1393 1750 1495 1786 Gre—

43 1815 185 1857 goras,
211 1818 301 1842 cum
322 1803 552 1843 Alemanna
578 1804 699 1842 Irene
712 1834 722 1851 ‚
751 1804 918 1842 iunioris
953 1804 1205 1856 impet-acoris
1232 1818 1363 1854 uxor,
1402 1804 1494 1842 abs-

41 1872 117 1912 que
143 1857 280 1898 liberis
303 1859 541 1908 decessisset,
566 1860 734 1897 alteram
759 1872 780 1896 e
818 1858 1099 1910 Longobardia
1144 1859 1317 1897 accersit.
1359 1859 1495 1908 Quam

42 1913 218 1953 falsum!
252 1913 496 1953 Lombardia
526 1921 567 1954 et
597 1913 799 1955 sabaudia
830 1912 1034 1952 differunt.
1061 1926 1238 1952 PONTAN.

152 1968 420 2023 Pag.195‚7.
452 1965 510 2015 ὥς
538 1969 633 2007 add.
668 1970 727 2009 M.
757 1975 850 2007 ante
879 1967 918 2008 εἰ
940 1965 1014 2021 μὴ.

152 2023 258 2077 Pag.
277 2024 423 2078 196‚9.
456 2020 744 2078 φεβρουαριόυ
774 2025 832 2062 Μ.

154 2078 259 2132 Pag.
281 2079 370 2133 196,
391 2094 449 2122 ιο,
477 2079 538 2117 ab
574 2093 672 2117 avo
694 2080 745 2117 in
771 2079 900 2118 aede
941 2079 1185 2135 Sophiae.
1241 2077 1399 2117 Accidit
1421 2093 1495 2117 au-

40 2142 142 2183 tem,
164 2142 208 2173 ut
238 2143 396 2189 utroque
425 2136 667 2188 imperatore
693 2148 741 2172 ea
770 2134 821 2173 de
852 2144 983 2173 ‘creusa
1013 2135 1081 2185 (ob
1109 2135 1422 2185 coronationem)
1451 2135 1494 2172 ite

42 2202 230 2241 magnum
261 2189 391 2228 divini
413 2189 537 2228 Verbi
553 2189 783 2243 Sapientiae
808 2190 995 2243 templum
1020 2190 1179 2228 abeunti
1192 2220 1204 2239 ,
1233 2191 1365 2228 senior
1381 2190 1495 2242 lapso

42 2257 139 2299 equo
171 2245 215 2282 in
243 2258 368 2283 caeno
389 2259 444 2283 ex
460 2245 604 2298 pluvia
630 2244 788 2283 collecto
814 2244 1040 2287 concideret.
1075 2246 1287 2298 Gregoras.
1316 2257 1490 2286 PONTAN.

154 2299 262 2352 Pag.
283 2299 372 2353 195,
395 2313 456 2338 11.
484 2298 675 2350 πρέσβεις
699 2299 756 2341 Μ.

153 2354 365 2407 Pag.196‚
391 2368 450 2394 11.
483 2355 840 2407 imperatoria
882 2355 1133 2394 initiatio
1184 2354 1287 2392 tali
1330 2354 1489 2393 modo.

42 2409 209 2462 Scripsit
238 2411 359 2449 etiam
400 2408 644 2461 Curopalata
686 2409 736 2448 de
780 2412 1038 2449 coronatione
1067 2408 1347 2462 imperatoris,
1378 2422 1490 2446 sum-

23 2466 200 2517 ‚psitque
230 2465 281 2504 ad
313 2463 482 2504 verbum
512 2464 703 2517 pleraque
732 2479 777 2503 ex
811 2465 1106 2504 Cantaeuzeno.
1143 2463 1254 2502 Vixit
1280 2465 1388 2502 enim
1418 2462 1489 2502 illo

42 2521 265 2572 posterior,
297 2534 442 2572 nempe
470 2520 546 2558 sub
562 2518 763 2570 Manuele,
795 2519 1018 2558 Andronici
1047 2519 1216 2558 iunioris
1241 2525 1399 2571 nepote.
1426 2518 1487 2556 Ex

41 2588 125 2627 quo
152 2574 345 2614 nonnulla
386 2574 437 2614 ad
466 2574 564 2613 haec
592 2581 726 2614 nostra
769 2574 1004 2614 illustranda
1034 2582 1225 2627 petemus.
1254 2587 1427 2613 romum.

150 2630 255 2681 Pag.
275 2630 365 2683 196,
389 2630 452 2670 18.
479 2644 638 2684 super
658 2639 849 2670 scutum
876 2632 1098 2672 elevato.
1129 2628 1343 2679 Quomodo
1372 2642 1484 2666 exer-

43 2684 142 2726 citus
156 2684 361 2725 Romanus
387 2686 616 2740 quempiam
647 2685 925 2741 imperatorem
956 2685 1132 2726 salutans
1151 2714 1160 2732 ‚
1193 2685 1227 2724 ci
1258 2698 1376 2737 supra
1394 2696 1483 2721 scu-
