1800 3164
276 171 295 206 1
310 151 340 207 5
350 173 379 207 α
803 170 1177 214 CANTAcUzmi

61 284 137 325 Ac
168 285 254 320 1350
268 270 433 324 πόλεις,
479 267 556 314 οὔκ
596 272 789 326 ἐβούλετο
829 274 876 313 δὲ
905 271 1180 326 ἀποδιδόναι,
1219 272 1309 327 ἀλλ’
1344 273 1477 314 ἐδεῖτο
1509 275 1716 327 βασιλέως

265 339 347 380 τῶν
389 339 449 387 εἰς
492 337 625 380 αὐτόν
668 340 948 392 γεγενημένων
985 336 1407 394 α’πομνημονεύοντα,
1450 339 1610 394 ταύτην
1636 338 1718 394 τήν

261 403 393 459 χάριν
424 403 718 456 καταθέσθαι,
754 402 799 445 τὸ
833 402 1020 457 ’ἔχοντας
1060 401 1276 461 ἑκάτερον,
1299 402 1348 445 ἃ
1389 402 1559 458 ἔχουσιν
1587 407 1633 447 ἐν
1661 407 1719 462 τῷ·

264 467 461 525 παρόντι,
493 469 692 511 τίθεσθαι
724 469 919 519 σπονδάς.
983 473 1191 524 βασιλέως
1220 471 1268 513 δὲ
1303 470 1404 512 οὐδὲ
1439 472 1522 513 τῶν
1555 475 1718 528 φαυλο-

264 533 398 578 τάτων
430 535 600 584 ου’δενὸς
627 537 1008 591 παραχωροῦντος,
1042 535 1303 591 διελύθησαν
1331 534 1589 590 οἱσύμβατοι.
1649 531 1787 579 καίὅεῖ

267 600 445 656 Κροίλης
471 603 550 653 μὲν
579 602 640 650 εἰς
666 598 713 643 τὸ
741 600 1054 656 στρατόπεδον,
1099 601 1303 656 βασιλεὺς
1332 603 1379 644 δὲ
1408 603 1467 651 εἰς
1494 601 1571 658 τήν
1597 600 1721 646 πόλιν
1751 592 1759 599 ”

267 669 508 721 ἐπανῆλθον
530 699 542 721 ,
585 669 647 716 εἰς
687 665 762 724 τήν
799 667 1033 725 ’ὑστεραίαν
1067 665 1197 718 αὖθις
1225 666 1568 723 ἐπαγγειλάμενοι
1596 666 1722 723 α’λλή-

229 738 357 782 (ζλοις
386 738 626 787 συντυχεῖν.
681 735 755 775 καί
781 735 825 783 ἐς
851 734 929 790 τήν
967 732 1198 789 ὑστεραίαν
1229 731 1528 788 συνελθόντες,
1573 734 1722 790 λόγους

266 800 487 841 ἐποιοῦντο
518 799 618 854 περὶ
642 801 724 843 τῶν
751 796 921 854 ὁμοίων,
955 799 1029 842 καί
1057 797 1153 843 οὕτε
1185 799 1386 855 βασιλεὺς
1412 798 1512 855 περὶ
1534 803 1619 842 τῶν
1647 817 1722 842 κα-

265 867 502 918 τεχομένων
531 866 718 908 ἐνεδίδου
751 865 933 919 πόλεων,
980 862 1072 908 οὔθ’
1120 867 1142 908 ὁ
1174 867 1347 922 Κράλης
1378 863 1580 920 ὑπέμενεν
1621 865 1793 923 ἀφί-Ισ

265 933 463 974 στασθαι.
523 930 662 972 καίτοι
691 946 736 985 γε
764 930 878 986 ἔλεγε
908 930 1111 987 Κράλης,
1129 982 1133 986 .
1154 934 1199 982 ἐς
1230 934 1428 974 τοσοῦτον
1470 933 1593 982 δέους
1618 931 1726 988 πρὸς

263 999 442 1049 βασιλέα
471 997 755 1051 καθεστάναι,
784 996 840 1048 ὡς
869 998 944 1040 καί
968 1000 1012 1040 ἐν
1043 998 1220 1053 ὀνείροις
1262 997 1306 1040 εἴ
1341 1013 1441 1043 ποτε
1470 997 1576 1056 ὅρᾷν
1612 1014 1724 1051 συμ-

266 1064 369 1117 βαίη
392 1094 403 1116 ,
434 1064 511 1104 τοῦ
551 1059 685 1105 ὕπνου
717 1063 987 1119 ἀφίστασθαι
1028 1064 1211 1117 αὐτίκα,
1256 1065 1330 1106 καί
1370 1066 1469 1120 πρίν
1508 1067 1726 1121 ληφθῆναι

267 1125 400 1185 ὕπνῳ,
430 1122 589 1170 ἄϋπνον
621 1128 971 1185 διανυκτερεύειν,
1002 1131 1042 1172 εἰ
1059 1130 1260 1184 λογίζοιτο
1287 1128 1386 1184 περὶ
1411 1131 1587 1183 ἐκείνου,
1614 1126 1725 1179 ὅπως

206 1192 210 1197 ’
266 1193 352 1249 χρή
383 1198 604 1248 πολεμεῖν,
635 1197 682 1238 ἑν
705 1195 876 1251 ἀπόροις
903 1195 988 1238 ὑπὸ
1020 1198 1143 1245 δέους
1169 1194 1398 1246 καθεστώς.
1433 1196 1483 1238 οὖ
1511 1195 1597 1251 μὴν
1624 1196 1722 1238 οὐδὲ
1742 1194 1797 1242 ιὸᾳ

267 1258 372 1317 πρὸς
396 1260 494 1310 τούς
522 1259 602 1312 ἔξω
634 1261 681 1303 τὸ
715 1260 852 1311 πάθος
881 1261 1163 1318 ἀπεκρύπτετο
1180 1295 1193 1315 ,
1236 1259 1327 1304 ἀλλ’
1367 1260 1612 1319 α’ναφανδὸν
1653 1262 1727 1304 καί

268 1326 374 1381 πρὸς
411 1327 646 1382 Τριβαλούς
691 1329 765 1370 καί
807 1328 1044 1382 Ῥωμαίους
1084 1327 1180 1378 τοὺς
1219 1328 1425 1378 συνόντας
1463 1330 1624 1385 μηδένα
1651 1328 1726 1370 α’ν-

267 1390 452 1446 θρώπων
481 1392 593 1447 ἔλεγε
625 1391 694 1436 διὰ
725 1394 850 1448 βίου,
881 1393 985 1449 μήτε
1021 1393 1235 1450 πρότερον,
1253 1394 1359 1450 μήθ’
1385 1392 1562 1451 ὕστερον
1583 1393 1723 1450 ὥσπερ

222 1458 621 1513 ΒΚαντακουζηνὸν
665 1457 739 1501 τὸν
780 1462 958 1513 βασιλέα
1006 1462 1298 1513 ἐκπεπλῆχθαι
1345 1460 1419 1502 καὶ
1475 1460 1726 1503 δεδοικέναι.

267 1527 341 1567 καί
368 1526 413 1566 ἐν
439 1525 492 1581 τῇ
524 1526 728 1580 συνουσία
757 1526 805 1565 δὲ
833 1525 967 1580 ἐκείνῃ
985 1556 996 1577 ,
1028 1526 1231 1578 ἐρομένου
1266 1526 1489 1577 βασιλέως,
1519 1520 1618 1566 ὅτου
1642 1523 1724 1577 χά-
1739 1535 1800 1576 ²⁶!

270 1606 339 1646 ριν
369 1587 581 1644 τοσαύτην
621 1589 884 1641 ὑπομείνειεν
926 1587 1131 1642 αἰσχύνην
1168 1594 1255 1637 τοῖς
1295 1591 1369 1645 τῆς
1399 1590 1598 1638 Βενετιάς
1625 1592 1726 1642 βου-

267 1659 437 1704 λευταῖς
477 1658 789 1708 συγκαταλέξας
832 1651 1009 1707 ἑαυτὸν,
1035 1654 1207 1707 μείζονα
1251 1654 1325 1696 καί
1363 1657 1726 1710 περιψανεστέραν

267 1721 519 1775 συμπάντων
547 1719 717 1764 ἐκείνων
746 1719 856 1774 ἔχων
886 1719 1015 1770 αὐτὸς
1050 1716 1189 1775 ‹impp›
1205 1754 1218 1773 ‚
1251 1719 1323 1762 διιὶ
1350 1719 1424 1777 τὸν
1455 1721 1616 1762 ἐκείνου
1647 1723 1724 1778 φύε

263 1856 392 1891 parum
415 1848 573 1879 sanctam
596 1843 791 1884 habuisse,
827 1848 1026 1889 contraque
1064 1842 1192 1876 foedus
1219 1845 1461 1878 Romanorum
1489 1845 1624 1892 oppida
1661 1857 1724 1880 oc-

265 1903 439 1939 cupasse:
479 1903 547 1925 nee
571 1891 764 1925 tamen-ad
794 1891 1019 1924 reddendum
1047 1890 1297 1934 propendere,
1332 1892 1396 1925 sed
1422 1902 1548 1934 orare,
1594 1893 1724 1927 collata

265 1941 305 1976 in
331 1951 368 1974 se
395 1939 575 1977 beneficia
600 1938 698 1983 apud
723 1939 886 1972 animum
914 1937 1104 1977 recoleret,
1133 1943 1168 1970 et
1194 1937 1288 1971 hanc
1309 1938 1381 1972 sibi
1407 1940 1560 1984 gratiam
1585 1941 1726 1985 persol-
1784 1937 1800 1966 «’

264 1993 385 2026 veret,
418 1991 480 2028 ut,
506 1985 683 2019 ambobus
709 1984 954 2019 retinentibus
983 1983 1082 2029 quod
1107 1983 1308 2024 haberent,
1337 1987 1388 2019 ita
1414 1985 1559 2019 demum
1593 1987 1724 2021 foedus

263 2035 426 2070 ferirent.
492 2033 580 2066 Cum
622 2032 718 2066 nihil
755 2032 815 2065 vel
849 2032 1041 2065 minimum
1082 2031 1370 2071 concederetur,
1409 2043 1446 2064 re
1487 2035 1725 2078 imperfecta,

265 2081 388 2114 Crales
417 2080 456 2112 in
483 2087 624 2119 castra,
647 2080 845 2123 imperator
871 2080 908 2111 in
935 2077 1062 2112 urbem
1088 2078 1209 2113 rediit.
1274 2078 1450 2112 Postridie
1497 2079 1642 2122 denuo,
1682 2086 1726 2116 ut

262 2128 359 2160 inter
384 2138 422 2160 se
448 2126 608 2172 polliciti
632 2131 759 2166 erant,
790 2125 1032 2164 conveniunt,
1062 2124 1263 2170 cademque
1288 2125 1491 2166 iterantur,
1531 2132 1568 2159 et
1602 2139 1725 2173 neque,

262 2174 461 2218 imperator
485 2173 531 2206 de
557 2173 777 2217 repetitione
801 2171 948 2206 urbium
983 2176 1238 2216 occupatarum
1273 2172 1476 2218 quidquam
1512 2175 1724 2216 remittere,

262 2230 385 2266 neque
411 2219 532 2261 Crales
557 2230 615 2252 eas
640 2219 817 2260 reddere,
857 2229 1065 2263 quanquam
1102 2219 1264 2259 diceret,
1302 2224 1445 2253 tantum
1487 2231 1524 2253 se
1552 2223 1722 2258 timorem

263 2267 493 2311 imperatoris
520 2267 751 2310 concepisse,
792 2270 832 2299 ut
858 2269 967 2298 etiam
998 2265 1028 2298 si
1055 2277 1116 2309 per
1143 2267 1322 2299 somnium
1349 2264 1431 2299 eum
1458 2266 1625 2310 videret,
1649 2273 1723 2301 sta-

261 2314 329 2347 tim
356 2313 686 2358 expergisceretur,
711 2317 771 2351 et,
802 2313 832 2344 si
857 2311 902 2344 de
931 2311 1030 2344 hello
1057 2324 1137 2345 cum
1163 2323 1205 2344 eo
1232 2312 1390 2357 gerendo
1417 2314 1620 2358 cogitaret,
1654 2325 1722 2347 an-

262 2364 413 2405 tequam
435 2371 561 2393 somno
589 2359 862 2402 consopiretur,
899 2369 984 2403 prae
1009 2365 1108 2392 metu
1134 2359 1243 2393 anxio
1266 2364 1409 2393 noctem
1439 2362 1620 2396 insomnia
1647 2367 1723 2395 tra-

264 2407 407 2441 ducere.
457 2406 585 2452 Neque
609 2416 694 2438 vero
720 2405 888 2437 morbum
913 2403 1055 2439 celabat
1075 2417 1198 2439 suum:
1238 2408 1329 2452 quin
1362 2407 1480 2451 palam
1518 2409 1618 2455 apud
1652 2411 1723 2443 Ro-

263 2464 388 2488 manos
416 2458 453 2487 et
477 2451 658 2486 Triballos
685 2453 865 2491 narrabat,
892 2463 930 2484 se
955 2453 994 2486 in
1029 2454 1128 2485 omni
1150 2457 1234 2486 ante
1260 2458 1336 2486 acta
1366 2455 1441 2487 vita
1466 2456 1606 2489 nullum
1637 2467 1722 2500 per-

265 2501 351 2534 inde
384 2500 598 2539 mortalem,
635 2504 675 2531 ut
713 2498 1026 2539 Cantacuzcnum,
1068 2500 1232 2533 timuisse
1266 2499 1537 2547 hor-ruisseque.
1594 2503 1638 2535 Et
1681 2504 1724 2538 in.

263 2547 328 2580 illa
351 2547 603 2591 congressione
631 2550 829 2590 quaerente
853 2545 1086 2589 imperatore,
1113 2547 1202 2591 quid
1224 2547 1275 2580 ita
1301 2547 1446 2579 tandem
1467 2548 1622 2582 dedecus
1637 2554 1720 2582 tau—

264 2598 343 2627 tum
370 2592 628 2633 conscivisset,
654 2591 739 2625 dum
768 2592 805 2626 in
832 2597 995 2625 senatum
1020 2592 1241 2626 Venetorum
1266 2603 1303 2626 sc
1328 2593 1523 2639 allegisset,
1549 2597 1614 2640 qui
1643 2607 1730 2635 ma-‚

266 2641 322 2673 ius
358 2645 406 2674 et.
428 2639 634 2677 illustrius,
682 2649 790 2684 quam
821 2638 916 2681 ipsi,
955 2640 1149 2682 imperium
1182 2639 1355 2681 haberet,
1395 2643 1605 2683 respondit,
1641 2645 1721 2678 eius

265 2691 362 2722 metu
389 2686 555 2722 adactum
581 2685 618 2718 id
647 2686 796 2722 fecisse:
824 2690 862 2718 et
886 2685 1047 2725 adiecit,
1067 2685 1162 2720 nihil
1188 2688 1342 2727 mirum,
1369 2688 1469 2734 quod
1494 2700 1533 2722 se
1557 2689 1629 2723 huc
1653 2689 1730 2723 de-,

265 2734 443 2769 misisset:
470 2734 601 2768 mirum
627 2733 763 2778 magis,
792 2742 866 2767 non
890 2733 999 2768 vilius
1026 2738 1136 2779 atque
1172 2733 1377 2780 despectius
1402 2736 1545 2783 aliquid
1580 2746 1718 2773 ausum.
