1794 3158
341 119 454 174 550
865 135 1294 178 Anno'i‘ATiousss·

337 238 496 280 lubroso
516 241 634 281 viam
650 237 879 278 delineavit.
936 237 1046 276 Haec
1073 236 1348 278 Tertullianus
1374 236 1425 278 de
1451 235 1684 291 Valentino,
1702 251 1773 292 ego

338 293 389 334 de
419 294 592 345 Photi03
640 293 710 347 qui
746 293 806 332 ira
845 299 1097 346 exasperatus
1137 292 1328 333 adversus
1365 293 1528 333 Latinos
1564 295 1774 333 insuroexn

337 349 540 389 obiectans
568 363 661 388 cum
689 361 752 399 ea,
781 362 884 401 quae
920 354 1051 402 patres
1079 347 1279 399 Trullani,
1308 355 1395 387 tum
1422 350 1655 402 praesertim
1685 363 1776 402 pro-

334 407 553 444 cessionem
582 403 757 457 Spiritus
784 402 909 443 sancti
941 418 987 442 ex
1015 403 1138 442 Patre
1164 411 1203 443 et
1235 403 1356 452 Filio,
1391 410 1430 442 et
1457 403 1697 444 additionem
1729 403 1777 443 il-

335 458 418 498 lam
461 460 512 498 ad
550 458 778 512 symbolum
833 459 1030 514 Filioque.
1084 459 1225 499 Exstat
1275 460 1354 499 hoc
1391 466 1625 513 argumento
1676 459 1778 499 liber

334 514 471 555 Photii
500 515 541 552 in
570 513 812 554 bibliotheca
841 515 1044 555 Bavarica.

446 569 629 609 Tandem
659 569 797 609 Leone
824 569 897 609 IX.
926 569 1114 623 pontifice
1150 569 1323 610 maximo
1352 569 1496 609 Graeci
1530 569 1661 608 omnis
1696 569 1781 622 iugi

335 624 417 663 iam
444 625 697 678 impatientes
724 625 764 663 in
798 632 1037 689 perpetuum
1066 632 1105 664 et
1135 624 1319 677 generale
1342 624 1513 664 schisma
1544 632 1778 678 eruperunt,

335 679 505 719 ducibus
531 679 726 719 Michaele
760 681 943 733 episcopo
972 680 1415 734 Constantinopolitano
1457 686 1496 719 et
1531 679 1668 718 Leone
1693 681 1781 732 epi-

334 748 455 788 scopo
502 734 735 774 Achridano
774 736 813 774 in
849 734 1055 788 Bulgaria‚
1107 743 1246 775 contra
1284 749 1384 789 quos
1411 741 1456 774 ut
1483 733 1781 787 longissimam,

332 791 388 829 ita
418 797 457 829 et
484 790 756 830 doctissimam
785 789 992 843 epistolam
1026 791 1180 844 scripsit
1207 792 1304 831 Leo·
1319 792 1394 829 lx.
1426 789 1630 843 pontifex,
1659 804 1780 830 accu-

332 852 421 884 rate
446 859 583 885 omnes
616 859 756 885 eorum
787 844 968 898 querelas
996 860 1065 885 seu
1092 847 1223 899 potius
1253 846 1549 885 criminationes
1576 844 1780 895 refellens,

332 902 402 953 qui
429 901 635 940 Romanae
660 900 849 939 ecclesiae
892 903 1145 953 potissimum
1184 900 1343 940 crimini
1370 900 1522 939 dabant
1539 929 1552 951 ,
1595 900 1705 953 quod
1736 901 1794 939 in}

333 956 480 1009 azymis
518 969 603 995 rem
643 955 822 995 divinam
858 955 1017 995 faceret.
1062 956 1318 996 Addiderunt
1354 963 1492 1010 postea
1526 955 1593 995 alii
1637 956 1782 996 Graeci

332 1010 431 1061 alia,
462 1018 508 1050 ut
536 1012 858 1051 communionem
884 1012 959 1050 sub
989 1026 1070 1051 una
1095 1018 1254 1051 tantum
1283 1012 1440 1064 specie·
1429 1039 1442 1060 ‚
1479 1023 1631 1051 morem
1658 1009 1781 1050 semel

332 1065 539 1104 dumtaxat
568 1067 772 1120 mergendi
800 1066 863 1106 vel
882 1067 1060 1120 tingendi
1089 1080 1182 1117 eos,
1214 1067 1284 1120 qui
1312 1066 1594 1119 baptizantur3
1627 1080 1783 1106 morem

332 1134 415 1159 non
452 1121 673 1174 praebendi
701 1121 982 1161 eucharistiam
1033 1129 1103 1162 aut
1143 1128 1437 1161 sacramentum
1468 1122 1785 1160 confirmationis

332 1175 639 1215 administrandi
667 1176 921 1227 infantibus3
951 1179 1254 1231 purgatorium,
1302 1184 1532 1216 sanctorum
1565 1176 1783 1216 beatitudi-

332 1244 459 1282 nem3
488 1232 612 1271 verba
641 1232 948 1272 consecrationis
976 1233 1015 1272 in
1063 1233 1256 1273 sacrificio
1286 1233 1455 1281 missae,
1495 1238 1534 1270 et
1566 1232 1686 1271 huius
1713 1246 1784 1285 ge-

331 1288 439 1325 neris
467 1286 584 1339 plura
606 1317 618 1338 ‚
645 1288 791 1341 quibus
821 1288 964 1327 Graeci
1011 1290 1053 1327 in
1085 1302 1176 1328 eum
1207 1288 1356 1328 fastum
1387 1286 1676 1340 superbiaeque
1714 1294 1782 1341 ty-

331 1341 457 1393 phum
486 1341 578 1381 elati
605 1350 726 1392 sunt,
773 1349 818 1381 ut
845 1344 1050 1383 Romanae
1079 1343 1268 1383 ecclesiae
1297 1357 1381 1383 non
1409 1342 1530 1381 modo
1562 1342 1679 1392 vale,
1711 1341 1782 1382 sed

332 1403 371 1435 et
405 1396 618 1437 anatliema
646 1398 823 1436 dicerent
842 1426 853 1448 ‚
886 1412 1108 1451 suamque,
1157 1398 1234 1436 hoc
1269 1405 1329 1437 est
1370 1396 1782 1450 Constantinopolita-

330 1466 456 1503 nam,
499 1453 616 1505 quasi
659 1454 841 1492 omnium
890 1454 1112 1506 principem
1160 1453 1384 1492 iactitarent
1434 1460 1473 1491 et
1513 1453 1782 1493 venditarent.

333 1507 442 1545 Hinc
477 1506 546 1546 illa
568 1507 686 1560 plena
707 1507 941 1547 insolentiae
975 1510 1104 1548 oratio
1133 1508 1359 1547 Hieremiae
1392 1507 1644 1561 patriarchae
1672 1508 1781 1547 Con·-

331 1562 674 1628 stantinopolitani
704 1564 745 1602 in
774 1577 941 1602 censura
967 1564 1018 1602 ad
1047 1562 1301 1602 Lutheianos
1332 1577 1420 1616 cap.
1450 1563 1509 1606 13.
1530 1577 1541 1602 :
1574 1562 1664 1602 ἐπεί
1695 1563 1782 1602 τοί·-

331 1630 405 1656 νυν
435 1614 460 1670 ἦ
494 1618 590 1656 καθ’
602 1613 712 1684 Ἰμᾶς
741 1614 840 1669 ἁγία
870 1618 949 1656 τοῦ
979 1618 1081 1657 θεοῦ
1112 1616 1318 1682 ἐκκλησια
1337 1617 1515 1681 man-91¹5·m
1525 1618 1607 1657 τῶν
1633 1617 1781 1685 ἐκκλη-

331 1670 436 1734 otcfiy
475 1671 550 1711 καί
597 1676 796 1739 ηγεμονεῖ
832 1673 877 1712 ἐν
917 1673 969 1727 τῇ
1006 1686 1157 1724 γνωσει
1184 1673 1234 1727 τῇ
1259 1667 1407 1739 χάριτι
1439 1671 1515 1712 τοῦ
1542 1672 1674 1722 θεοῦ,
1708 1687 1778 1711 και

331 1721 376 1765 τὸ
409 1718 583 1766 ἄσπιλον
613 1725 746 1778 αυχεῖ
767 1726 811 1767 ἐν
837 1730 928 1774 ταῖς
956 1725 1219 1792 λαμπρότησι
1256 1742 1339 1767 των
1379 1725 1668 1767 cinamomum
1709 1741 1781 1768 και

331 1794 545 1832 πατρικων
575 1781 895 1850 διαταγμάτων,
933 1779 1005 1822 καί
1032 1776 1112 1835 ήδη
1135 1782 1166 1846 ἡ
1196 1782 1268 1822 νέα
1298 1778 1351 1822 τὰ
1371 1783 1573 1836 πρεσβεῖα
1601 1783 1675 1835 τῆς
1704 1777 1779 1835 69-

331 1835 530 1884 θοδοξίας
559 1833 734 1890 εἰληφε,
776 1852 846 1877 και
883 1836 942 1884 εἰς
982 1834 1142 1903 κεφαλ
1108 1852 1170 1890 ην
1192 1835 1425 1900 τέτακται,
1469 1837 1561 1877 δέον
1588 1837 1681 1877 ἐστι
1707 1852 1779 1877 και

331 1890 471 1930 πᾶσαν
491 1891 758 1943 Χριστιανῶν
778 1888 996 1946 ἐκκλησίαν
1024 1887 1137 1932 ου’τω
1152 1888 1202 1932 τὰ
1222 1892 1293 1945 τῆς
1320 1890 1582 1943 λειτουργίας
1612 1889 1780 1944 ἱερουρ-

330 1948 430 1996 γεῖν.
485 1946 547 1986 Ita
577 1948 682 1987 caeci
711 1948 775 1987 isti
806 1948 856 1988 de
881 1962 953 1987 sua
982 1949 1183 2001 impietate
1212 1955 1251 1986 et
1284 1947 1539 1987 mendicitate
1560 1948 1635 1987 sibi
1662 1947 1781 1986 blan-

332 1999 524 2052 diuntur,
566 2009 607 2041 et
647 2017 689 2042 se
730 2002 930 2057 principes
956 2017 1042 2042 esse
1078 2003 1308 2068 somniant,
1352 2017 1445 2043 cum
1480 2004 1560 2043 sint
1596 2004 1778 2042 omnium

330 2056 562 2097 mortalium
591 2057 845 2099 abiectissimi
881 2065 920 2097 et
953 2072 1073 2098 mise}
1076 2073 1179 2100 rimi
1236 2058 1315 2098 Sed
1351 2059 1445 2097 satis
1467 2057 1520 2097 de
1550 2060 1779 2111 arrogantia

332 2110 602 2164 Graecorum,
628 2127 753 2167 quae,
789 2122 834 2154 ut
874 2128 996 2166 supra
1031 2113 1235 2163 dicebam,
1265 2114 1430 2152 Latinos
1467 2113 1610 2153 merito
1643 2127 1778 2152 remo-

330 2167 412 2204 raii
434 2175 613 2219 poterat,
640 2183 691 2208 ne
711 2183 803 2209 cum
837 2171 999 2208 Graecis
1023 2169 1211 2223 synodice
1239 2170 1522 2218 convenirent,
1548 2183 1631 2207 non
1655 2168 1780 2207 modo

329 2221 419 2259 sine
451 2221 609 2273 fructu,
647 2225 716 2262 sed
747 2232 787 2264 et
824 2226 909 2263 sine
943 2223 1027 2264 ulla
1059 2238 1128 2277 spe
1167 2225 1351 2263 fruetus·
1340 2253 1352 2274 ‚
1408 2225 1641 2276 praesertim
1684 2237 1778 2263 cum

329 2275 410 2313 isto
436 2277 556 2315 etiam
582 2278 750 2318 consilio
779 2278 1005 2318 Concilium
1041 2287 1175 2332 petere
1205 2279 1310 2318 soliti
1338 2279 1510 2326 fuerint,
1556 2286 1599 2318 ut
1629 2280 1778 2318 Roma-

330 2343 430 2368 num
472 2331 700 2384 pontificem
736 2336 779 2373 in
818 2335 997 2374 ordinem
1031 2342 1242 2388 cogerent
1283 2334 1440 2387 hocque
1478 2333 1650 2373 Concilii
1679 2348 1780 2373 con-

331 2392 456 2425 ventu
487 2387 710 2427 indicarent
729 2418 740 2439 ‚
771 2403 998 2442 supiemam
1027 2390 1319 2429 controversias
1347 2389 1591 2428 diiudicandi
1622 2395 1662 2428 et
1705 2389 1779 2427 de-

331 2441 495 2482 sulendi
516 2449 750 2495 potestatem
783 2458 865 2483 non
894 2459 975 2484 esse
1003 2459 1126 2497 penes
1164 2446 1392 2484 Romanum
1426 2444 1679 2497 pontificem,
1706 2444 1776 2483 sed

330 2510 453 2548 penes
487 2497 613 2537 solam
646 2498 870 2552 synodum,
900 2500 1096 2552 quidquid
1140 2500 1316 2553 pontifex
1354 2507 1492 2539 contra
1523 2500 1667 2539 sentiat
1706 2506 1776 2538 aut

332 2551 531 2592 decernat
592 2554 728 2603 Adde,
762 2554 866 2607 quod
915 2554 1128 2593 concilium
1165 2555 1383 2607 petebant,
1426 2553 1494 2592 sed
1534 2567 1580 2591 eo
1621 2553 1772 2604 modo,

281 2631 292 2641 .-
333 2621 414 2658 quo
445 2621 552 2648 nunc
572 2609 808 2657 Lutherani,
839 2608 1036 2659 liberum,
1080 2617 1126 2648 ut
1148 2609 1395 2662 loquuntur,
1425 2616 1465 2647 et
1485 2607 1774 2657 Christianum,

332 2662 410 2701 hoc
444 2670 527 2713 est,
562 2664 680 2716 quale
704 2666 778 2716 ipsi
813 2664 1015 2717 postula-nt
1046 2671 1086 2702 et
1114 2665 1154 2703 in
1191 2678 1271 2717 quo
1311 2678 1357 2703 ea
1409 2663 1615 2702 dumtaxat
1649 2665 1774 2703 sanci-

332 2725 450 2759 antur
491 2726 530 2758 et
565 2720 859 2760 constituantur
907 2733 1008 2775 quae
1055 2719 1129 2773 ipsi
1178 2718 1406 2773 postulant,
1453 2726 1491 2758 et
1535 2726 1657 2773 prout
1699 2719 1772 2773 ipsi
