1800 3164
338 174 355 211 1
369 156 441 211 38
861 180 1230 223 CANTACUZENI

119 274 503 330 Λ.(Ξ.ι35οπο’λεμον
539 281 812 332 καταθέσθαι,
852 282 1220 338 ἀνανεωσαμένους
1257 285 1332 335 τὰς
1359 286 1539 335 σπονδάς
1580 286 1653 328 καί
1688 285 1761 341 τὴν

321 341 501 398 εἰρήνην.
555 349 728 387 τοιαῦτα
747 348 824 398 μὲν
858 348 1107 402 ἐπρέσβευεν
1135 349 1158 390 ὁ
1190 352 1373 406 Κράλης,
1403 356 1575 406 βασιλεῖ’
1592 367 1635 394 τε
1667 353 1761 394 ἐδό-

321 425 384 449 κει
406 411 615 464 βέλτιστα,
654 413 728 453 καί
755 414 979 455 συνέθεντο
1009 414 1168 470 ἡμέραν
1197 416 1354 472 ῥητήν,
1402 420 1447 460 ἐν
1475 413 1504 476 ᾗ
1534 416 1620 460 ἔδει
1647 433 1759 472 γενο-

318 477 471 527 μένους
491 478 534 517 ὲν
561 477 697 533 ταύτῷ
714 476 827 519 λύειν
849 478 925 528 τὰς
953 481 1179 537 διαφοράς,
1210 482 1391 533 σπονδάς
1419 487 1637 536 θεμένους.
1667 484 1760 525 ἐπι-

318 539 474 597 στάσης
501 558 546 584 τε
575 544 649 597 τῆς
681 547 966 600 προθεσμίας,
1000 546 1043 587 οῖ’
1067 563 1111 589 τε
1153 551 1342 602 βασιλεῖς
1380 546 1613 606 ἀμφότεροι
1643 548 1795 606 ἐξήιε-5

278 613 397 648 (ἶσαν
440 607 694 661 ὠπλισμένοι
739 612 810 652 καί
837 610 876 653 οἱ
907 613 1111 663 συνόντες.
1168 614 1343 670 Κράλης
1383 631 1427 657 τε
1465 613 1620 668 ὁμοίως
1648 614 1755 668 μετὰ

316 673 397 713 ταῖν
425 674 524 726 περὶ
563 669 696 716 αὐτὸν
727 673 978 730 ὡπλισμένοι
1004 674 1112 729 ὄντες
1156 675 1254 735 ἧκον
1300 680 1421 735 ἐγγὺς
1451 679 1758 735 Θεσσαλονίκης

315 735 389 778 καί
415 739 650 793 συνεγένετο
680 747 766 791 τοῖς
793 745 1030 796 βασιλεῦσι.
1087 744 1195 799 μετὰ
1235 748 1282 788 δὲ
1319 745 1393 800 τὴν
1424 746 1755 802 προσαγόρευσιν

318 803 342 847 ὁ
371 801 548 861 Κράλης
574 809 736 862 πρῶτος
777 807 928 863 ἥπτετο
975 810 1080 866 πρὸς
1115 814 1295 865 βασιλέα
1329 809 1476 866 λόγου,
1512 811 1760 866 ,,Ἀδικεῑ’ς,”

314 868 458 923 εἰπών,
487 866 555 923 „ui
579 874 769 927 βασιλεῦ’,
785 877 968 928 πολέμου
991 871 1149 932 ἄρχων.
1183 875 1262 931 ἐγώ
1284 879 1330 920 δὲ
1359 873 1475 935 ᾤμην
1502 873 1609 919 εἶναι
1627 878 1760 933 μηδὲν
1776 895 1800 922 ι.

314 936 398 977 τῶν
427 930 569 990 ὄντων,
599 934 622 979 δ’
651 955 699 981 σε
723 939 824 996 πρὸς
851 943 926 995 ἐμὲ
953 949 1097 984 πεῖσαι
1125 942 1351 998 δυνήσεται
1389 940 1658 998 ἀγνωμονεῖν.
1697 939 1758 984 οἶ-

313 1004 401 1043 σθα
434 1002 513 1057 γὰρ
544 1003 672 1053 αὔτός
700 1009 782 1048 τῶν
814 1001 951 1049 ἄλλων
967 1010 1152 1062 μᾶλλον,
1194 1006 1254 1060 ὦς
1281 1009 1532 1064 πολεμηθείς
1558 1006 1642 1050 ὖπό
1673 1010 1758 1054 τῶν

313 1063 543 1124 ὁμοφύλων
585 1072 659 1112 καί
702 1073 777 1126 τῆς
814 1072 1036 1126 Ῥωμαίων
1073 1077 1147 1131 γῆς
1176 1075 1434 1130 ἀπελαθείς,
1473 1074 1627 1123 ἀδίκως
1663 1076 1758 1129 μὲν,

314 1133 385 1188 (οὗ
412 1133 493 1190 γὰρ
524 1130 575 1176 ἂν
606 1136 834 1193 ἀρνηθείην
863 1141 953 1181 ov’d'
983 1136 1107 1190 αὐτὸς
1128 1144 1161 1198 ,)
1197 1138 1310 1195 ὅμως
1341 1144 1380 1182 ‹5’
1412 1136 1486 1183 οὖν
1515 1130 1755 1191 ἀπελαθεὶς,

311 1193 410 1254 ἧκες
451 1204 552 1256 παρ’
585 1201 727 1258 ἡμᾶς,
773 1201 856 1247 οὔτ’
909 1202 1091 1260 ἀμοιβάς
1143 1223 1208 1250 σοι
1249 1210 1460 1263 προτέρων
1512 1208 1800 1262 εύεργεσιῶνι,

267 1265 573 1321 Βόφείλοντας,
606 1265 699 1311 οὔτ’
728 1270 1069 1324 ἀγανακτοῦντας
1096 1273 1203 1329 ὑπὲρ
1234 1275 1314 1315 σοῦ’
1342 1274 1630 1326 ἀδικουμένου,
1667 1272 1760 1314 ἀλλ’

312 1334 354 1374 εἰ
378 1334 444 1373 δεῖ
473 1333 655 1390 τάληθὲς
680 1337 837 1391 εἰπεῖν,
878 1339 953 1379 καί
978 1337 1054 1393 την
1090 1336 1211 1392 ὑμῶν
1242 1339 1350 1394 πρὸς
1377 1338 1581 1394 ἀλλήλους
1610 1340 1760 1394 διαφο-

312 1395 392 1452 ράν
419 1398 465 1439 ἐν
494 1395 695 1453 εύτυχίας
721 1403 840 1458 μέρει
870 1405 1161 1458 λογιζομένους
1189 1406 1245 1461 τῷ
1269 1403 1318 1447 τὰ
1351 1403 1441 1446 ἴδια
1469 1399 1520 1446 εὖ
1547 1397 1760 1446 τίθεσθαι.

310 1461 390 1517 ἐγώ
413 1465 484 1517 δὲ,
519 1467 654 1507 καίτοι
682 1469 766 1509 τῶν
796 1467 865 1509 σοι’
908 1469 1204 1521 πολεμούντων
1232 1468 1390 1518 πολλάς
1425 1469 1647 1523 πρεσβείας
1686 1483 1758 1509 πε-

308 1530 544 1584 ποιημένων
596 1533 670 1572 καί
706 1532 905 1588 χρήματα
957 1536 1257 1588 παρεχομένων
1300 1534 1373 1576 καί
1412 1534 1555 1583 πόλεις
1597 1532 1800 1582 πολλάςαι

310 1593 386 1636 καί
411 1596 483 1651 τῆς
506 1594 727 1650 Ῥωμαίων
756 1596 981 1652 ἡγεμονίας
1010 1598 1249 1654 ἀπόμοιραν
1281 1601 1538 1655 προϊεμένων
1568 1601 1644 1640 οὐκ
1673 1598 1757 1641 ὀλί-

308 1675 408 1714 γην,
456 1663 528 1703 καί
568 1661 690 1717 φίλον
732 1661 845 1716 ἔχειν
898 1666 969 1705 καί
1011 1663 1239 1718 σύμμαχον
1270 1665 1642 1718 ὑπισχνουμένων,
1685 1667 1760 1706 καί

308 1725 413 1778 μίαν
445 1725 604 1769 τούτων
647 1725 842 1771 ἁπάντων
870 1728 997 1784 χάριν
1037 1725 1326 1772 ἀπαιτούντων
1363 1729 1412 1771 τὸ
1460 1732 1507 1771 σὲ
1545 1727 1759 1787 δεσμώτην

309 1798 573 1848 παρασχεῖν,
603 1790 632 1850 ἢ
658 1792 789 1837 αὐτὸν
820 1797 1010 1850 κατέχειν
1038 1795 1321 1850 συλλαβόντα,
1352 1795 1428 1837 οὔκ
1459 1795 1647 1851 ἠθέλησα
1676 1795 1757 1837 αύ-

310 1917 406 1951 idem
427 1917 496 1962 ipsi
511 1917 664 1962 placeat,
679 1929 760 1951 cum
776 1928 818 1952 eo
831 1918 1015 1964 congredi,
1034 1918 1319 1964 disceptatisque
1331 1919 1584 1952 controversiis
1609 1919 1742 1963 pacisci

312 1970 349 1999 et
374 1965 471 1999 bello
495 1965 615 1999 valere
636 1965 749 2005 iusso,
776 1965 904 1999 foedus
932 1966 1029 2010 pacis
1053 1976 1238 2001 renovare.
1287 1966 1384 1997 Haec
1407 1967 1446 1998 in
1469 1966 1646 2007 legatione
1665 1964 1755 1997 Cra-

311 2012 376 2050 les,
402 2022 494 2056 quae
521 2012 734 2056 imperatori
762 2012 960 2058 gratissima
989 2012 1171 2046 accidere:
1196 2012 1375 2056 praefixus
1405 2022 1448 2044 ue
1474 2012 1662 2045 amborum
1688 2023 1755 2044 vo-

310 2059 454 2092 luntate
481 2057 559 2091 dies
576 2083 585 2099 ,
620 2069 692 2104 quo
723 2060 961 2093 convenirent
989 2070 1029 2091 ac
1054 2058 1247 2093 dissidium
1284 2059 1357 2091 icto
1379 2024 1529 2092 {cedere
1558 2069 1754 2103 compone-

311 2109 404 2139 rent.
453 2106 605 2150 Iamque
628 2105 706 2138 dies
730 2107 941 2150 praefinitus
971 2106 1017 2140 ad
1040 2107 1262 2151 colloquium
1288 2105 1423 2146 aderat,
1449 2117 1528 2139 eum
1555 2107 1658 2139 ambo
1684 2107 1755 2143 im-

311 2155 497 2197 peratores
531 2156 570 2184 et
604 2154 755 2185 comites
780 2155 908 2186 armati
934 2160 1078 2188 exeunt.
1128 2153 1248 2187 Crales
1285 2152 1454 2186 similiter
1488 2164 1566 2186 cum
1591 2156 1745 2198 stipato-

313 2197 416 2232 ribus
441 2198 515 2230 suis
542 2203 696 2231 armatus
722 2198 767 2231 ad
792 2200 918 2233 urbem
945 2199 1238 2234 Thessalonicam
1269 2204 1305 2233 et
1335 2199 1569 2243 imperatores
1594 2201 1743 2239 aceedit.

314 2243 387 2278 Ubi
411 2244 507 2278 inter
530 2255 567 2277 se
592 2245 879 2286 consalutarunt,
894 2245 1014 2280 Crales
1039 2249 1139 2292 prior
1162 2247 1230 2282 fari
1259 2245 1407 2291 incipit:
1455 2248 1633 2294 „Iniquus
1654 2261 1690 2283 es
1716 2250 1757 2283 in

314 2301 398 2332 me,
423 2293 643 2336 imperator,
675 2303 756 2326 cum
790 2292 930 2326 bellum
967 2295 1058 2328 mihi
1094 2295 1192 2327 facis.
1243 2295 1315 2337 Ego
1345 2304 1428 2327 vero
1464 2294 1515 2327 sie
1538 2295 1757 2335 arbitrabar,

316 2350 391 2372 rem
416 2349 493 2372 esse
516 2338 676 2380 nullam,
702 2349 795 2384 quae
824 2341 984 2374 alienum
1015 2347 1051 2375 et
1078 2338 1252 2386 ingratum
1279 2346 1317 2374 te
1344 2341 1495 2373 reddere
1520 2348 1650 2386 posset,
1678 2343 1755 2378 Scis

318 2385 428 2425 enim,
451 2390 494 2418 ut
518 2396 624 2418 nemo
649 2387 792 2425 melius,
817 2388 1000 2431 quomodo
1025 2388 1210 2421 hostiliter
1233 2388 1278 2420 ab
1303 2387 1533 2432 homophylis
1567 2400 1755 2436 oppugna-

317 2437 376 2466 tus
403 2437 440 2466 et
458 2433 698 2467 Romanorum
724 2432 858 2467 finibus
883 2440 1039 2475 exactus,
1065 2435 1214 2480 (iniuste
1239 2435 1398 2480 quidem,
1425 2437 1506 2480 quis
1531 2438 1665 2483 negat?
1691 2436 1756 2470 sed

317 2483 440 2513 tamen
466 2480 642 2525 exactus‚)
669 2481 715 2514 ad
750 2490 816 2513 nos
840 2482 1066 2526 confugeris,
1101 2484 1166 2527 qui
1200 2491 1318 2528 neque
1351 2481 1566 2516 beneficium
1606 2484 1757 2529 aliquod

316 2526 390 2561 tibi
415 2525 654 2567 debebamus,
691 2537 759 2560 nee
793 2532 855 2561 tua
887 2528 1024 2561 iniuria
1059 2529 1283 2562 dolebamus.
1332 2527 1403 2561 Sed
1436 2531 1466 2563 si
1496 2541 1577 2564 vera
1602 2530 1755 2564 dicenda

317 2579 426 2614 sunt,
463 2572 661 2607 discordias
686 2575 725 2607 in
749 2574 830 2607 loco
859 2575 1099 2609 beatitudinis
1140 2575 1415 2610 numerabamus
1434 2602 1442 2616 ‚
1482 2588 1561 2610 eum
1588 2577 1674 2610 inde
1699 2588 1756 2611 res

317 2626 464 2654 nostrae
490 2619 584 2653 bene
609 2620 797 2658 haberent.
845 2622 893 2656 At
919 2633 1004 2668 ego,
1030 2633 1245 2668 quamquam
1271 2622 1392 2658 hostes
1421 2623 1475 2656 tui
1505 2623 1630 2658 crebro
1657 2625 1756 2668 lega-

316 2669 436 2702 tiones
461 2667 666 2708 mitterent,
702 2670 892 2713 pecuniam
919 2674 955 2702 et
980 2669 1105 2702 urbem
1132 2681 1205 2703 non
1228 2681 1335 2703 unam
1371 2673 1554 2712 offerrent,
1588 2671 1755 2716 imperii-

319 2727 390 2760 que
414 2714 565 2747 Romani
593 2720 731 2759 partem
764 2728 838 2750 non
864 2718 1050 2750 minimam
1075 2717 1379 2761 parvipenderent
1396 2743 1406 2756 ‚
1442 2718 1471 2750 si
1510 2729 1567 2751 me
1599 2720 1753 2751 amicum

320 2767 429 2807 atque
457 2762 593 2796 socium
619 2764 936 2806 nanciscerentur,
975 2769 1011 2798 et
1035 2775 1143 2797 unam
1170 2764 1279 2798 solam
1306 2775 1371 2809 pro
1397 2764 1454 2798 his
1482 2764 1650 2799 omnibus
1675 2776 1754 2807 gra-
