1800 3164
285 170 360 226 60
817 189 1187 232 CANTACUZENJ
1245 201 1247 204 ⁴

83 292 123 325 Α·
138 291 273 336 01347
289 307 449 340 παντας
485 291 558 334 καὶ
588 292 684 340 τοὺς
720 287 872 340 ἄλλους
913 289 1010 339 τούς
1049 290 1262 345 δογμάτων
1294 293 1374 333 τῶν
1401 293 1472 346 τῆς
1500 294 1719 349 ἐκκλησίας
1775 339 1778 351 5

289 359 520 412 τροφίμους
548 356 648 411 πρὸς
675 360 797 399 τοῦτο
825 359 902 410 μὲν
931 355 1101 398 ἔσεσθαι
1133 356 1377 413 προθύμους
1402 357 1608 410 μάλιστα·
1667 357 1720 401 ἂν

291 424 338 463 δὲ
364 420 569 475 βιάζοιντο
612 419 816 476 ἀρχικῶς,
848 421 899 463 τὰ
931 417 1018 464 ὦτα
1054 422 1291 476 βόσαντας,
1324 425 1430 478 μηδὲ
1458 427 1529 478 τῆς
1555 423 1721 479 πρώτης

291 489 510 538 ἀνέξεσθαι
550 490 702 544 φωνῆς.
769 490 902 530 καίτοι
934 504 978 543 γε
1007 489 1104 530 οὐδὲ
1133 491 1230 544 παρ’
1259 489 1360 542 ὑμῖν
1387 491 1461 542 ἐμὲ
1490 488 1721 544 ἀξιόχρεων

250 551 369 607 Βέγώ
399 555 551 606 νομίζω
576 551 751 595 ἔσεσθαι
778 551 881 608 πρὸς
908 553 1047 596 πίστιν
1073 554 1169 608 περὶ
1194 556 1277 596 τῶν
1307 553 1554 606 μελλόντων,
1589 557 1629 597 εἰ
1645 553 1769 613 §qa-5.

289 619 396 666 δίως
426 615 532 659 οὕτω
567 619 641 660 καί
671 618 948 668 ἀνεξετάστως
984 618 1055 661 ἐπὶ
1083 620 1135 661 τὰ
1169 621 1368 661 δοκοῦντα
1404 617 1592 674 δόγματα
1619 621 1722 673 ὑμῖν

285 684 590 739 μεταχωρήσω.
645 681 666 725 ὅ
695 683 773 740 γὰρ
806 690 889 734 τοῖς
915 683 997 727 ὑπὸ
1024 687 1105 727 τῶν
1125 684 1333 740 προγόνων
1371 688 1721 739 παραδεδομένοις

285 748 358 789 καί
383 745 442 799 οἷς
461 753 744 806 συντέθραπτο
765 749 902 803 αὐτὸς,
930 749 989 805 μή
1011 749 1121 793 πάνυ
1150 753 1366 807 προσέχωσι
1383 751 1599 808 ἀσφαλῶς,
1630 752 1722 794 ἀλλ’

284 815 329 864 ἐξ
356 812 522 867 ἑτοίμου
554 818 809 870 προϊέμενος,
840 819 931 858 τίνα
953 812 1005 859 ἂν
1033 815 1120 870 ἔχοι
1148 815 1246 872 περὶ
1270 817 1352 858 τῶν
1379 814 1632 877 προσφάτων
1650 818 1720 859 πί-

283 896 393 933 στιν,·
423 879 515 922 διίἲ
545 884 696 934 νομίζω
731 883 822 924 δέον
859 879 986 936 εἶναι,
1015 881 1097 936 εἴγε
1134 882 1206 923 καί
1238 879 1340 935 ὑμῖν
1380 883 1594 935 συνδοκεῖ,
1623 882 1722 938 περὶ
1738 895 1789 927 ισ,

282 947 363 987 τῶν
393 942 501 988 οὕτω
527 945 718 1001 μεγάλων
745 946 919 990 σύνοδον
947 946 1243 1002 οἶκουμενικὴν,
1274 949 1318 989 ἐν
1345 942 1377 1004 ᾗ
1405 949 1506 988 οἵτε
1533 945 1628 1006 ἑῷοι
1649 950 1723 989 καί

282 1010 322 1052 οἱ
351 1007 533 1067 ἑσπέριοι
571 1014 823 1067 παρέσονται
860 1015 1095 1069 ἀρχιερεῖς,
1136 1014 1345 1068 γενέσθαι.
1398 1012 1548 1055 τούτου
1579 1013 1626 1054 δὲ
1651 1028 1726 1067 ys«

279 1077 526 1131 γενημένου,
565 1076 709 1128 πιστὸς
745 1078 766 1120 ὁ
806 1078 929 1131 θεὸς,
960 1077 1003 1129 ὃς
1033 1077 1143 1134 ἧμᾶς
1170 1078 1246 1120 οὐκ
1275 1076 1390 1120 ἐάσει
1418 1080 1490 1133 τῆς
1519 1079 1720 1134 ἀληθείας

280 1141 635 1198 ἀποπλανηθῆναι.
704 1146 745 1187 εἰ
777 1147 857 1198 μὲν
893 1140 967 1187 οὖν
1006 1142 1144 1199 ὥσπερ
1176 1143 1376 1200 πρότερον
1408 1143 1491 1186 ὑπὸ
1519 1141 1593 1199 τήν
1613 1145 1717 1187 Ῥω-

239 1217 267 1252 C
277 1209 415 1260 μαίων
439 1212 657 1262 βασιλείαν
682 1209 712 1266 ἧ
739 1227 783 1252 τε
811 1210 931 1253 Ἀσία
959 1209 1030 1252 καὶ
1056 1207 1242 1265 Εὐρώπη
1270 1211 1466 1263 διετέλει,
1494 1211 1592 1265 παρ’
1617 1208 1716 1266 ἧμῖν
1735 1211 1787 1256 13

275 1270 364 1314 ἔδει
399 1273 471 1330 τὴν
497 1276 668 1319 σύνοδον
697 1277 999 1331 ἀθροισθῆναι.
1057 1275 1150 1318 ἐπεὶ
1177 1277 1223 1317 δὲ
1251 1278 1374 1318 τοῦτο
1405 1278 1480 1318 νῦν
1499 1270 1720 1333 ἀδύνατον,

276 1335 375 1395 (δ’,τε
402 1339 480 1396 γὰρ
509 1339 649 1391 ποίπας
677 1344 859 1384 ἐνταῦθα
888 1342 1120 1398 ἀφικέσθαι
1152 1341 1368 1390 ἀδυνάτως
1395 1339 1506 1395 ἔχει,
1550 1340 1651 1394 ἐμοί
1670 1357 1726 1387 τε,

274 1407 332 1448 ου’
369 1405 518 1462 ῥᾴδιον
553 1410 748 1449 τοσοῦτον
777 1409 1004 1463 ἀποστῆναι
1032 1410 1106 1462 τῆς
1138 1407 1272 1462 ἀρχῆς
1301 1406 1368 1448 διὰ
1397 1405 1499 1456 τούς
1528 1413 1716 1461 συνεχεῖς

273 1473 480 1524 πολέμους
518 1473 589 1513 καί
628 1471 727 1522 τούς
761 1470 1026 1526 πανταχόθεν
1057 1471 1248 1521 ἐπιόντας
1276 1470 1375 1527 ἡμῖν
1402 1473 1644 1528 βαρβάρους
1669 1489 1714 1514 τε

273 1535 372 1587 τούς
409 1536 590 1593 ὁμόρους
627 1539 701 1581 mut
734 1536 831 1587 τοὺς
862 1533 1016 1588 ἅλλους
1047 1536 1276 1590 δυνάστας,
1320 1539 1363 1580 οἳ
1399 1539 1497 1593 περὶ
1530 1537 1605 1593 τήν
1645 1540 1711 1580 πιῖ-
1725 1538 1800 1587 20ζὲ

275 1619 368 1646 στιν
408 1603 509 1658 ἡμῖν
546 1604 668 1645 ου’δὲν
703 1603 1026 1659 διαφερόμενοι,
1057 1600 1172 1657 ὅμως
1199 1606 1393 1656 πολέμιοί
1414 1606 1546 1657 εἰσιν)
1579 1606 1619 1646 εἰ
1641 1606 1715 1646 καί

275 1670 334 1726 τῷ
365 1668 494 1724 πατρὶ
518 1667 726 1720 συνδόξειε
758 1670 891 1727 πάπᾳ,
919 1667 1024 1725 πρός
1050 1686 1090 1713 τι
1118 1672 1200 1711 τῶν
1231 1670 1448 1724 παραλίων
1469 1668 1711 1727 ἀφιξόμεθα

276 1734 442 1790 χωρίων
468 1736 513 1777 ἐκ
540 1734 821 1789 συνθήματος,
852 1733 874 1777 ὃ
901 1737 1038 1788 μέσως
1067 1731 1120 1777 ἂν
1147 1739 1268 1791 σχοίη
1298 1733 1503 1791 ἑκατέροις
1527 1733 1632 1791 πρὸς
1660 1737 1711 1777 ἀ-

274 1800 478 1843 πόστασιν
513 1801 594 1842 ταῖν
639 1799 753 1846 οἴκοι.
820 1799 893 1842 καί
930 1798 1036 1843 οὕτω
1072 1802 1431 1856 συνελευσόμεθα,
1461 1804 1612 1850 ἐκεῖνος
1631 1804 1711 1855 μὲν

273 1920 447 1955 addicam.
496 1922 542 1955 Et
564 1933 643 1956 cum
672 1923 858 1970 episcopos
884 1934 1030 1964 omnes,
1060 1929 1138 1957 tum
1169 1924 1259 1957 alios
1285 1924 1606 1958 ecclesiasticorum
1639 1923 1719 1958 ‹lo--

273 1974 432 2011 gmatum
468 1967 676 2003 defensores
711 1980 753 2002 ac
783 1975 955 2015 patronos
982 1971 1050 2004 hoc
1080 1970 1359 2015 propensissime
1383 1970 1538 2004 facturos
1567 1970 1708 2014 opinor.

246 2056 249 2059 K
273 2015 338 2048 Sin
361 2016 575 2048 auctoritate
602 2016 780 2061 imperiali
800 2018 1073 2061 compellantur,
1102 2028 1205 2050 aures
1221 2018 1462 2057 obturaturos,
1489 2022 1529 2050 ut
1548 2027 1615 2051 nec
1632 2018 1708 2061 pri-

271 2070 368 2094 mam
393 2072 515 2094 vocem
540 2063 736 2106 excipiant,
786 2063 1016 2109 Quamquam
1048 2074 1115 2096 nec
1140 2064 1237 2108 apud
1264 2075 1327 2097 vos
1349 2063 1440 2096 mihi
1467 2063 1574 2096 fidem
1597 2062 1708 2096 habi-

271 2113 349 2140 tum
374 2109 420 2140 iri
444 2114 545 2152 puto,
572 2110 602 2141 si
629 2111 680 2142 ita
705 2110 835 2143 leviter
865 2111 1041 2156 nulloque
1076 2113 1236 2144 examine
1270 2110 1444 2154 dogmatis
1467 2112 1594 2144 vestris
1619 2110 1707 2142 sub—

272 2155 461 2198 scripsero.
510 2154 582 2199 Qui
608 2156 704 2188 euim
727 2167 852 2199 parum
878 2163 1083 2191 constanter
1120 2158 1285 2190 inhaeret
1315 2162 1351 2190 ct
1382 2162 1527 2201 paratus
1562 2161 1617 2190 est
1641 2157 1717 2189 de·-⁴

272 2211 403 2240 serere,
431 2212 522 2245 quae
546 2201 695 2235 maiores
720 2203 775 2235 illi
800 2202 1042 2243 tradiderunt,
1066 2209 1102 2237 et
1122 2205 1159 2237 in
1174 2204 1304 2250 quibus
1321 2209 1374 2236 est
1388 2203 1569 2243 educatus,
1587 2215 1706 2249 quam,

273 2257 421 2291 quaeso,
445 2252 568 2281 teneat
590 2247 635 2280 de
665 2249 870 2282 recentibus
903 2250 1036 2283 fidem?
1068 2250 1244 2295 Quocirca
1273 2251 1512 2284 necessarium
1538 2249 1706 2290 arbitror,

271 2293 304 2326 si
330 2293 426 2326 idem
449 2293 552 2326 vobis
576 2295 802 2337 probabitur,
825 2306 933 2339 super
957 2296 1061 2330 rebus
1087 2297 1177 2330 adeo
1202 2297 1318 2341 magni
1348 2297 1519 2330 momenti
1544 2297 1715 2330 orienta-.

272 2340 363 2372 lium
402 2339 757 2387 occidentaliumque
790 2343 1040 2386 episcoporum
1074 2349 1287 2378 conventum
1314 2344 1584 2376 oecumenicum
1608 2344 1704 2376 cele-

271 2386 397 2421 brari„
429 2387 470 2420 Id
502 2389 533 2420 si
568 2388 650 2428 fiat,
678 2388 795 2421 fidelis
820 2394 876 2422 est
900 2389 1017 2430 Deus,
1041 2391 1104 2435 qui
1129 2402 1193 2424 nos
1219 2403 1239 2424 a
1264 2392 1415 2425 veritate
1439 2390 1605 2423 aberrare
1630 2401 1703 2424 non
1784 2402 1800 2434 ‘i

271 2434 442 2478 patietur.
491 2433 530 2467 Si
556 2434 666 2478 igitur
689 2435 772 2468 Asia
798 2439 835 2467 et
856 2436 1018 2479 Europa,
1055 2437 1357 2481 quemadmodum
1382 2437 1491 2478 olim,
1513 2437 1552 2470 in
1576 2438 1702 2470 Roma—

271 2491 400 2514 norum
424 2480 578 2524 imperio
606 2486 849 2521 censerentur,
873 2482 969 2526 apud
993 2493 1058 2515 nos
1082 2485 1237 2526 synodus
1260 2484 1419 2528 cogenda
1440 2488 1542 2516 esset.
1590 2482 1713 2526 Quod⁴

272 2538 352 2560 cum
378 2527 455 2560 fieri
479 2528 552 2560 iam
576 2533 750 2572 nequeat,
777 2529 874 2570 (nam
907 2535 944 2562 ct
966 2540 1058 2573 papa
1089 2529 1159 2563 huc
1182 2532 1360 2575 proficisci
1384 2529 1524 2574 nequit,
1550 2534 1586 2562 et
1610 2528 1701 2561 mihi
1785 2530 1800 2575 ἓ

270 2579 344 2608 tam
368 2574 474 2618 louge
501 2574 546 2606 ab
571 2575 722 2618 imperio
747 2573 929 2608 discedere
946 2581 1093 2619 propter
1120 2578 1340 2611 continentia
1362 2577 1459 2609 bella
1489 2576 1701 2620 vicinosque
1725 2606 1728 2608 .
1789 2565 1800 2591 ³

270 2620 442 2654 barbaros
477 2626 513 2654 et
544 2621 709 2665 dynastas
733 2621 835 2662 alios,
861 2621 966 2656 nobis
995 2623 1156 2668 undique
1183 2624 1446 2663 incumbentes,
1468 2622 1532 2667 qui
1553 2633 1631 2654 cum
1654 2621 1700 2655 de

271 2667 552 2701 fide-nobiscum
577 2669 754 2706 seutIaut,
781 2674 899 2701 tamen
927 2668 1046 2701 hostes
1072 2681 1108 2702 se
1135 2671 1454 2714 profitentur,non
1484 2674 1539 2701 est
1563 2668 1703 2712 facile,)

271 2714 301 2748 si
326 2719 363 2748 et
389 2715 481 2748 Patri
502 2725 618 2760 papae
643 2715 837 2755 videbitur,
860 2715 905 2748 ad
932 2715 1048 2748 Locum
1072 2717 1229 2762 aliquem
1256 2717 1487 2754 maritimum,
1514 2715 1552 2748 iu
1576 2715 1699 2748 medio

272 2765 506 2808 utrorumque
523 2763 643 2805 situm,
667 2772 844 2798 consensu
871 2761 1120 2806 deveniemus,
1143 2763 1206 2798 ine
1231 2774 1310 2797 cum
1335 2762 1532 2798 occidentis
1558 2761 1700 2809 episto-
1787 2785 1800 2819 ἑ
