1800 3164
81 119 83 122 ⁴
126 134 540 183 ANNOTATmNEs
573 139 646 182 An
687 139 1060 183 CANTACUZENI
1098 142 1195 182 uss.
1237 144 1270 182 1.
1352 123 1459 199 367

26 258 99 286 'seu
128 244 444 299 megadomestici
476 244 774 299 intelligendum
804 253 887 285 est:
922 247 965 286 in
991 260 1071 300 quo
1097 252 1251 285 tantum
1291 253 1463 300 potesta-

22 305 83 342 ,tis
110 309 149 341 et
169 303 413 341 auctoritatis
444 300 600 352 habuit,
622 302 706 351 (etsi
733 301 772 340 id
805 315 890 342 non
917 303 1071 342 ratione
1098 302 1249 352 officii‚)
1277 310 1320 341 ut
1343 304 1464 356 impe-

30 358 137 397 rium
163 370 281 410 penes
307 356 583 395 Andronicum
612 357 807 396 iuniorem
835 359 998 397 nomine
1023 357 1108 396 solo
1128 386 1141 408 ‚
1177 371 1298 411 penes
1335 359 1464 411 ipsum

31 408 76 452 re
102 412 218 451 fuisse
248 419 449 466 appareat,
479 411 604 450 lib.2.
635 413 898 465 potissimum.
927 414 1010 452 Nee
1028 412 1148 452 semel
1177 415 1341 466 ipsemet
1357 427 1466 453 sum-

23 472 140 508 mam
155 471 239 506 rem
259 466 478 521 publicam,
509 468 628 505 etiam
658 467 892 506 Andronico
925 469 1149 522 superstite,
1178 469 1229 507 ab
1259 482 1299 507 se
1333 469 1466 508 admi-

31 524 239 562 nistratam
267 522 474 576 gloriatur.
532 523 614 571 Qui
642 530 776 561 autem
806 522 960 562 Graeca
990 523 1054 562 vel
1076 523 1318 576 primoribus
1346 523 1468 563 labris

27 579 274 632 attigerunt,
301 591 367 617 eos
400 591 482 616 non
514 576 628 623 fallit,
669 591 811 616 vocem
838 576 1066 631 πράγματα
1094 579 1323 632 frequenter
1348 580 1388 618 in
1419 593 1468 618 eo

31 633 159 673 solere
185 635 297 686 poni,
328 634 369 671 in
395 646 475 686 quo
503 646 566 671 res
595 630 754 685 publica
783 640 823 671 et
855 635 1066 686 imperium
1095 642 1312 687 ponuntur.
1342 635 1470 674 Porro

30 688 201 728 verbum
229 687 414 740 σωτηρία
436 689 555 726 etiam
584 688 621 726 ei
651 689 822 740 tempori
849 689 1111 727 tribuendum
1140 697 1218 738 est,
1269 704 1349 742 quo
1378 704 1470 743 par-

28 747 105 783 tim
132 750 178 783 ut
203 750 314 783 tutor
342 742 597 796 impuberum
637 742 860 782 Andronici
892 743 1066 782 filiorum
1087 773 1099 792 ,
1146 746 1293 797 partim
1322 753 1367 784 ut
1395 748 1471 784 im·-

30 806 191 852 perator
217 805 351 852 postea
380 799 583 837 communi
613 798 795 852 praefluit.
851 798 930 838 Sed
961 806 1007 838 ut
1034 799 1159 850 haec,
1196 801 1252 838 ita
1281 814 1385 852 quae
1410 814 1473 839 se-

26 861 224 908 quuntur,
256 853 306 892 ad
335 853 459 892 alium
486 855 711 900 neminem,
745 867 866 906 quam
896 853 947 893 ad
986 854 1304 893 Cantacuzenum
1347 857 1475 908 perti-

26 917 157 961 nent3
192 906 427 961 αὐτουργόν
457 910 564 948 enim
586 911 792 959 nominat,
836 911 904 962 qui
945 923 1008 948 res
1047 908 1197 949 scilicet
1228 910 1312 963 ipse
1343 924 1475 964 gesse·

26 966 107 1017 rit,
137 971 176 1003 et
205 963 316 1003 addit
344 961 420 1002 οὐκ
448 960 664 1017 ἀγνοήσεις
693 961 825 1016 δήπου
857 961 910 1002 τά
942 964 1010 1007 σά.
1043 978 1216 1007 romnis.

141 1019 244 1072 Pag.
274 1018 317 1069 8,
351 1031 414 1058 1¹.
466 1021 549 1058 tui
585 1021 761 1074 ipsius
802 1033 909 1058 esse
954 1021 1200 1073 coepisti.
1272 1021 1336 1059 De
1385 1035 1475 1060 mo-

0 1094 1 1114 ;
29 1073 236 1115 nachismo
271 1074 539 1113 Cantacuzeni
580 1074 679 1114 haec
715 1075 981 1127 interpretor,
1015 1089 1135 1127 quem
1164 1089 1207 1113 sc
1244 1075 1476 1115 medullitus

0 1130 1 1141 ³
29 1138 212 1184 expetere
237 1131 355 1169 toties
393 1136 585 1179 testatur,
629 1137 668 1168 et
699 1130 775 1168 sub
803 1130 922 1168 finem
959 1130 1051 1169 libri
1092 1129 1132 1180 4.
1170 1145 1257 1183 cap.
1284 1129 1353 1182 42.
1384 1145 1478 1170 cum

26 1188 197 1239 coniuge
225 1184 491 1238 amplectitur.
548 1186 594 1224 In
623 1199 671 1224 eo
698 1186 805 1224 vitae
834 1199 954 1224 cursu
986 1185 1155 1224 maxime
1198 1185 1289 1226 licet
1323 1185 1479 1225 homini

27 1256 147 1281 suum
177 1255 260 1280 esse
275 1253 490 1294 secumque
518 1240 715 1290 habitare,
743 1254 816 1279 nec
843 1254 885 1279 se
913 1247 1021 1279 extra
1052 1255 1269 1293 quaerere3
1300 1240 1404 1280 libro
1424 1241 1478 1291 5.,

29 1297 100 1336 ubi
133 1296 183 1335 de
212 1296 351 1335 eadem
379 1311 422 1335 re
453 1297 554 1348 agit,
583 1294 764 1349 a'cpavet'qc
790 1290 962 1347 συζήσω
989 1291 1059 1334 τὸν
1087 1291 1225 1335 πάντα
1254 1295 1360 1347 βίον,
1389 1296 1479 1334 κατ’

27 1347 210 1402 ἐμαυτὸν
248 1346 412 1402 διάγων.
470 1352 660 1403 Quinque
700 1357 836 1389 autem
872 1351 1115 1403 argumentis
1153 1351 1316 1403 fingitur
1358 1351 1477 1390 Nilus

28 1407 193 1460 quidam
233 1408 383 1446 amicus
427 1405 688 1445 Christodulo
737 1405 840 1458 (hoc
877 1413 972 1457 est,
1018 1407 1158 1445 Ioanni
1193 1406 1474 1446 Cantacuzeno

28 1462 180 1503 Christi
209 1452 359 1515 servo‘‚)
403 1462 507 1500 hanc
545 1461 777 1501 historicam
817 1462 1071 1514 scriptionem
1108 1461 1276 1500 suadere
1314 1477 1359 1501 ac
1387 1476 1478 1515 per-

25 1518 209 1558 suadere.
244 1518 279 1556 1.
309 1525 349 1556 et
379 1517 433 1555 11.
488 1517 593 1567 Quia
622 1517 686 1556 vir
709 1516 997 1555 illustrissimus
1035 1526 1156 1569 atque
1184 1519 1360 1570 optimus
1400 1524 1476 1566 est,

29 1573 166 1626 quales
194 1573 404 1625 scriptores
435 1572 510 1624 ipsi
554 1571 743 1611 historiae
786 1572 1014 1611 auctoritati
1061 1581 1182 1625 atque
1238 1579 1477 1611 ornamento

28 1636 141 1670 suut.
200 1629 308 1668 Bene
336 1640 512 1679 namque
541 1626 726 1679 Euripid.
762 1626 956 1666 Hecuba:
987 1622 1107 1678 λόγος
1132 1623 1215 1678 γὰρ
1244 1624 1289 1666 ἔκ
1315 1628 1350 1667 τ’
1379 1626 1479 1666 οἰδο-

31 1679 210 1731 ξούντων
249 1679 325 1723 ἰών
364 1676 465 1721 Κιίκ
495 1679 575 1720 τῶν
604 1679 868 1731 δοκούντων,
901 1678 1027 1727 αὐτὸς
1059 1676 1106 1720 οὗ
1139 1679 1286 1720 ταύτὸν
1322 1682 1478 1725 σθένει.

31 1739 106 1779 111.
131 1739 237 1789 Quia
263 1752 344 1777 non
375 1743 578 1790 spectator
605 1737 727 1775 modo
756 1736 915 1775 illarum
945 1750 1097 1786 rerum,
1119 1737 1229 1789 quod
1259 1737 1353 1776 satis
1381 1737 1478 1776 fuis-

32 1800 120 1845 set,
164 1793 234 1833 sed
273 1801 383 1832 actor
425 1805 585 1845 quoque
628 1791 717 1831 fuit.
755 1791 828 1831 IV.
885 1792 993 1842 Quia
1031 1792 1209 1832 veritatis
1254 1793 1479 1831 amantissi-

32 1862 146 1889 mus:
194 1848 311 1888 multi
353 1849 459 1887 enim
497 1847 675 1886 historici
717 1846 845 1885 multa
883 1848 1038 1885 mentiti
1075 1854 1168 1885 sunt¹
1207 1848 1480 1886 mentiuntur-

32 1917 138 1956 que3
163 1904 353 1957 (memini
383 1903 489 1942 illius
524 1902 695 1942 Senecae
724 1916 770 1941 ex
793 1901 820 1943 l.
838 1901 878 1953 4.
924 1902 1085 1952 Quaest,
1121 1902 1212 1940 Nat.
1254 1916 1340 1955 cap.
1372 1903 1438 1941 30.
1464 1916 1477 1942 :

32 1958 224 1999 Historici
253 1974 342 1999 cum
368 1960 491 1998 multa
523 1959 674 1997 mentiti
700 1966 800 2007 sunt,
838 1957 1048 1996 arbitrium
1083 1971 1208 2006 suunt,
1247 1972 1366 1996 unam
1399 1958 1479 1996 ali-

29 2029 149 2070 quam
177 2029 260 2055 rem
289 2015 427 2054 nolunt
450 2014 664 2068 spondere‚·
694 2013 765 2051 sed
791 2012 995 2061 adiiciunt,
1026 2026 1146 2068 penes
1180 2021 1353 2051 auctores
1365 2011 1479 2068 fides

30 2073 105 2110 erit
115 2072 144 2121 ,·)
176 2084 223 2110 ac
251 2070 423 2124 proinde
443 2070 512 2122 qui
535 2069 742 2108 historiam
764 2067 1033 2114 conscribant,
1066 2069 1231 2106 minime
1258 2067 1384 2121 digni,
1404 2082 1478 2106 cu-

31 2125 93 2165 ius
120 2127 248 2179 prima
276 2124 356 2176 lex,
386 2139 435 2164 ne
464 2125 564 2178 quid
598 2123 741 2162 salsum
780 2122 955 2173 audeas,
1002 2137 1080 2162 neu
1102 2122 1198 2176 quid
1227 2136 1367 2162 verum
1396 2137 1478 2162 non,

31 2180 195 2221 audeas.
250 2181 304 2220 V.
348 2180 456 2231 Quia
496 2179 675 2219 laborem
702 2192 785 2217 non
812 2178 969 2228 oderit,
997 2186 1044 2218 ut
1060 2177 1282 2229 nonnulli,
1324 2192 1426 2232 quos
1454 2192 1480 2217 a

30 2236 246 2300 praeclaris
272 2238 440 2289 negotiis
469 2235 651 2289 segnities
687 2234 899 2287 praecipue
930 2233 1127 2278 deterret,
1175 2247 1268 2272 cum
1298 2232 1479 2286 ingenuis

32 2304 116 2344 ipsa
147 2305 284 2331 rerum
313 2291 548 2331 difficultate
581 2296 732 2329 crescat
757 2288 928 2331 animus.
984 2288 1062 2328 Vel
1091 2288 1272 2328 dicamus
1292 2317 1304 2338 ‚
1338 2288 1480 2327 Nilum

32 2346 162 2386 tribus
189 2347 250 2386 uti
289 2347 536 2386 rationibus:
577 2345 689 2398 quod
728 2358 863 2383 rerum
890 2345 1067 2398 ipsarum
1099 2351 1241 2383 actor:
1272 2343 1381 2396 quod
1410 2357 1481 2382 ve-

33 2414 128 2441 rax:
171 2401 280 2455 quod
318 2403 509 2454 impiger:
549 2414 721 2453 quarum
750 2401 903 2453 priores
929 2400 1033 2440 duae
1062 2413 1106 2440 ex
1136 2398 1241 2439 illis:
1288 2399 1349 2438 Dc
1375 2399 1481 2438 enim

31 2457 219 2514 quamdiu
246 2463 318 2496 etc.
346 2456 604 2507 colliguntur.
643 2469 816 2497 1101111111.

145 2513 248 2565 Pag.
267 2510 308 2558 8,
333 2526 394 2555 11.
427 2512 694 2551 Veritatis
722 2525 784 2550 ac
811 2511 1062 2550 iustitiae
1084 2510 1371 2565 exemplar.
1399 2508 1479 2547 Ve-

35 2564 136 2606 ritas
154 2574 195 2606 et
226 2568 374 2606 iustitia
401 2566 467 2606 hic
496 2567 602 2606 idem
622 2573 781 2618 sonant,
810 2565 919 2620 quod
937 2566 1165 2619 saepissime
1185 2567 1226 2604 in
1242 2565 1389 2604 divinis
1415 2562 1482 2602 lit-

36 2622 330 2674 teris‚quarum
358 2622 467 2662 hunc
496 2629 700 2661 auctorem
728 2635 811 2661 esse
838 2621 1131 2675 perstudiosum
1150 2649 1163 2670 ,
1192 2627 1231 2658 et
1262 2631 1397 2659 amare
1420 2631 1483 2656 sa-

37 2688 126 2715 cras
155 2676 241 2715 illas
271 2675 457 2730 loquendi
488 2677 650 2725 formas,
685 2684 840 2716 certum
869 2684 939 2719 est,
998 2675 1212 2715 Ambulare
1231 2676 1273 2714 in
1299 2675 1481 2719 veritate,

26 2730 170 2782 faeere
196 2733 397 2771 veritatem
421 2741 458 2773 et
486 2733 688 2783 iustitiam,
719 2733 774 2771 sic
800 2733 910 2771 dccet
949 2745 1017 2771 nos
1046 2729 1211 2784 implere
1239 2742 1391 2770 omnem
1424 2728 1486 2766 iu..
