1794 3158
310 133 424 200 426
813 146 1227 190 ANNOTATmNEs

419 253 523 307 Pag.
548 265 716 307 ¹97,2o.
755 265 823 290 ex
852 249 1037 299 adytis
1074 247 1332 299 grediens,
1374 245 1645 301 curopalam:
1683 245 1750 296 ἐξ·

308 305 534 362 ερχόμενος
574 308 595 347 ὁ
640 303 901 359 πατριάρχης
937 302 1012 342 τοῦ
1063 298 1260 354 βήματος.
1316 304 1519 355 Interpres
1541 317 1554 342 z
1608 303 1750 342 exiens

303 366 534 420 patriarcha
559 379 580 402 e
615 362 711 400 solio
739 374 820 400 suo,
850 358 1013 397 Resutat
1042 357 1150 396 hunc
1179 357 1502 407 Cantacuzenus,
1532 358 1603 411 qui
1629 357 1750 410 adyta

311 419 498 472 appellat.
553 416 733 457 Ecclesia
779 415 1027 453 Graecorum
1067 413 1107 451 in
1150 412 1326 466 quinque
1368 420 1501 466 partes
1544 411 1751 453 dividitur.

310 475 447 515 Prima
479 487 571 526 pars
598 472 745 511 dicitur
774 464 892 520 ἅγιον
916 468 1032 522 βῆμα
1054 497 1066 518 ,
1093 476 1268 507 sanctum
1296 468 1613 516 tabernaculum,
1641 467 1751 520 quod

311 530 502 584 gradibus
530 528 570 566 in
598 540 687 566 eam
715 524 954 573 scandatur,
995 524 1066 561 ubi
1107 523 1188 562 duo
1225 530 1320 562 sunt
1347 522 1519 563 altaria:
1550 523 1681 563 maius
1708 523 1751 562 in

311 586 444 624 medio
465 612 477 633 ,
507 582 617 636 quod
646 579 867 634 appellatur
893 573 1198 630 θυσιαστήριον
1215 608 1226 626 ,
1264 592 1380 618 sacra
1412 592 1543 618 mensa
1560 608 1571 625 ‚
1613 585 1752 616 sancta

309 648 529 679 sanctorum
545 667 556 686 ‚
579 638 683 676 locus
710 636 793 674 Dei
815 635 992 690 requietis
1006 662 1018 683 ,
1043 633 1251 684 cathedra,
1279 634 1604 689 propitiatorium
1618 661 1630 682 ‚
1659 644 1753 671 ma·-

307 696 378 746 gni
413 693 610 748 sacrificii
651 689 813 744 officina
828 720 839 740 ,
886 690 1031 728 Christi
1068 697 1352 728 monumentum
1395 698 1434 728 et
1478 690 1563 727 eius
1599 688 1754 740 gloriae

311 749 621 788 tabernaculum.
679 747 815 785 Minus
844 744 997 793 altare,
1030 744 1070 783 in
1099 757 1180 796 quo
1208 743 1391 783 sacerdos
1430 757 1542 783 sacra
1589 756 1755 795 praepa-

314 812 397 855 rat,
427 804 575 843 dicitur
596 797 819 854 πρόθεσις,
849 801 961 852 quasi
985 799 1204 853 propositio
1224 828 1235 850 ,
1252 798 1361 852 quod
1389 800 1501 852 panis
1519 811 1755 837 consecran-

313 860 388 899 dus
418 859 457 897 in
485 873 532 898 eo
557 859 732 912 primum
761 862 946 908 ponatur.
1002 853 1187 898 Secunda
1219 868 1311 907 pars
1338 853 1474 907 templi
1506 853 1654 892 dicitur
1696 848 1755 890 ἴε-

312 917 503 964 ρατεῖον,
543 915 680 952 choras
699 941 710 960 ‚
752 910 862 949 locus
901 909 1008 949 clero
1051 916 1091 948 et
1125 909 1355 948 cantoribus
1383 909 1616 963 deputatus.
1669 906 1756 946 Ubi

311 969 564 1018 tabulatum,
609 967 691 1006 duo
729 965 881 1004 habens
909 966 1011 1004 ostia
1045 971 1084 1003 et
1124 963 1214 1004 vela
1242 966 1404 1016 utrique
1431 964 1534 1003 ostio
1561 975 1752 1015 oppansa.

310 1025 448 1064 Tertia
491 1038 584 1077 pars
625 1017 799 1072 ἅμβων,
829 1020 1051 1076 pulpitum,
1099 1018 1171 1058 ubi
1217 1020 1435 1058 recitantur
1474 1016 1679 1071 evangelia
1717 1022 1759 1055 et

311 1078 501 1132 epistolae
527 1087 566 1118 et
595 1077 717 1117 verba
749 1075 851 1114 fiunt
879 1075 930 1114 ad
959 1073 1171 1128 populum.
1236 1074 1358 1113 Unde
1395 1067 1500 1125 εὗχῆ
1542 1065 1758 1119 ‹imo-‘hiu-

310 1135 463 1186 βωνος,
491 1135 617 1173 oratio
639 1146 743 1186 pone
766 1131 970 1169 ambonem
997 1144 1066 1169 seu
1094 1139 1317 1182 suggestam,
1348 1130 1504 1179 Quarta
1525 1141 1618 1181 pars
1642 1122 1757 1173 ναὸς,

311 1190 498 1244 templum
530 1203 600 1228 seu
632 1188 749 1226 navis
776 1186 960 1224 ecclesiae
979 1215 991 1235 ,
1026 1186 1095 1224 ubi
1123 1184 1296 1238 populus
1337 1191 1454 1235 orat,
1496 1184 1536 1223 in
1567 1196 1648 1236 qua
1679 1182 1758 1220 viri

311 1259 335 1283 a
367 1243 606 1283 mulieribus
634 1242 801 1282 seiuncti
830 1248 923 1280 sunt
954 1254 1025 1293 per
1051 1240 1246 1279 tabulata.
1307 1240 1461 1290 Quinta
1490 1245 1549 1278 est
1575 1238 1759 1292 baptiste-

311 1301 437 1348 riam,
468 1313 593 1352 prope
620 1293 833 1348 πρόναον,
864 1310 989 1348 prope
1018 1296 1249 1334 vestibulum
1279 1295 1442 1348 templi,
1490 1293 1563 1332 ubi
1592 1292 1760 1332 haerent

311 1355 571 1410 poenitentes.
627 1353 735 1391 Haec
776 1349 1060 1389 Genebrardus
1086 1351 1126 1388 in
1161 1350 1390 1404 Liturgicis.
1421 1362 1595 1391 rou'rAN.

421 1410 527 1462 Pag.
553 1407 646 1462 198,
667 1407 709 1447 8.
739 1407 832 1451 ταῖς
861 1407 1064 1459 κεφαλαῖς
1095 1406 1152 1444 Μ.

423 1463 529 1517 Pag.
556 1462 644 1517 198,
670 1463 730 1503 15.
766 1474 929 1515 super
958 1474 1176 1499 mensam
1202 1473 1426 1500 sacram.
1454 1458 1584 1512 Super
1607 1457 1763 1497 θυσια-

314 1519 501 1573 στήριον,
531 1526 577 1557 ut
604 1531 739 1571 supra.
771 1529 946 1556 PONTAN.

424 1573 527 1626 Pag.
557 1573 646 1627 198,
669 1586 734 1612 22.
763 1584 947 1609 versus
973 1570 1189 1610 soleam.
1220 1570 1298 1608 Seu
1326 1583 1458 1608 versus
1486 1568 1652 1607 soleam.
1681 1566 1760 1606 La-

313 1631 400 1669 tina
427 1642 523 1678 vox,
553 1635 706 1679 partem
723 1627 954 1665 interiorem
983 1624 1138 1677 templi,
1167 1639 1270 1677 quae
1299 1623 1424 1663 solem
1451 1625 1648 1663 orientem
1671 1635 1763 1675 spe-

314 1691 410 1736 ctat,
442 1684 681 1737 significans,
712 1681 844 1734 inquit
867 1680 1103 1719 Scholiastes
1134 1678 1424 1732 Curopalatae.
1454 1691 1631 1719 romum.

425 1738 528 1791 Pag.
555 1752 644 1792 ¹99⁹
665 1737 706 1777 6.
752 1745 1008 1789 paratam
1042 1736 1136 1774 illi
1179 1748 1448 1777 coronam.
1505 1730 1762 1785 Curopalata=

316 1793 397 1844 οὐχ
424 1787 570 1842 ὅμοιον
600 1792 657 1848 τῷ
689 1791 763 1832 τοῦ
789 1790 1010 1841 βασιλέως,
1043 1788 1133 1829 ἀλλ’
1158 1787 1303 1843 ἕτερόν
1331 1803 1374 1829 τι
1403 1787 1550 1840 σχῆμα
1571 1799 1766 1841 προητοι-

315 1849 529 1900 μασμένον
550 1842 759 1900 ὕπαρχον.
790 1859 965 1886 ΡοΝτΑΝ.

427 1904 534 1955 Pag.
560 1917 649 1957 199,
672 1903 741 1941 23.
766 1915 799 1955 p
815 1915 878 1940 ro
898 1916 919 1939 c
937 1915 957 1940 e
977 1917 995 1940 s
1012 1902 1102 1940 sio
1134 1908 1210 1939 etc.
1267 1899 1417 1938 Totum
1449 1898 1546 1943 hoc,
1592 1904 1633 1936 et
1661 1911 1766 1949 quae

318 1965 567 2012 sequuntur,
597 1955 941 2010 περιφραστικιὸς
970 1956 1192 2006 declarant,
1221 1955 1319 2008 quid
1351 1957 1415 2004 sit,
1449 1967 1552 2007 quae
1580 1954 1621 1991 in
1650 1953 1768 1991 missa

317 2015 567 2053 Graecorum
597 2012 807 2051 dicebatur
834 2007 996 2062 μεγάλη
1030 2007 1191 2056 εἴσοδος
1216 2040 1226 2060 ,
1259 2010 1367 2062 quod
1399 2009 1451 2048 ad
1483 2008 1653 2047 verbum
1681 2021 1769 2045 ma-

318 2083 416 2121 gnus
437 2070 629 2120 ingressus
659 2067 914 2120 interpretari
936 2066 1069 2115 nolui,
1099 2079 1150 2104 ne
1180 2064 1305 2104 lector
1333 2064 1538 2113 haereret,
1567 2070 1607 2101 et
1633 2069 1769 2104 tamen

319 2124 427 2178 quod
452 2131 512 2162 tot
539 2123 671 2165 verbis
698 2137 769 2176 per
797 2122 1074 2161 circuitionem
1104 2120 1383 2173 explicaretur,
1409 2121 1449 2158 in
1483 2124 1670 2158 contextu
1697 2131 1770 2169 ap-

319 2179 551 2233 ponendum
582 2178 692 2219 duxi.
749 2178 856 2216 Haec
893 2184 1027 2216 autem
1065 2175 1327 2229 supplicatio,
1356 2188 1427 2214 seu
1454 2175 1529 2212 iste
1561 2173 1768 2221 circuitus,

320 2235 395 2273 der
413 2234 633 2286 Umbgang‚
665 2234 705 2271 in
738 2233 824 2285 ipso
853 2231 1001 2285 templo
1027 2233 1068 2271 in
1101 2233 1240 2284 quavis
1256 2230 1434 2283 liturgia,
1466 2227 1570 2267 lecto
1597 2240 1771 2279 evange-

316 2288 371 2328 lio
400 2296 439 2327 et
470 2288 640 2327 dimissis
669 2287 972 2327 catechumenis
1000 2287 1267 2340 peragebatur
1284 2316 1295 2338 ‚
1339 2292 1386 2324 ut
1415 2299 1461 2323 ex
1491 2282 1657 2322 Nicolao
1687 2282 1766 2320 Ca-

320 2343 448 2383 basila
486 2345 528 2381 in
558 2346 724 2396 exposit.
756 2344 962 2396 Liturgiae
995 2357 1082 2396 cap.
1115 2342 1183 2381 23.
1215 2348 1255 2380 et
1284 2339 1348 2391 24.
1382 2340 1523 2392 liquet.
1592 2338 1628 2375 A
1668 2350 1764 2389 pro-

321 2398 426 2438 thesi
454 2398 614 2436 initium
643 2398 887 2451 procedendi
919 2405 1018 2436 erat.
1075 2397 1226 2436 Omnia
1255 2397 1362 2435 enim
1400 2397 1505 2434 circa
1533 2406 1644 2432 sacra
1680 2405 1771 2444 my-

323 2455 443 2493 steria
471 2462 666 2506 peragunt
698 2454 841 2493 Graeci
872 2454 912 2491 in
943 2453 1135 2506 prothesi.
1190 2451 1255 2491 Sic
1292 2451 1417 2490 altare
1445 2449 1577 2487 minus
1605 2453 1769 2494 vocant,

326 2523 372 2548 ex
401 2522 482 2560 quo
515 2522 660 2560 panem
709 2509 759 2547 ad
799 2509 1137 2548 consecrationem
1176 2506 1416 2547 destinatum
1455 2511 1495 2542 et
1533 2502 1611 2542 alia
1639 2515 1773 2540 sacer-

323 2563 398 2602 dos
426 2570 465 2602 et
502 2564 692 2602 diaconus
720 2565 983 2616 accipientes,
1015 2562 1211 2615 templum
1239 2563 1486 2601 circumeunt
1503 2587 1516 2607 ,
1577 2557 1773 2596 adiuncto>

325 2626 411 2657 toto
441 2619 660 2657 ministerio
688 2618 969 2669 ecclesiastico,
999 2620 1063 2658 cui
1094 2619 1212 2656 etiam
1241 2614 1534 2668 adiungebatur
1551 2613 1775 2665 imperator

328 2674 591 2721 coronandus,
622 2681 760 2712 tenens
790 2673 922 2711 locum
953 2672 1029 2713 τοῦ
1058 2670 1300 2720 ὃεηοτοὶτου,
1335 2678 1380 2708 ut
1408 2669 1540 2722 inquit
1569 2668 1768 2707 Cantacu—

330 2743 466 2769 zenus.
524 2728 577 2766 Et
609 2728 707 2768 haec
734 2731 931 2780 processio
959 2728 1179 2768 vocabatur
1204 2722 1363 2777 μεγάλη
1389 2721 1564 2773 εἴσοδος,
1597 2737 1642 2761 eo
1660 2721 1770 2775 quod
