1794 3158
419 165 492 205 AD
535 163 903 209 CANTACUZENJ
929 167 1026 208 ΜΒ.
1051 170 1084 208 1.
1359 151 1470 218 415

35 266 110 308 Est
147 267 252 307 enim
290 265 358 306 via
396 267 438 306 in
488 266 643 307 coelum
685 267 825 319 laura,
869 269 945 309 hoc
987 276 1046 309 est
1089 269 1305 318 στενωπός.
1361 270 1470 312 Haec

33 329 167 363 noster
197 321 364 361 Iacobus
393 323 618 365 Gretserus.
646 335 816 363 ronna.

140 377 250 429 Pag.
286 375 378 430 149,
413 389 475 431 ¹7·
510 379 561 417 in
587 377 629 417 Α
638 378 734 417 tho.
793 378 911 418 Mons
934 379 1000 419 hic
1025 380 1282 421 Macedoniae
1307 383 1469 421 notissi-

33 444 123 471 mus
147 445 170 470 0
207 429 496 484 scriptoribus,
547 446 629 471 non
675 432 796 472 semel
831 435 874 471 in
909 433 984 473 hac
1030 434 1195 476 historia
1226 439 1470 478 nominatur.

31 485 166 529 Etiam
200 485 320 526 hodie
345 478 442 539 ὄρος
471 483 588 538 ἅγιον
617 487 791 539 dicitur,
823 488 895 526 ubi
928 488 993 530 25.
1027 499 1238 543 supersunt
1269 500 1467 532 monaste·

31 542 93 581 ria
111 570 124 593 ,
156 540 311 595 singula
339 541 543 594 quondam
576 541 757 582 ducentis
797 550 868 581 aut
909 546 1095 584 trecentis
1127 545 1316 600 calogeris
1351 547 1468 587 habi-

31 650 229 691 Graecum
279 651 443 704 vulgus)
490 659 709 705 contraque
757 654 842 692 vim
882 653 1128 706 praedonum
1161 669 1207 694 ac
1246 658 1473 710 piratarum

27 707 197 746 munita.
256 705 370 745 Nunc
390 706 594 746 deminuto
626 706 718 746 licet
750 721 935 759 numero,
966 709 1098 749 adhuc
1132 723 1272 750 eorum
1302 719 1361 752 est
1377 727 1465 751 ma·-

28 774 108 813 gna
137 761 194 800 ibi
225 762 352 813 copia.
407 761 445 800 A
472 761 613 801 Turcis
638 769 808 802 vocatur
833 764 1030 802 Monastir
1047 793 1060 814 ,
1105 772 1150 804 ut
1177 766 1299 806 refert
1326 768 1461 806 Leun-

27 814 192 858 clavius.
247 815 302 855 Et
332 816 574 870 quicumque
601 816 680 856 alio
712 819 897 858 venirent
933 817 1052 858 huius
1089 823 1235 860 montis
1258 822 1460 871 monachi,

26 877 190 924 propter
217 873 427 910 arctiorem
453 871 705 926 disciplinam
742 874 1012 927 maioremque
1049 877 1281 928 opinionem
1313 878 1463 917 sancti-

26 927 182 966 moniae
208 926 349 966 maiori
376 934 490 966 erant
514 929 556 967 in
592 927 745 967 honore
781 943 827 968 30
855 931 1201 983 pretioffirouun.

133 981 243 1034 Pag.
284 981 374 1034 149,
413 995 472 1036 19.
501 980 714 1034 χρώμενοι
742 984 800 1026 Μ.
835 998 915 1038 mg.

133 1035 240 1090 Pag.
275 1036 366 1090 149,
399 1049 467 1075 22.
497 1036 591 1076 νέου
620 1051 701 1076 0111.
738 1040 795 1081 Μ.

132 1089 238 1144 Pag.
274 1091 365 1143 150,
400 1091 463 1140 14.
487 1091 588 1144 περὶ
616 1087 771 1131 ἑαυτοῦ
796 1094 856 1132 Μ.
886 1101 926 1134 et
946 1108 1020 1147 pro
1046 1090 1119 1135 ἐπὶ
1135 1109 1245 1150 supr:
1263 1094 1332 1140 lin.
1350 1095 1460 1152 περὶ.

132 1144 242 1199 Pag.
279 1146 368 1194 150,
408 1145 470 1185 15.
500 1143 604 1199 πρὸς
631 1144 701 1187 τὸν
730 1147 908 1198 βασιλέα
941 1151 999 1189 Μ.

133 1199 237 1253 Pag.
273 1199 363 1252 150,
395 1214 460 1241 20.
490 1199 784 1256 ἀφῃρημένους
824 1200 868 1242 τὸ
898 1204 1052 1255 γένειον
1092 1201 1166 1243 καὶ
1204 1201 1278 1252 τοὶς
1296 1207 1460 1258 τρίχας.

22 1253 181 1307 Quibus
213 1255 348 1295 verbis
385 1263 482 1309 puto
529 1271 712 1296 rasuram
738 1287 749 1308 ‚
799 1272 882 1297 non
910 1261 1173 1299 attonsionem
1213 1275 1284 1300 seu
1312 1262 1458 1302 deton-

22 1311 196 1359 sionem,
240 1311 464 1364 significari.
535 1311 648 1352 Alibi
681 1319 814 1352 tamen
849 1313 912 1353 bis
948 1322 1011 1353 ter
1046 1315 1171 1354 verbo
1211 1317 1459 1370 περικείρειν

19 1367 148 1405 utitur
175 1371 214 1404 et
239 1365 360 1405 semel
389 1367 606 1417 περιελεῖν.
661 1366 798 1418 Quare
824 1368 940 1408 liceat
963 1369 1127 1409 sortasse
1153 1370 1368 1410 transferre
1385 1372 1458 1411 de-

59 1434 130 1460 nsa
159 1419 285 1460 barba
311 1430 349 1460 et
373 1421 540 1476 capillis·
597 1421 733 1461 Genus
756 1424 1016 1477 ignominiae,
1047 1425 1232 1475 Graecis,
1261 1432 1306 1464 ut
1334 1441 1458 1480 appa-

40 1483 95 1527 et,
123 1475 330 1527 usitatum,
358 1475 548 1515 Romanis
575 1477 762 1528 minime,
786 1493 887 1532 quos
917 1493 997 1518 non
1024 1479 1245 1520 delectabat
1278 1494 1457 1534 καρηκο-

0 1559 2 1567 .
50 1530 203 1576 adiutae
251 1538 320 1570 aut
346 1527 616 1582 πωγωνιάτας
645 1546 756 1583 0550,
785 1534 862 1573 11151
896 1533 1119 1574 sordidatos
1147 1542 1187 1574 ct
1213 1549 1333 1588 reos;
1364 1543 1453 1578 tum

0 1609 3 1622 .
41 1586 123 1624 nim
157 1584 325 1625 barbam
357 1586 553 1638 impexam
598 1593 637 1625 et
660 1587 918 1641 ‘squalentem
960 1590 1229 1643 capillumque
1269 1593 1458 1632 summit-

0 1669 3 1677 .
57 1640 168 1681 bant.
224 1640 279 1679 At
312 1641 472 1679 Graecis
510 1641 550 1680 id
591 1640 736 1681 honori
763 1643 840 1682 fuit
860 1673 873 1694 ,
903 1652 1147 1698 quapropter
1184 1647 1320 1699 magni
1349 1647 1457 1700 apud

65 1709 83 1735 s
109 1694 313 1735 dedecoris
340 1694 428 1734 loco
458 1695 654 1746 habitum,
681 1699 736 1736 ita
774 1698 1041 1738 deformatum
1073 1701 1114 1739 in
1151 1700 1240 1739 foro
1274 1709 1458 1753 spectan-

0 1772 3 1794 2
43 1765 114 1790 um
140 1758 180 1790 et
214 1750 460 1790 irridendum
494 1751 683 1791 exhiberi.
738 1753 912 1793 Videtur
950 1762 1083 1793 autem
1118 1769 1205 1794 mos
1239 1755 1457 1797 admodum

0 1839 3 1848 ‚
39 1807 204 1859 ntiquus
239 1805 440 1845 decalvari
472 1805 635 1845 ludibrii
667 1820 798 1846 causa.
853 1809 958 1847 Nam
989 1809 1163 1863 Paralip.
1191 1824 1225 1852 1.
1251 1824 1344 1849 cum
1367 1812 1455 1851 Da-

0 1881 5 1905 ,
40 1861 82 1900 fd
126 1861 276 1914 legatos
309 1862 477 1900 misisset
514 1861 565 1900 ad
601 1862 890 1902 consolandum
912 1864 1136 1914 Hananem,
1175 1864 1303 1904 filium
1330 1865 1454 1918 Naas,

0 1938 4 1961 ι
36 1916 119 1969 egis
145 1916 496 1967 Ammoustamm,
524 1916 592 1955 ille
621 1931 785 1956 suorum
817 1932 937 1958 suasu
975 1932 1121 1972 pueros
1155 1919 1289 1959 David
1318 1920 1453 1960 decal-

0 1991 5 2016 ,
41 1972 126 2010 avit
153 1977 192 2010 et
225 1973 335 2011 rasit.
396 1970 502 2010 Hinc
531 1971 663 2011 David
702 1975 930 2028 praecepit,
959 1981 1004 2012 ut
1033 1982 1240 2015 manerent
1274 1975 1315 2014 in
1358 1977 1454 2015 Hie-

37 2025 140 2074 'cho‚
163 2025 289 2065 donec
321 2033 512 2066 cresceret
538 2026 666 2066 barba
700 2042 854 2071 eorum.
912 2030 1022 2079 Quin
1052 2030 1094 2069 id
1117 2030 1226 2084 apud
1250 2030 1452 2071 Hebraeos

0 2079 55 2126 t'n
86 2080 197 2121 luctu
223 2081 356 2131 fieret,
405 2088 545 2121 contra
577 2096 698 2136 quam
726 2084 835 2136 apud
871 2083 1103 2135 Romanos,
1144 2085 1279 2125 multis
1309 2100 1331 2125 0
1355 2084 1452 2126 locis

57 2149 147 2176 crae
173 2137 391 2190 scripturae
416 2144 585 2176 constat.
618 2151 791 2177 10111111.

122 2190 231 2244 Pag.
268 2191 358 2243 151,
389 2190 428 2232 5.
458 2190 669 2235 Persas.
723 2193 932 2246 Observa,
967 2208 1042 2248 pro
1068 2195 1228 2242 Turcis,
1261 2197 1331 2249 qui
1369 2196 1450 2235 iam

60 2259 99 2285 m
140 2246 280 2286 Asiam
311 2247 507 2286 minorem
549 2247 785 2288 obtinebant
822 2257 861 2289 et
900 2250 941 2287 in
974 2251 1073 2289 fines
1103 2251 1303 2290 Romanos
1335 2264 1450 2303 saepe

60 2300 315 2351 assabantur,
350 2301 391 2341 id
418 2301 527 2354 quod
561 2304 602 2340 in
629 2317 840 2357 progressu
869 2304 995 2344 disces
1015 2334 1027 2356 ‚
1070 2318 1224 2358 semper
1256 2320 1280 2345 a
1309 2313 1449 2345 nostro

0 2361 6 2401 Ι
47 2370 167 2403 ersas,
198 2370 405 2410 nunquam
433 2357 588 2396 Turcas
613 2359 822 2412 appellari,
856 2367 902 2399 ut
932 2359 1028 2399 facit
1055 2360 1263 2413 GregoraS.
1322 2361 1449 2414 quue

39 2409 75 2450 el
120 2419 282 2464 propter
321 2411 458 2451 odium
488 2412 650 2452 Turcici
684 2415 885 2465 nominis,
930 2413 996 2453 vel
1035 2423 1198 2468 propter
1248 2414 1449 2469 religionis

0 2484 6 2511 ι
62 2467 357 2505 mmunionem:
390 2466 531 2506 ambae
549 2468 744 2521 siquidem
769 2477 919 2524 gentes,
949 2470 1107 2510 Turcae
1138 2477 1178 2510 et
1199 2470 1358 2521 Persae,
1384 2484 1448 2510 se·-

78 2534 99 2559 e
136 2521 455 2561 Mahometauae.
487 2536 661 2563 rouun-

122 2575 231 2628 Pag.
280 2577 369 2627 151,
412 2589 478 2618 21.
509 2570 620 2629 ἦσαν
668 2574 748 2629 γὰρ
791 2573 1013 2633 φεύγοντες
1060 2579 1136 2619 ov’n
1185 2579 1230 2619 ἐν
1275 2577 1443 2635 ἐφικτῷ.

0 2626 128 2668 .Cur?
155 2632 249 2683 quia
277 2631 392 2670 nimis
413 2631 594 2671 celeriter
625 2632 844 2686 fugiebant.
905 2635 988 2674 Cur
1009 2642 1091 2674 tam
1121 2635 1330 2674 celeriter?
1352 2637 1445 2688 quia

55 2682 186 2723 ultum
213 2685 430 2725 timebant:
471 2688 592 2726 timor
621 2696 755 2728 autem
789 2690 958 2742 pedibus
986 2690 1098 2729 addit
1133 2689 1245 2742 alas,
1277 2696 1323 2728 ut
1359 2704 1444 2728 ma-

0 2732 114 2785 nnus
141 2746 250 2779 vates
284 2741 353 2782 ait.
407 2741 515 2794 Ergo
547 2756 707 2783 sensum
745 2745 953 2784 commode
970 2773 982 2794 ‚
1016 2751 1062 2783 ut
1102 2758 1219 2798 reor,
1254 2744 1444 2798 expressi-

21 2764 37 2791 υ·

28 600 114 636 tata
141 596 364 650 (calogeros
383 625 396 646 ‚
434 597 476 636 id
505 604 564 636 est
604 597 730 636 bonos
761 611 874 637 senes
894 627 906 648 ‚
932 600 1147 640 monachos
1173 601 1262 641 illos
1285 603 1466 642 nominat
1522 626 1526 630 -
