1800 3164
519 154 896 212 flis‘romARuM
924 173 1005 213 iv.
1046 178 1116 218 αα.
1411 177 1428 210 1
1445 176 1515 231 79

77 278 193 314 rma.
229 267 311 312 ’ὅτι
339 271 469 323 ssu&
487 285 600 327 (pmn
626 273 677 328 τῇ
706 274 899 325 Παλαμᾶ
937 275 1234 330 προσκείμενον
1258 278 1403 332 μερίδι
1423 272 1517 319 ἅδι-
1531 279 1621 313 A·C·
1638 280 1719 314 ¹³5¹

73 351 146 378 κον
173 337 320 392 ψῆφον
349 337 604 390 ἐπενεγκεῖν,
645 340 718 379 καί
748 336 818 379 διὰ
846 340 963 381 τοῦτο
1006 341 1106 394 μηδ’
1135 337 1266 382 αὐτὸν
1292 345 1518 385 πειθεσθαι
1531 327 1566 361 P·
1594 328 1667 361 8⁰5

15 420 19 427 ·
69 403 258 455 ἐθέλειν,
300 401 358 451 ὥς
395 400 468 443 τὸν
497 401 627 444 αὔτὸν
655 397 753 445 ὄντα
780 406 854 446 καί
879 404 1077 460 δικαστήν
1115 406 1188 448 καί
1215 404 1517 450 ἇντικαθιστά-

73 481 195 521 μενον
223 466 328 522 πρὸς
367 465 443 522 τὴν
470 466 587 522 δίκην
622 474 711 517 τοῖς
737 472 1016 524 κρινομένοις,
1047 472 1326 526 ειῖχερὲστατα
1358 474 1518 527 ψευδό-

23 531 199 585 κδ-μενον
233 533 456 586 α’πελέγξω.
511 530 753 576 τοῦναντίον
794 533 874 590 γὰρ
907 537 1066 588 μᾶλλον
1099 536 1333 592 Βαρλαάμ,
1373 537 1420 589 ὃς
1447 543 1519 595 τῆς

71 597 263 652 τοιαύτης
289 591 388 652 ἦρξε
419 598 642 654 διαφορᾶς,
673 602 949 655 προσεκεᾴιην
977 603 1159 657 ἐξαρχῆς
1191 605 1332 653 αότός.
1389 604 1516 647 αὐτόν

8 712 11 714 ,
68 677 115 705 τε
143 661 224 719 γάρ
250 660 364 717 εἶχον
391 664 462 706 ἐπὶ
487 666 562 719 τῆς
589 665 692 719 ἐμῆς
722 667 855 714 οἰκίας
885 667 1154 722 διατρίβοντα
1185 671 1259 710 καί
1280 667 1375 718 τοὺς
1396 671 1521 712 οἷδελ-

11 739 26 773 J
73 726 203 785 φοῦς,
234 728 306 771 καί
330 731 483 785 πολλῆς
510 731 652 785 η’ξίουν
679 733 751 785 τῆς
779 733 999 786 προνοίας,
1039 736 1112 776 καί
1151 735 1197 776 ἐν
1223 741 1308 785 τοῖς
1335 735 1518 788 μάλιστα

8 799 16 856 ³⁴
71 796 154 836 τῶν
183 796 318 850 φίλων
345 790 444 850 ἦγον
459 827 472 849 ,
516 794 590 838 καί
610 798 769 849 μᾶλλον
796 798 862 839 ἐπ’
891 798 1051 840 ἐκείνου
1078 799 1226 854 χώραν
1254 797 1342 854 εἶχε
1368 800 1414 842 τὸ
1444 803 1521 854 ἐμὲ

8 858 443 918 οπροκατειλῆφθαι.
527 862 682 911 ἐκεῖνος
724 861 804 918 γάρ
841 864 912 904 αἐἰ
938 866 1069 919 συνῆν
1104 863 1178 906 καί
1210 863 1261 906 τὰ
1289 869 1392 920 παρ’
1418 862 1520 908 ἑαυ-

27 923 33 927 ’
68 928 147 968 τοῦ
179 927 351 976 ἐξετίθει
402 922 682 983 ἀκριβέστατα
718 931 788 971 καὶ
814 929 1012 985 ὑφηγεῖτο
1040 932 1242 984 συνεχῶς.
1299 927 1400 974 ὅθεν
1429 933 1522 973 οὐδ’

13 1000 17 1030 J
69 990 157 1034 ἔστι
184 988 441 1047 σκήψασθαί
463 1009 571 1046 τινα,
606 993 662 1043 ὥς
690 992 721 1036 οἳ
750 996 828 1047 μὲν
856 998 1069 1048 Παλαμᾶς
1099 995 1199 1051 περὶ
1218 990 1277 1038 ὧν
1297 995 1554 1051 πρεσβεύειΒ

67 1059 143 1099 καί
169 1059 513 1112 διαβεβαιοῦται,
541 1055 658 1116 ᾔδειν
669 1094 681 1113 ,
722 1060 772 1102 τὰ
814 1063 899 1103 τῶν
924 1060 1217 1116 ἀντιλεγόντων
1246 1063 1293 1104 δὲ
1325 1061 1518 1118 ἠγνόουν.

69 1124 162 1164 ἀλλ’
188 1124 228 1165 εἰ
255 1125 325 1165 δεῖ
344 1125 522 1180 τάληθὲς
552 1127 705 1179 εἰπεῖν,
749 1127 920 1175 ἐκείνοις
945 1129 1105 1180 μᾶλλον
1145 1129 1340 1182 ἐνέτυχον
1369 1132 1520 1184 προτέ-

10 1191 171 1243 -5ροις,
201 1188 274 1231 καί
301 1189 406 1243 μετά
438 1193 515 1232 τοῦ
543 1193 725 1245 πολέμου
748 1192 825 1247 τήν
848 1192 1089 1246 κατάλυσιν,
1120 1195 1214 1236 ἐπεὶ
1241 1195 1520 1249 τῶνῬωμαί-

67 1270 127 1296 ων
154 1254 225 1296 ὑπ’
256 1257 350 1308 ἐμοὶ
376 1259 489 1299 πᾶσα
520 1258 546 1312 ἦ
581 1258 779 1312 ἡγεμονία
800 1252 863 1312 ἧν,
892 1260 1090 1302 τοσοῦτον
1111 1255 1296 1314 ἀπέσχον
1314 1264 1391 1302 τοῦ
1407 1264 1522 1312 μᾶλ-

66 1323 139 1362 λον
166 1324 441 1390 προσκεῖσθαι
466 1329 552 1371 τοῖς
579 1320 737 1379 ἑτέροις
766 1322 838 1365 ὑπ’
869 1324 1077 1380 ἀκρισίας,
1111 1324 1220 1367 ὥστε
1249 1324 1517 1382 πατριάρχην

66 1385 142 1428 τὸν
163 1387 358 1443 Ἰωάννην
400 1384 478 1442 οὔχ
520 1386 658 1445 ἅπαξ,
709 1389 815 1431 ἄλλα
858 1390 932 1432 καί
959 1390 1156 1440 πολλάκις
1198 1392 1268 1433 ἐπὶ
1295 1391 1372 1447 τὴν
1402 1394 1518 1447 δίκην

67 1453 388 1509 προῦκαλούμην
414 1458 619 1508 μέλλοντα
651 1456 696 1498 ἐν
722 1462 808 1505 τοῖς
837 1457 984 1506 αὐτοῖς
1020 1456 1185 1505 τούτοις
1232 1456 1520 1508 ἐξετάζεσθαι.

12 1517 120 1573 ζ’τά
149 1519 222 1560 ἴσα
248 1518 326 1575 γὰρ
357 1521 602 1563 ἐνεκαλεῖτο.
643 1521 717 1563 καί
748 1525 838 1573 μετ’
869 1524 1026 1565 ἐκεῖνον
1056 1518 1184 1572 αὖθις
1225 1521 1296 1564 τὸν
1323 1523 1520 1565 Ἀκίνδυ-

12 1618 14 1623 .
68 1599 152 1638 νον,
172 1585 275 1628 ἐπεὶ
305 1584 591 1641 κρυπτόμενος
634 1584 763 1635 αὐτὸς
791 1583 959 1643 ἑτέρους
990 1591 1256 1643 προσέπεμπε
1285 1591 1358 1630 καί
1389 1591 1520 1644 παρέ-

67 1653 190 1692 nea-‘12
216 1654 440 1707 θορυβεῖν,
478 1651 538 1702 αἶς
575 1652 731 1702 οἷδίκως
769 1651 850 1695 ὑπὸ
891 1655 964 1708 τῆς
1003 1654 1222 1709 ἐκκλησίας
1256 1653 1559 1710 διαστροφὴνο

163 1744 194 1778 5.
225 1741 274 1777 οὗ
306 1740 383 1789 γὰρ
410 1743 534 1790 μόνον
548 1744 582 1776 Ρ.
607 1755 673 1790 pro
697 1741 922 1777 τούναντίον
946 1735 1022 1788 γάρ
1043 1744 1201 1786 μᾶλλον,
1226 1744 1352 1778 addito
1373 1745 1520 1790 μᾶλλον

160 1794 245 1824 ante
283 1794 552 1837 προσεκείμην.
632 1803 682 1825 12.
709 1790 932 1836 πρεσβεύειν
959 1789 1238 1834 διαβεβαιοῦται
1264 1790 1299 1823 Ρ.

11 1887 16 1897 ,
67 1859 240 1894 facillime
266 1859 418 1894 refutari
442 1864 590 1905 queant.
640 1858 750 1904 Quod
786 1869 892 1902 porro
929 1869 986 1892 me
1013 1858 1180 1904 partibus
1208 1859 1374 1892 Palamae
1413 1857 1520 1892 addi-

70 1911 191 1948 ctum,
215 1907 389 1942 iniustam
425 1906 553 1946 tulisse
587 1906 804 1939 sententiam
839 1906 914 1946 ait,
952 1910 1064 1949 atque
1094 1904 1177 1938 ideo
1212 1916 1280 1938 nec
1304 1916 1342 1938 se
1378 1906 1521 1949 paritu-

69 1964 172 1992 rum,
195 1963 275 1985 cum
302 1953 438 1986 iudicio
468 1951 755 1996 disceptantibus
781 1950 877 1984 idem
904 1955 942 1984 et
980 1951 1090 1984 iudex
1126 1956 1163 1984 et
1187 1950 1412 1986 adversarius
1438 1952 1519 1984 sue-

70 2000 132 2040 rit,
158 2000 260 2033 nuno
285 2002 432 2045 negotio
462 2001 540 2033 eius
562 2000 759 2032 vanitatem
787 1997 1056 2032 demonstrabo.
1108 1997 1242 2032 Contra
1271 1999 1369 2032 enim
1396 1999 1518 2043 potius

68 2046 268 2088 Barlaamo,
298 2047 375 2080 eius
399 2046 635 2080 dissensionis
664 2046 856 2085 incentori,
881 2055 900 2077 a
926 2044 1105 2090 principio
1129 2044 1385 2085 adhaerebam,
1410 2055 1519 2090 quem

58 2098 108 2127 >et
131 2094 169 2126 in
194 2092 345 2127 aedibus
374 2095 464 2127 meis
499 2105 579 2127 cum
605 2092 777 2126 fratribus
810 2091 972 2135 hospitio
1008 2102 1237 2136 exceperam,
1279 2098 1316 2125 et
1348 2091 1521 2125 curabam

69 2150 152 2174 eum
193 2139 355 2174 studiose
391 2140 697 2184 numerabamque
723 2140 760 2171 in
786 2139 1030 2172 amicissimis:
1060 2140 1117 2172 cui
1145 2148 1230 2182 prae
1255 2139 1336 2173 aliis
1365 2138 1520 2183 patebat

71 2185 117 2221 ad
143 2197 200 2220 me
223 2185 366 2229 aditus;
394 2188 539 2222 assiduo
568 2187 666 2221 enim
694 2196 834 2218 mecum
858 2185 1068 2220 versabatur
1099 2195 1229 2230 resque
1255 2196 1335 2219 suas
1362 2196 1522 2230 expone-

69 2231 134 2269 bat
159 2233 249 2267 mihi
288 2235 553 2269 accuratissime
597 2239 633 2267 et
666 2232 821 2266 docebat
855 2232 1034 2278 quotidie.
1095 2232 1198 2265 Unde
1235 2243 1310 2266 non
1345 2237 1417 2272 est,
1457 2243 1520 2266 cur

73 2279 153 2326 quis
177 2281 310 2324 fingat,
344 2292 420 2322 me,
458 2291 552 2326 quae
590 2279 747 2314 Palamas
779 2279 927 2325 quidem
962 2290 1028 2323 pro
1059 2278 1256 2314 verissimis
1297 2279 1445 2312 duceret
1482 2285 1520 2312 et

72 2327 326 2369 confirmaret,
362 2339 436 2362 non
473 2329 674 2372 ignorasse,
707 2327 891 2372 ignorasse
914 2330 1058 2366 autem,
1091 2337 1184 2372 quae
1217 2331 1340 2360 contra
1367 2326 1411 2359 ab
1436 2326 1518 2358 aliis

10 2395 11 2398 =
71 2371 289 2408 dicerentur.
340 2375 411 2409 Sed
436 2375 467 2408 si
491 2385 572 2408 vera
598 2376 685 2408 licet
703 2374 818 2419 loqui,
837 2384 916 2407 cum
936 2373 1011 2406 illis
1030 2378 1066 2407 et
1085 2373 1184 2417 prius
1219 2378 1255 2407 et
1279 2373 1378 2407 beno
1401 2373 1518 2412 finito,

71 2425 262 2466 postquam
286 2421 439 2466 imperio
469 2423 635 2455 universo
660 2421 799 2465 potitus
823 2431 920 2461 sum,
946 2421 1022 2465 egi:
1064 2424 1279 2465 tantumque
1307 2420 1444 2460 abfuit,
1478 2423 1519 2451 ut

71 2468 183 2512 magis
208 2469 411 2502 temeritate
438 2469 590 2514 quadam
617 2467 662 2499 ab
700 2468 780 2500 aliis
809 2473 962 2507 starem,
994 2472 1034 2500 ut
1068 2467 1239 2500 Ioannem
1277 2465 1518 2511 patriarcham

71 2514 214 2558 nepius
240 2515 278 2547 in
296 2514 352 2548 his
377 2515 466 2560 ipsis
490 2512 768 2549 examinandum
794 2514 840 2548 ad
863 2513 1041 2547 iudicium
1068 2514 1310 2557 provocarim:
1338 2513 1518 2558 siquidem

45 2572 49 2578 ·
72 2559 278 2594 eorumdem
304 2573 384 2595 reus
410 2567 495 2596 erat.
544 2564 587 2595 Et
612 2566 695 2606 post
718 2561 823 2594 inum
842 2571 962 2594 rursus
989 2559 1216 2603 Acindynum
1241 2560 1321 2606 (qui
1342 2570 1379 2593 se
1396 2559 1518 2605 parie-

71 2604 170 2640 tibus
194 2612 338 2651 tegens,
370 2608 460 2642 alios
485 2608 676 2649 mittebat,
701 2608 796 2642 male
819 2618 839 2639 a
869 2618 906 2641 se
932 2617 1144 2651 persuasos,
1177 2612 1218 2640 ut
1248 2607 1516 2640 tumultuaren-

72 2655 153 2692 tur,
176 2654 350 2696 perinde,
373 2655 478 2700 quasi
507 2661 757 2700 corruptorum
785 2655 959 2688 ecclesiae
991 2653 1195 2698 dogmatum
1231 2665 1296 2698 per
1328 2653 1428 2687 nefas
1458 2662 1517 2685 ac-

72 2705 282 2741 cusai-etur,
307 2712 384 2735 cum
410 2702 477 2746 ipsi
503 2703 624 2747 potius
650 2702 843 2736 adversarii
871 2712 910 2735 ea
949 2702 1255 2744 corrumperent‚)
1293 2712 1368 2734 non
1407 2709 1512 2743 prae-

72 2744 170 2786 te1'35»
191 2745 256 2780 ted
283 2747 332 2781 ad
354 2750 607 2794 quaestionem
643 2748 688 2783 de
713 2760 751 2783 se
778 2746 985 2783 habendam
1015 2748 1069 2780 ire
1096 2752 1134 2780 et
1164 2746 1237 2782 iuri
1268 2752 1362 2781 stare
1403 2745 1509 2786 iussi,
