1800 3164
477 165 852 207 fflsTomARnM
891 166 961 205 iv.
1003 167 1072 212 39.
1361 146 1470 202 283

37 274 108 325 βεν
135 270 160 312 ὅ
180 268 395 323 βασιλεῦς,
424 269 514 311 ἀλλ’
543 270 611 325 ἐφ’
639 269 779 325 ἕτερον
805 269 932 321 μέρος
959 265 1066 321 πρὸς
1091 264 1163 308 τὸν
1187 266 1344 321 Βόριον
1370 263 1472 308 (ὄνο-
1485 273 1572 310 A.C.
1593 272 1679 317 1354

34 338 246 391 μασμένον
272 337 485 391 ἑγχωρίως
527 332 743 387 ποταμὸν,
788 331 846 381 (ὃς
877 332 1197 387 ὑδρευσομὲνων
1230 333 1360 388 δῆθεν
1391 335 1474 375 ταῖν

33 404 253 457 τριηριτῶν
278 404 452 447 ἐκεῖθεν.
510 400 550 444 οἱ
588 403 644 458 τῷ
684 401 762 456 νέῳ
800 399 846 440 δὲ
883 401 1054 451 βασιλεῖ
1075 395 1269 448 συνόντες
1307 397 1476 460 ὁπλῖται

33 466 107 509 καί
131 465 282 518 ἱππεῖς,
314 470 399 510 τῶν
427 470 630 524 τριηρέων
658 465 963 519 καταγομένων,
989 464 1182 514 ἐλθόντες
1210 463 1281 506 ἒπί
1302 462 1377 507 τὸν
1396 480 1473 506 πο-

0 526 168 585 Βταμὸν
196 531 348 587 ἔβαλον
387 530 469 575 ἀπὸ
511 535 587 588 τῆς
613 533 688 587 γῆς
719 532 791 572 καί
818 527 995 571 κωλύειν
1025 531 1250 584 ἐπειρῶντο
1270 529 1348 587 τὴν
1370 529 1474 573 (ἱπό-

31 602 171 655 βασιν.
228 597 267 640 οἷ
297 601 343 642 δὲ
369 599 620 653 βιασάμενοι
651 597 866 650 α’πέβησαν
903 597 976 637 καί
1002 594 1264 650 ὑδρεύσαντο
1296 599 1473 639 ἐκεῖθεν.

33 663 140 719 ὁρῶν
168 665 215 706 δὲ
253 664 278 706 ὅ
303 665 503 719 βασιλεὺς
540 662 644 720 πρὸς
684 663 807 704 οὐδὲν
841 660 1074 716 ὅνήσουσαν
1115 660 1191 717 τὴν
1237 665 1474 718 καρτερίαν,

33 726 149 787 (οῦτε
176 728 258 787 γάρ
290 736 484 788 πολεμεῖν
511 731 647 788 ᾑρεῖτο
672 732 727 786 τῷ
743 730 919 784 γαμβρῷ
947 730 1019 769 καί
1045 730 1200 770 κακοῦν
1226 727 1304 783 τὴν
1333 731 1470 783 νῆσον,
1487 741 1515 774 c

9 792 127 838 οὔτε
156 798 254 852 περὶ
283 800 356 851 τῆς
394 796 560 852 εἰρήνης
586 797 763 847 ου’δεμιά
800 793 862 836 ἔτι
894 793 1133 835 ὑπελείπετο
1163 793 1278 843 ἐλπίς
1299 827 1312 848 ,
1350 798 1473 847 βασι·
1488 803 1528 842 V.
1551 805 1624 850 689

0 864 136 912 ῦλέως
160 864 235 904 τοῦ
263 864 359 905 νέου
390 860 438 904 οὗ
464 859 593 916 μόνον
622 862 672 903 οὕ
703 859 1084 916 πρεσβευσαμένου,
1115 857 1255 916 ὥσπερ
1283 855 1471 914 ἤλπιζεν,

9 926 139 970 'omni
167 929 239 970 καί
264 930 457 985 φανερῶς
486 930 736 983 ἐξαγομένου
767 925 869 981 πρὸς
900 923 949 967 τὸ
993 929 1186 977 πολεμεῖν
1205 929 1250 981 ,)
1295 923 1472 979 τάχιστα

0 1022 1 1025 =
29 995 192 1037 ἐκεῖθεν
225 992 439 1048 ἀπεχώρει
467 995 526 1043 εἰς
555 992 629 1048 τὴν
657 989 817 1046 Αἶνον,
848 989 952 1033 ἔνθα
991 993 1219 1040 Ματθαῖος
1252 992 1474 1046 α’πέβαινεν

31 1057 54 1101 ὅ
84 1062 172 1109 νέος
202 1060 400 1114 βασιλεῦς
426 1059 530 1113 μετὰ
562 1062 635 1115 τῆς
673 1057 896 1113 γυναικὸς,
937 1058 1131 1098 κάκεῖθεν
1160 1057 1372 1112 ἀπεχώρει
1404 1058 1476 1099 ἐπὶ

29 1123 339 1180 Διδυμότειχον
367 1125 441 1167 καί
476 1125 552 1181 τήν
576 1125 822 1180 Ἀδριανοῦ·
883 1122 1242 1178 Καντακουζηνός
1263 1124 1310 1164 δὲ
1339 1120 1361 1163 ὅ
1395 1126 1474 1176 βα-

0 1183 170 1241 5σιλεύς
208 1194 412 1248 τέτταρας
452 1193 612 1248 ἡμέρας
647 1189 752 1247 πρὸς
783 1192 833 1247 τῇ
875 1184 992 1246 Αἴνῲ
1023 1191 1268 1245 διατρίψας,
1297 1189 1355 1238 εἰς
1382 1191 1473 1230 Βυ-

0 1287 1 1315 3
31 1255 197 1310 ζάντιον
226 1255 469 1314 ἀνέστρεφε.
520 1256 809 1311 Παλαιολόγος
850 1258 897 1298 δὲ
938 1253 958 1296 ὃ
987 1254 1187 1309 βασιλεῦς
1216 1250 1344 1304 αὖθις
1371 1254 1474 1296 ὕπε-

0 1317 191 1374 {uslusto
222 1325 268 1366 ἑν
300 1325 352 1380 τῇ
397 1326 579 1382 Τενέδῳ,
611 1324 683 1365 καί
720 1319 797 1365 ὅσα
837 1320 1031 1378 πράττειν
1067 1322 1172 1377 ’ὑπὲρ
1215 1323 1290 1376 τῆς
1337 1317 1474 1376 ἀρχῆς

28 1387 134 1445 ἐξῆν,
166 1391 311 1445 η’μέλει
339 1389 523 1439 ου’δενός·
561 1388 719 1446 ἔφασκε
749 1391 794 1431 δὲ
821 1386 995 1443 ὕστερον
1025 1389 1070 1429 έν
1095 1391 1171 1442 τῆς
1197 1387 1360 1443 εἰρήνης
1386 1393 1472 1436 τοῖς

29 1461 203 1510 καιροῖς,
233 1456 303 1509 ὥς,
333 1458 598 1506 ἐπιπλέοντος
626 1456 743 1513 αὐτῷ
769 1457 975 1510 βασιλέως
1001 1455 1077 1496 τοῦ
1109 1455 1336 1508 κηδεστοῦ,
1379 1455 1514 1496 δια-Ι)

22 1525 217 1576 λεχθεῖεν
243 1523 321 1575 μὲν
351 1521 494 1578 κρύφα
516 1524 588 1564 καί
615 1521 904 1575 οἱ·ναυάρχοι,
929 1518 988 1576 μὴ
1020 1522 1223 1574 δέχεσθαι
1250 1519 1328 1575 τὴν
1355 1518 1471 1576 εἰρή-

26 1596 113 1644 νην,
131 1589 240 1643 μηδὲ
258 1591 482 1644 πρεσβείαν
507 1587 601 1630 τινὰ
631 1591 846 1630 ποιεῖσθαι
873 1587 979 1643 πρὸς
1007 1585 1150 1630 αὐτόν.
1191 1588 1344 1628 ἐκεῖνον
1371 1588 1473 1639 μέν-

25 1669 91 1697 τοι
123 1652 182 1709 μὴ
212 1653 362 1696 τούτου
397 1655 516 1696 ἕνεκα
559 1654 824 1707 ἀποσχέσθαι
862 1656 938 1708 τῆς
975 1651 1159 1708 εἰρήνης,
1191 1653 1362 1706 (εἰδέναι
1389 1651 1470 1706 γὰρ

19 1719 210 1769 ’ἐκείνους
246 1719 296 1760 οὐ
327 1718 378 1762 τὰ
414 1719 564 1772 βελτίω
593 1721 667 1771 καί
689 1721 804 1776 κοινῇ
833 1720 1128 1760 λυσιτελοῦντα
1160 1719 1474 1771 συμβουλεύον-

26 1788 142 1843 τας,)
158 1786 247 1828 ἄλλ’
275 1782 338 1827 ὅτι
367 1788 595 1835 Ματθαῖος
623 1784 647 1827 ὅ
675 1784 768 1835 υἱὸς
799 1786 944 1839 συνῆν,
973 1781 1143 1840 σφόδρα
1171 1780 1386 1838 ἄχθεσθαι
1402 1782 1476 1826 καί

6 1847 381 1906 ἷδυσανασχετεῖν,
410 1853 450 1894 εἰ
478 1851 634 1903 δόξειεν
666 1848 796 1901 αὖτὸς
822 1849 979 1893 ἐκείνου
1020 1851 1187 1893 δεῖσθαι
1225 1851 1298 1892 καί
1345 1846 1473 1891 αὖτο-

27 1952 262 1994 nominatam,
287 1952 334 1986 ad
356 1953 589 1998 aquationem
614 1952 693 1986 illic
717 1964 736 1986 e
762 1951 911 1986 flumine
938 1951 1139 1986 faciendam
1167 1953 1339 1997 perrexit.
1385 1952 1473 1987 ‚rri-

27 2001 188 2034 semibus
215 2011 257 2034 eo
282 2000 472 2045 provectis,
500 1999 642 2046 pedites
668 2005 705 2032 et
730 2000 872 2044 equites
907 2000 1113 2045 Palaeologi
1145 2000 1192 2032 ad
1228 2000 1363 2034 flumen
1388 2011 1473 2045 pro—

28 2049 198 2082 cedentes
240 2053 276 2080 et
309 2058 328 2080 e
363 2052 457 2080 terra
495 2047 714 2086 iaculantes,
753 2047 928 2080 descensu
953 2047 1107 2081 advenas
1133 2046 1330 2092 prohibere
1359 2057 1472 2080 cona-

27 2092 172 2129 bantur.
225 2095 285 2128 nli
326 2094 359 2126 vi
395 2099 518 2127 contra
552 2094 710 2127 nitentes
757 2093 982 2127 descendunt
1019 2099 1056 2127 et
1093 2099 1285 2139 aquantur.
1333 2093 1471 2128 Videns

56 2152 136 2176 οτι-ο
167 2141 450 2180 Cantacuzenus,
480 2140 647 2174 inutilem
674 2141 750 2173 fore
770 2141 998 2185 patientiam,
1023 2141 1158 2186 (neque
1186 2142 1281 2174 enim
1311 2152 1471 2186 pugnare

8 2203 9 2217 ι
44 2200 69 2222 n
93 2199 262 2233 generum
298 2193 335 2221 et
382 2188 538 2220 insulam
565 2187 779 2232 depraedari
804 2188 974 2228 volebat,
998 2199 1118 2233 neque
1152 2189 1251 2232 pacis
1290 2187 1365 2220 ulla
1391 2199 1473 2233 spes

29 2234 201 2276 dabatur,
237 2235 447 2280 Palaeologo
484 2246 557 2268 non
595 2235 702 2268 modo
740 2235 896 2279 legatum
939 2236 1079 2268 nullum
1117 2236 1312 2275 mittente,
1346 2241 1470 2268 contra

28 2287 135 2329 quam
162 2281 385 2327 sperabatur,
410 2280 473 2314 sed
497 2288 660 2326 apertum
687 2283 794 2315 etiam
823 2282 957 2315 bellum
982 2282 1234 2326 parturiente‚)
1261 2293 1366 2327 quam
1387 2283 1471 2326 ⁴pri-

10 2338 127 2363 stmum
145 2329 230 2363 inde
255 2328 394 2362 Aenum
410 2329 568 2369 recessit,
597 2329 659 2361 ubi
690 2329 895 2362 Matthaeus
932 2340 1044 2362 novus
1082 2329 1279 2373 imperator
1315 2334 1352 2362 et
1378 2340 1470 2363 uxor

16 2375 302 2414 'descendentem
330 2376 414 2409 inde
443 2375 735 2418 Didymotichum
767 2381 803 2408 et
827 2375 1098 2421 Adrianopolim
1124 2375 1298 2409 abierant.
1336 2375 1470 2409 Canta-

29 2431 183 2456 euzcnus
209 2422 443 2469 quatriduum
475 2423 564 2455 Aeni
600 2421 800 2456 subsistens
839 2424 1045 2466 Byzantium
1083 2422 1219 2462 rediit,
1253 2423 1467 2467 Palaeologo

29 2463 68 2503 sn
93 2470 210 2504 insula
234 2469 383 2504 Tenedo
408 2474 577 2502 manente
594 2494 603 2509 ,
633 2473 670 2502 et
694 2480 787 2514 quae
821 2481 885 2514 pro
921 2470 1071 2514 imperio
1095 2468 1286 2503 asserendo
1313 2475 1466 2513 poterat,

29 2518 153 2550 eorum
177 2516 271 2551 nihil
299 2517 501 2550 omittente.
551 2516 742 2549 Confessus
770 2521 824 2550 cst
851 2522 987 2562 postea,
1013 2527 1100 2560 pace
1126 2517 1242 2554 facta,
1267 2515 1311 2549 ad
1336 2527 1373 2549 se
1401 2528 1468 2549 ua-

23 2563 171 2607 'vigante
199 2575 334 2604 socero,
359 2575 480 2600 secum
506 2564 594 2597 elam
624 2564 737 2607 egisse
764 2564 960 2598 navarchos
982 2566 1069 2602 eius,
1095 2574 1140 2596 ne
1166 2574 1287 2607 pacem
1316 2564 1464 2602 faceret,

29 2617 119 2644 neve
143 2611 347 2656 quempiam
374 2612 527 2655 legatum
554 2611 722 2644 mitteret.
773 2611 911 2644 Tamen
940 2623 1013 2644 non
1039 2622 1076 2644 se
1096 2610 1231 2644 idcirco
1258 2620 1379 2652 pacem
1403 2622 1468 2643 no-

27 2654 163 2690 luisse:
188 2658 319 2691 vidisse
346 2659 442 2692 enim
465 2657 547 2691 illos
576 2668 649 2690 non
687 2658 835 2692 meliora
863 2663 899 2692 et
924 2658 962 2692 in
987 2669 1176 2692 commune
1202 2657 1307 2690 utilia
1333 2656 1464 2689 suade-

30 2712 87 2735 re:
113 2702 177 2736 sed
202 2705 286 2750 quia
310 2704 415 2738 simul
443 2704 648 2738 advenisset
672 2705 877 2739 Matthaeus
903 2706 1023 2743 silius,
1049 2705 1087 2738 id
1122 2703 1354 2738 vehementer
1378 2714 1464 2734 suc-

32 2750 210 2784 censuisse
237 2761 412 2797 aegreque
443 2752 584 2792 tulisse,
609 2751 707 2797 quod
734 2754 810 2798 ipsc
838 2753 916 2787 eius
950 2752 1112 2797 indigere
1155 2761 1210 2793 ac,
1238 2750 1339 2784 velut
1365 2749 1462 2782 bello
