1800 3164
317 158 334 192 1
350 140 418 195 82
841 155 1213 200 CANTACUZENI

98 258 413 309 A·C·¹35¹m’no;·
449 262 521 301 καί
551 261 694 302 πᾶσαν
734 257 970 313 ὑπερβολήν
1020 258 1318 312 ἀναισχυντίας
1364 258 1744 311 ἐπιδεικνυμένοις,

308 323 447 381 ὥσπερ
479 325 577 374 ἔθος
606 327 785 380 ἔξαρχῆς
820 330 906 373 τοῖς
946 326 1117 378 ἐχθροῖς
1144 326 1216 378 τῆς
1252 323 1454 379 α’ληθείας
1478 326 1551 365 καί
1577 325 1651 379 τῆς
1677 325 1746 366 ε’κ-

305 394 477 447 κλησιάς
506 394 729 443 πολεμίοις,
759 393 831 432 καί
858 390 974 446 δίκην
1000 389 1076 445 τὴν
1103 390 1390 445 προσήκουσαν
1412 391 1610 445 ἐπέθηκα,
1637 391 1751 442 μᾶλ-

305 462 379 500 λον
409 460 455 500 δὲ
483 458 554 499 καί
581 460 654 511 τῆς
681 456 802 507 ἀξίας
833 453 1095 499 ἀποδέουσαν
1122 453 1243 498 πολύ.
1272 456 1373 498 οὐδὲ
1399 454 1478 511 γὰρ
1506 456 1584 497 τοῦ
1611 456 1749 505 κακῶς

306 523 487 572 ἐκείνους
515 519 694 576 πάσχειν
721 520 920 578 πρόνοιαν
949 520 1231 578 ἐποιησάμην,
1268 519 1375 563 ἀλλὰ
1418 522 1493 561 τοῦ
1533 519 1592 575 μὴ
1623 517 1789 562 δύω-5

307 592 413 631 σθαι
448 591 586 636 κακῶς
618 593 763 630 ποιεῖν.
818 586 906 631 ἔστι
935 589 1010 642 δὲ,
1045 584 1184 641 οἶμαι,
1219 584 1344 640 νόμος
1370 586 1443 629 καί
1469 588 1542 629 ἐπὶ
1566 588 1649 628 τῶν
1674 581 1750 628 ἅλ-

262 659 393 698 Βλων
419 656 502 696 τῶν
529 657 753 709 βιωτικῶν,
782 656 856 696 καί
883 656 1092 710 δημοσίων
1126 652 1199 695 καί
1226 654 1356 707 ἰδίων,
1379 651 1657 709 ἐγκλημάτων,
1675 652 1751 695 τὸν

308 718 510 774 δικαστήν
535 722 635 775 πρίν
663 721 740 773 μὲν
769 722 829 769 εἷς
856 721 1004 775 λόγους
1037 720 1383 775 ἄντικαταστῆναι
1427 717 1527 768 τούς
1556 716 1752 775 ἀλλήλοις

305 787 669 842 διαφερομένους,
697 786 875 841 μηδενὸς
895 786 1271 842 καταψηφίζεσθαι
1292 783 1465 841 ἐρήμην,
1493 786 1532 827 εἰ
1558 783 1617 839 μή
1646 783 1748 839 βού-

305 856 419 893 λοιτο
445 853 670 909 ἐκδιαιτᾷν·
703 851 874 895 ἐπειδάν
902 854 948 894 δὲ
977 849 1116 907 ἥκοιεν
1133 854 1192 901 εἰς
1219 849 1383 906 λόγους,
1414 852 1486 893 καί
1503 848 1528 906 ἦ
1554 852 1643 906 νίκη
1662 867 1749 905 χω·
1766 862 1800 888 lt

304 916 428 972 ρήσοι
458 917 564 973 πρὸς
589 916 664 961 τὸν
691 920 840 973 ἕτερον,
871 920 998 974 (πᾶσα
1035 917 1114 973 γὰρ
1148 917 1336 972 α’νάγκη,)
1369 916 1441 959 καί
1467 915 1593 959 αὐτὸν
1620 919 1677 976 τῷ
1701 916 1747 959 τὸ

302 985 429 1025 πλέον
457 982 594 1039 ἔχοντι
622 984 924 1040 προστίθεσθαι
970 983 1043 1026 καὶ
1068 983 1395 1038 καταναγκάζειν
1427 982 1502 1025 τὸν
1526 978 1749 1025 ἀδικοῦντα

304 1048 357 1090 τὰ
397 1051 537 1092 δίκαια
569 1055 716 1092 ποιεῖν.
745 1050 794 1092 οὗ
825 1049 876 1106 δὴ
910 1049 979 1092 διὰ
1013 1053 1137 1092 τοῦτο
1165 1053 1247 1099 πᾶς
1275 1065 1338 1098 τις
1362 1049 1516 1091 α’δικῶν
1534 1048 1748 1104 παραγρά-

305 1125 437 1168 ψεται
466 1114 536 1158 τὸν
570 1114 772 1172 δικαστήν
807 1117 891 1158 »καί
934 1117 1103 1158 οἷδικίαν
1135 1117 1391 1168 ἐπικαλέσει,
1421 1110 1483 1156 ὅτι
1521 1115 1579 1171 τῷ
1605 1116 1751 1169 ἠδικη-

304 1183 414 1238 μένῳ
445 1184 690 1238 προσετέθη.
748 1179 776 1224 ἃ
821 1184 863 1224 Γ
861 1183 1041 1239 ρηγορᾶς
1082 1181 1177 1225 νυνὶ
1203 1184 1349 1235 ποιῶν,
1382 1180 1431 1222 οὔ
1458 1182 1614 1235 μᾶλλον
1643 1191 1750 1234 ψευ-
1768 1181 1800 1221 1!

307 1248 510 1302 δολογιάς,
538 1243 567 1302 ἢ
595 1247 740 1297 οἷνοίας
768 1249 840 1289 καί
881 1246 1123 1304 μοχθηρίας
1152 1245 1276 1298 δόξαν
1304 1248 1580 1303 α’ποφέρεται.
1611 1242 1678 1288 ὅτι
1705 1246 1751 1287 δ’

307 1312 434 1362 αὐτὸς
461 1312 537 1368 τὴν
566 1313 831 1370 διαστροφὴν
863 1312 1015 1356 παθών
1044 1316 1119 1368 τῆς
1148 1314 1348 1368 ἀληθείας
1374 1315 1444 1354 καί
1481 1310 1555 1368 τὴν
1578 1311 1758 1367 πάτριον

173 1383 209 1418 P.
226 1385 291 1429 807
307 1379 526 1432 εὐσέβειαν
582 1378 885 1432 ἐξομοσάμενος
938 1382 1010 1421 καί
1057 1381 1344 1433 συναπαχθείς
1386 1382 1471 1428 τοῖς
1528 1375 1761 1434 αἶρετικοῑςι

301 1444 530 1501 Ἀκινδύνῳ
564 1446 638 1487 καί
663 1444 879 1501 Βαρλαὰμ
906 1443 987 1486 ὑπὸ
1019 1447 1262 1500 μοχθηρίας
1294 1441 1462 1500 τρόπων
1497 1443 1569 1485 καί
1597 1444 1756 1485 ἀποτυ-

306 1511 418 1564 χίας,
449 1505 586 1567 ιῧνπερ
616 1505 807 1566 ἤλπισεν,
843 1509 1079 1567 ἀφειδήσας
1106 1510 1180 1552 καί
1197 1513 1338 1566 ψυχῆς
1367 1510 1508 1565 αὐτῆς,
1540 1508 1609 1552 ἵνα
1628 1509 1754 1563 μόνον
1767 1524 1800 1550 21

307 1576 520 1631 ἀμύνηται
554 1574 654 1626 τούς
695 1574 891 1626 δόξαντας
932 1579 1220 1631 λελυπηκέναι,
1257 1578 1353 1629 ἐμοὶ
1384 1573 1436 1617 τὰ
1466 1573 1538 1617 ἴσα
1565 1576 1753 1629 ἐγκαλεῖ,

306 1640 556 1693 θαυμαστὸν
587 1644 727 1684 ου’δέν.
761 1642 805 1691 ὃς
836 1642 919 1698 γάρ
949 1643 1026 1684 οὐκ
1060 1644 1260 1699 ἐφείσατο
1288 1643 1410 1696 θεοῦ,
1441 1639 1546 1683 ἀλλὰ
1579 1640 1652 1682 διὰ
1679 1639 1757 1695 τὴν

307 1704 412 1762 πρός
448 1723 566 1757 τινας
603 1707 838 1762 ἀπέχθειαν
866 1710 1022 1750 ἐκείνου
1052 1710 1194 1764 ψευδῆ
1224 1708 1354 1750 πολλὰ
1396 1712 1589 1760 κατεῖπε,
1623 1711 1756 1766 σχολῇ

307 1852 527 1886 verecundia
553 1852 827 1887 contumeliosis
861 1857 897 1886 et
930 1863 1037 1897 supra
1065 1863 1208 1886 omnem
1234 1852 1378 1886 modum
1409 1852 1682 1898 impudentibus
1699 1853 1756 1894 (id

309 1899 408 1944 quod
433 1910 453 1930 a
480 1900 660 1946 principio
703 1900 862 1934 inimicis
892 1901 1054 1933 veritatis
1101 1903 1138 1932 et
1177 1900 1349 1933 ecclesiae
1381 1899 1547 1935 hostibus
1580 1901 1620 1933 in
1656 1910 1756 1933 more

307 1945 395 1990 fuit)
419 1956 573 1990 poenam
600 1947 764 1981 debitam
787 1947 925 1987 inflixi,
952 1947 1024 1979 imo
1051 1947 1235 1981 enimvero
1259 1948 1434 1980 minorem
1460 1945 1607 1989 debita3
1634 1957 1757 1991 neque

310 1993 408 2024 enim
438 1997 479 2025 ut
503 1994 560 2027 illi
583 1995 732 2034 malum,
769 1994 868 2041 quod
892 1993 1145 2034 merebantur,
1179 1995 1410 2038 acciperent,
1440 1994 1503 2028 sed
1527 2004 1574 2026 ne
1609 1997 1762 2038 possent

309 2040 445 2071 malum
471 2039 570 2080 dare,
594 2040 844 2086 providebam.
894 2041 957 2074 Est
979 2044 1099 2074 autem
1115 2066 1124 2080 ,
1150 2041 1298 2085 opinor,
1331 2040 1389 2073 lex
1413 2045 1450 2074 et
1484 2042 1524 2074 in
1547 2041 1628 2074 aliis
1659 2041 1759 2075 vitae

310 2085 491 2119 humanae
516 2088 675 2132 publicis
708 2089 932 2134 privatisque
970 2086 1204 2128 criminibus,
1228 2087 1385 2121 iudicem
1401 2112 1410 2127 ,
1444 2088 1654 2133 priusquam
1679 2086 1759 2121 liti-

311 2136 452 2175 gatores
477 2144 619 2168 causam
646 2135 788 2175 dicant,
815 2135 957 2167 nullum
982 2133 1152 2167 damnare
1170 2159 1180 2174 ‚
1213 2134 1285 2166 nisi
1310 2133 1355 2167 ab
1384 2132 1499 2167 officio
1524 2134 1614 2167 velit
1637 2133 1760 2167 disce-

313 2177 421 2212 dere:
448 2179 583 2215 auditis
608 2186 728 2215 autem
752 2182 917 2227 utrisque
941 2180 1127 2226 partibus,
1151 2186 1188 2214 et
1211 2180 1257 2214 ad
1284 2181 1433 2214 alteram
1461 2181 1678 2226 respiciente
1704 2182 1760 2214 vi-

312 2225 440 2264 ctoria,
464 2226 580 2270 (quod
604 2230 753 2263 omnino
779 2229 955 2273 oportet,)·
975 2233 1011 2261 et
1035 2230 1150 2272 ipsum
1183 2228 1228 2261 ad
1250 2227 1464 2262 validiorem
1491 2228 1679 2268 accedere,
1709 2227 1759 2261 il-

311 2271 459 2316 lamque
484 2272 614 2314 aHam,
647 2285 740 2321 quae
778 2274 951 2314 laeserat,
991 2274 1036 2308 ad
1062 2274 1222 2308 officium
1256 2274 1486 2319 compellere.
1533 2274 1616 2308 Non
1650 2274 1760 2320 igitur

313 2317 468 2350 iniurius
493 2319 653 2397 {umba
679 2326 871 2366 propterea
896 2326 1019 2355 contra
1044 2321 1201 2355 iudicem
1226 2323 1384 2366 excipiet
1420 2331 1574 2368 eumque
1605 2331 1670 2366 pro
1703 2322 1761 2355 iu·

313 2364 410 2397 iusto
436 2370 490 2398 tra
520 2371 613 2407 ucet,
638 2369 725 2413 quia
751 2378 788 2401 se
817 2368 862 2401 ad
885 2369 1013 2402 violati
1038 2373 1158 2413 partes
1184 2368 1401 2402 adiunxerit.
1451 2367 1562 2414 Quod
1585 2368 1759 2413 Gregoras

313 2421 412 2445 nunc
439 2412 598 2453 faciens,
622 2425 697 2447 non
726 2416 838 2459 magis
868 2415 1072 2455 mendacii,
1108 2415 1417 2461 quamramentiae
1444 2419 1480 2447 et
1513 2413 1760 2460 improbitatis

315 2458 526 2501 opinionem
555 2461 802 2505 consequitur,
850 2460 959 2505 Quod
996 2468 1116 2495 autem
1141 2462 1342 2508 legitimum
1368 2463 1413 2496 de
1437 2461 1589 2494 veritate
1615 2471 1760 2495 sensum

314 2505 354 2537 in
378 2515 414 2538 se
447 2507 627 2551 corrumpi
655 2517 792 2551 passus,
819 2512 855 2540 et
883 2509 996 2552 patria
1021 2508 1158 2552 pietate
1186 2510 1337 2549 eiurata,
1364 2508 1590 2541 transversim
1614 2512 1758 2553 raptus,

314 2562 334 2583 a
362 2549 548 2586 Barraamo
589 2558 625 2586 et
654 2553 842 2598 Acindyno
868 2553 1061 2587 haereticis
1079 2580 1088 2596 ‚
1122 2560 1269 2601 propter
1292 2554 1559 2599 improbitatem
1584 2565 1685 2588 suam
1723 2558 1761 2588 et
1791 2590 1800 2599 .

315 2597 588 2632 frustrationem
614 2610 737 2633 eorum
753 2625 764 2639 ,
792 2611 885 2646 quae
910 2606 1135 2644 speraverat,
1160 2613 1227 2636 nec
1252 2603 1323 2646 ipsi
1351 2601 1491 2634 animae
1516 2611 1601 2634 suae
1625 2611 1760 2647 peper-

316 2644 389 2684 cit,
413 2650 454 2678 ut
480 2646 713 2680 ulcisceretur
742 2647 1015 2687 tantummodo,
1055 2658 1075 2680 a
1108 2648 1240 2693 quibus
1265 2658 1302 2681 se
1341 2647 1476 2681 laesum
1501 2653 1627 2692 putat,
1667 2647 1760 2681 mihi

317 2691 443 2724 eadem
470 2692 622 2733 obiicit,
648 2694 773 2727 mirari
797 2705 902 2727 nemo
929 2693 1048 2726 debet.
1098 2693 1171 2738 Qui
1200 2704 1355 2740 namque
1379 2695 1498 2728 Deum
1534 2696 1650 2739 ipsum
1684 2705 1760 2728 nou

317 2743 372 2772 cst
397 2740 595 2780 reveritus,
618 2740 681 2773 scd
706 2746 854 2786 propter
878 2741 1002 2775 odium
1027 2752 1130 2774 suum
1159 2742 1195 2774 in
1233 2741 1407 2788 quosdam
1441 2741 1609 2777 adversus
1654 2740 1758 2774 illum
1780 2742 1784 2746 '
