1794 3158
439 148 529 189 ΑΒ·
555 147 923 191 CANTACUZENi
963 151 1061 193 Lm.
1101 152 1174 192 iv.
1222 151 1228 154 ²
1415 133 1524 207 5Q3

10 268 11 282 1
40 261 164 293 :rae
180 248 349 302 insignia
378 248 418 288 in
447 247 599 288 vexillis
625 249 858 303 praeferret,
891 263 983 288 cum
1013 250 1178 290 Venetis
1207 250 1257 290 ad
1286 251 1312 291 S
1315 252 1522 307 phragiatn

0 335 6 346 ,
38 294 278 355 3¹³-insulam‚
309 317 411 357 quae
440 304 666 357 Sapientiae
694 319 839 343 nomen
869 304 1007 356 habet,
1036 313 1175 346 contra
1204 306 1422 346 Methonen
1451 324 1521 349 us-

47 372 164 412 que
191 359 291 398 adeo
334 361 478 398 aeriter
507 367 544 398 et
582 359 750 399 feliciter
786 359 987 424 conflixit,
1034 368 1080 399 ut
1109 361 1307 401 debellata
1344 363 1520 404 hostium

38 431 42 437 ²
81 413 217 471 classe,
246 414 433 453 Nicotaus
445 415 630 464 Pisanus,
657 416 728 468 qui
753 415 905 454 Sardoo
931 418 972 454 in
1002 418 1101 455 mari
1131 416 1283 456 cladem
1312 418 1515 467 intuleiat,

82 482 176 509 cum
201 470 378 523 quinque
406 469 582 509 millibus
608 471 856 509 Venetorum
881 470 1054 510 militum
1075 479 1226 524 captus,
1260 474 1440 512 Genuam
1472 451 1515 514 in’

79 524 327 588 triumphum
358 525 583 566 duceretur.
639 527 867 565 Genuenses
911 533 1045 565 autem
1073 527 1229 566 liberati
1255 541 1330 580 ope
1358 530 1518 569 Ioannis

82 591 125 618 se
151 580 316 620 v1ct011a
345 582 490 633 potitos
519 588 631 634 grato
661 582 796 620 animo
824 581 1054 620 confitentes
1071 602 1089 629 ‚⁴
1115 597 1221 621 novo
1261 584 1419 623 decreto
1449 585 1520 624 de·-

81 633 188 674 ditae
213 635 383 675 civitatis
413 637 517 686 iura,
546 650 647 689 quae
679 637 838 675 loannis
864 644 992 676 morte
1024 637 1259 688 finirentur,
1301 639 1351 677 ad
1375 640 1518 679 Galea-

82 690 189 729 cium
226 693 373 743 pariter
408 698 447 730 et
478 692 703 736 Barnabam
739 690 1052 732 transtulerunt:
1095 693 1147 732 ita
1179 700 1224 731 ut
1251 696 1367 733 toties
1394 696 1518 748 Ligu-

81 745 165 785 riae
191 746 310 785 urbes
338 760 362 785 a
390 746 520 785 Corvo
545 747 721 786 Lunensi
747 749 1023 800 promontorio
1049 747 1102 787 ad
1127 747 1309 788 Herculis
1338 750 1518 789 Moeneei

81 807 242 853 portum
279 802 570 841 vicecomitum
605 803 770 855 imperio
811 802 1093 842 subderentur.
1171 803 1276 843 Vide
1315 812 1518 856 praeterea
1550 830 1555 838 ·

79 856 191 896 Petri
227 857 357 898 Bizari
393 858 618 898 Genuensis
655 859 846 898 historiae
887 857 960 898 lib.
983 857 1022 899 6.
1068 858 1178 898 haud
1205 859 1346 913 procul
1374 862 1519 900 atine.

79 924 251 951 mnium.

191 966 291 1020 Pag.
307 965 401 1015 252,
416 982 484 1007 21.
516 982 676 1008 canes
703 969 770 1008 ad
793 969 1091 1009 venandum
1125 979 1175 1008 et
1206 984 1373 1024 equos.
1423 971 1516 1009 Stu-

79 1019 148 1061 dia
174 1021 382 1074 iuvenilia,
412 1024 549 1063 venari
578 1031 618 1063 et
646 1024 834 1077 equitare.
890 1026 1028 1064 Horat.
1062 1026 1104 1063 in
1128 1025 1517 1067 Poet.:Jmherl11·s

80 1077 235 1116 iuvenis
257 1078 416 1118 tandem
441 1078 593 1118 custode
610 1089 757 1118 remoto
773 1080 919 1132 gaudet
937 1080 1047 1134 equis
1064 1081 1513 1135 earz1b1csqzte.sere11t

79 1131 260 1173 Andria.
321 1134 439 1188 Qwod
460 1135 643 1188 plerzqzoe
672 1149 803 1173 omnes
827 1137 994 1186 facizmt
1020 1136 1316 1184 adolesoenczdi,
1364 1145 1406 1174 ut
1428 1138 1518 1174 ani-

81 1200 187 1227 mum
213 1188 273 1227 ad
295 1189 467 1244 aliquod
490 1189 659 1228 scudzum
689 1190 932 1242 adiungam,
975 1199 1048 1229 aut
1077 1205 1193 1245 equos
1223 1191 1332 1229 αἰωε
1361 1201 1427 1228 auc
1450 1206 1517 1229 ια-

84 1257 150 1282 nes
190 1244 252 1282 ad
293 1245 532 1288 venandam,
599 1244 800 1284 Adrianus
841 1247 1076 1297 imperator,
1120 1252 1166 1284 ut
1209 1253 1348 1283 auctor
1388 1253 1445 1284 cst
1477 1247 1516 1285 in

81 1298 166 1338 eius
194 1300 276 1338 vita
303 1299 552 1353 Spartianus,
584 1315 709 1353 equos
734 1307 774 1339 et
801 1314 917 1339 canes
947 1301 1003 1338 sic
1030 1302 1194 1349 amavit,
1224 1307 1270 1338 ut
1300 1302 1354 1339 eis
1386 1301 1517 1354 sepul-

80 1367 150 1398 cra
177 1354 449 1394 constitueret.
480 1367 651 1395 ronna.

190 1409 291 1462 Pag.
316 1409 408 1460 254,
442 1423 479 1448 2.
510 1425 611 1464 per
654 1410 709 1449 id
748 1414 948 1464 tempas
985 1409 1141 1449 modo.
1208 1409 1337 1463 Supra
1383 1409 1454 1449 lib.
1476 1412 1516 1450 3.

35 1489 38 1493 ›
83 1477 171 1516 cap.
194 1464 261 1519 95.
288 1464 544 1504 Theodoram
580 1465 702 1504 filiam
746 1465 926 1504 Orehani
967 1466 1124 1504 Tureae
1160 1464 1396 1518 desponsam
1428 1465 1516 1503 lau-

81 1519 214 1569 davit,
243 1533 351 1558 nunc
379 1519 574 1559 Helenam
603 1519 830 1572 Palaeologi
871 1522 1093 1572 conia-gem.
1151 1521 1324 1559 Mariam
1357 1523 1517 1559 tertiam

80 1574 205 1613 filiam
247 1574 463 1628 Nicephori
509 1575 694 1631 despotae
739 1589 904 1615 uxorem
945 1575 1125 1615 laudabit
1171 1575 1274 1614 infra
1321 1589 1405 1629 cap.
1448 1576 1516 1626 45.

79 1641 254 1671 ΡΟΝΤΑΝ.

193 1683 491 1739 Pag.257,17.
534 1686 909 1739 culpet-acorem
946 1685 1192 1738 designet.
1248 1685 1360 1724 Idem
1397 1700 1518 1738 supra

77 1739 288 1796 petebatur
314 1739 390 1778 hoe
418 1739 522 1778 libro
549 1747 586 1778 et
621 1739 802 1792 negabat.
860 1741 935 1778 Hic
978 1739 1093 1779 aliter
1127 1741 1272 1788 sentit3
1317 1739 1418 1778 nihil
1455 1747 1518 1778 ta-

79 1810 190 1843 men,
218 1802 265 1834 ut.
291 1797 333 1834 in
361 1809 410 1834 re
435 1797 594 1835 maximi
628 1796 819 1834 momenti
838 1826 853 1845 ‚
886 1802 1036 1834 temere
1078 1795 1338 1834 statuendum
1367 1802 1515 1837 censet.

81 1865 255 1892 ΡοΝΤΛΝ.

191 1906 292 1958 Pag.
317 1903 413 1956 258,
441 1920 501 1972 ¹7·
541 1905 674 1969 quid
706 1905 931 1972 impet-lo
964 1906 1148 1948 maius.
1205 1904 1271 1944 Ad
1308 1903 1514 1943 Nicoclem

81 1962 302 2002 Isocrates:
325 1959 517 2011 βασιλεία
538 1974 622 1999 των
648 1955 923 2011 ἆιθρωπίνων
944 1955 1200 2011 πραγμάτων
1213 1957 1408 2013 μέγιστόν
1430 1958 1518 1999 ἐστι

82 2031 154 2057 και
180 2016 363 2062 πλείονος
395 2014 588 2067 προνοίας
618 2012 822 2063 δεόμενον,
857 2029 961 2054 rom
967 2029 1028 2055 ..m

195 2070 792 2134 Pag.298‚18.mmagister
828 2079 875 2108 et
915 2070 1020 2109 dux
1062 2071 1282 2121 erroris,
1336 2069 1517 2109 filabo-

83 2136 277 2175 τηθέων,
318 2127 481 2181 plane
518 2126 646 2180 ipsis
685 2127 970 2179 persuasit.
1035 2125 1122 2164 Non
1163 2127 1344 2165 nominat
1373 2125 1515 2165 Maho-

82 2190 236 2222 metum
265 2182 586 2231 Cantacuzenus,
624 2195 714 2218 eum
740 2187 874 2218 tamen
903 2179 1070 2244 intelligi
1097 2182 1362 2220 certissimum
1389 2188 1447 2219 est
1473 2194 1517 2219 ex

84 2238 170 2290 ipsa
202 2238 397 2276 sententia
425 2237 722 2284 Mahometana,
751 2249 894 2288 nempe
922 2234 1143 2276 immortale
1172 2237 1392 2289 piaemium
1421 2249 1518 2274 con-

83 2299 311 2331 secuturum
354 2299 441 2344 post
478 2299 675 2338 mortem,
718 2291 787 2343 qui
824 2291 877 2329 de
900 2291 1192 2331 Mahometanis
1229 2298 1367 2330 eontra
1398 2291 1516 2328 Chri-

84 2349 234 2386 stianos
263 2361 442 2399 pugnans
470 2354 538 2385 aut
566 2346 813 2395 occubuerit,
844 2353 912 2384 aut
943 2361 1062 2398 quam
1088 2346 1280 2399 plurimos
1310 2346 1514 2383 occiderit.

84 2403 147 2442 De
185 2404 338 2454 origine
365 2402 583 2440 Mahonieti
621 2407 660 2439 et
698 2401 990 2440 Mahonnetismi
1021 2402 1217 2442 videndus
1263 2402 1439 2449 Zonaras
1475 2401 1516 2438 iu

88 2457 274 2497 Heraclio
306 2461 757 2521 iniperat01e.1¹0NT.AN

194 2512 303 2564 Pag.
323 2513 415 2558 312,
435 2513 472 2552 5.
501 2521 635 2565 topzc
641 2526 730 2549 am
789 2510 1060 2551 Probabiliter
1070 2517 1192 2575 putat
1208 2510 1417 2548 Gretserus
1442 2522 1516 2546 no-

85 2573 179 2617 ster,
199 2569 253 2607 sic
270 2569 422 2606 dietum
447 2567 521 2606 hoc
539 2581 662 2619 genus
684 2566 882 2620 vectigalis
897 2565 1010 2619 παρὰ
1035 2563 1079 2605 τὸ
1101 2568 1258 2604 τοπεῖον
1286 2578 1354 2601 s<u
1374 2563 1517 2602 τοπιόν

85 2636 155 2661 seu
183 2618 383 2685 warsten),
418 2622 523 2675 quod
565 2629 622 2659 cst
659 2621 789 2684 suuis,
825 2622 974 2660 rudens
1009 2628 1072 2670 et,
1104 2627 1146 2657 ut
1186 2622 1240 2657 ait
1272 2619 1514 2680 Hesychius,

87 2671 196 2715 ὅπλα
225 2691 355 2726 νεως,
405 2677 595 2728 σχοινία,
641 2672 759 2716 κάὶοι
780 2705 791 2727 ,
834 2691 878 2716 ex
913 2690 1083 2729 quonum
1118 2675 1369 2724 venditione,
1401 2675 1514 2712 utin

89 2733 247 2772 civitate
276 2733 486 2781 maritima,
522 2732 686 2785 vectigal
716 2739 876 2785 captum
903 2745 1001 2783 csse,
1031 2745 1052 2769 a
1070 2729 1411 2770 verisimilitmline
1437 2741 1517 2767 non
