1800 3164
412 151 788 194 HISTORIARUM
830 155 899 193 iv,
926 155 993 202 39.
1021 175 1026 177 -
1349 133 1418 188 28
1434 153 1470 186 1·

29 268 147 311 φειν,
177 248 273 296 ἄντε
300 250 493 309 Ἰωάννης
522 253 730 307 βασιλεῦς»
749 254 776 295 o‘
807 252 997 309 γαμβρὸς
1023 253 1148 309 περιῇ
1168 285 1181 306 ,
1230 248 1323 295 ἄντε
1364 254 1458 296 'Av-
1471 253 1563 294 ΑΕ.
1584 252 1672 297 ι354

25 319 213 375 δρόνικος
244 319 267 361 ὅ
297 318 390 368 υἱὸς
429 322 561 378 αὐτῷ·
601 322 779 374 βασιλέα
815 320 862 362 δὲ
900 318 972 362 τὸν
1008 317 1201 374 γαμβρὸν
1238 314 1460 360 ἀνακαλεῖ-

21 387 128 428 σθαι
157 380 298 438 αὖθις,
325 383 528 442 τόν“πρὸς
570 387 723 428 ἐκεῖνον
763 385 1000 434 καταλύσας
1038 382 1218 437 πόλεμον
1269 382 1344 425 καί
1387 387 1464 438 τῆς

20 449 238 504 Ῥωμαίων
267 450 401 506 ἀρχῆς
428 450 592 507 ἁπάσης
621 452 733 508 αὐτῷ
761 456 1056 507 παραχωρεῖν,
1097 453 1179 492 ταῖν
1205 447 1465 505 πραγμάτων

0 514 212 566 [ἀποστὰς
239 515 365 566 αὐτὸς
375 551 387 570 ,
427 520 501 560 καί
525 520 756 573 πειρᾶσθαι
784 515 856 558 διὰ
884 519 956 572 τῆς
983 514 1087 558 κατὰ
1116 515 1190 558 τὸν
1216 517 1307 570 βίον
1340 519 1464 572 φιλο-

23 584 179 638 σοφίας
202 581 324 625 ἴλεων
357 585 474 640 αὐτῷ
497 581 702 625 ποιεῖντὸ
731 586 859 626 θεῖον.
892 584 1029 625 ταῦτα
1055 584 1136 636 μὲν
1165 577 1240 623 οὖν
1259 583 1304 624 ἐν
1332 581 1454 624 ὖστέ-

24 662 84 706 ρῳ
111 647 306 703 πράττειν
333 646 591 702 ἐβουλεύετο·
646 647 737 690 τότε
777 650 823 691 δὲ
855 647 949 690 ἐπεὶ
983 642 1090 703 ἦσαν
1128 646 1386 700 ὡπλισμέναι
1416 644 1464 688 αἶ

23 711 217 770 τριήρεις,
236 715 280 756 ἐν
314 716 571 772 Νικομηδείᾳ
598 730 644 757 τε
670 717 827 769 ἐγένετο
860 715 934 756 καί
960 715 1155 770 πρέσβεις
1185 713 1339 766 ἔπεμπε
1357 711 1502 767 πρὸςΒ

4 778 224 835 ·Ὀρχα’νην
251 778 322 823 τὸν
357 779 575 836 γαμβρὸν,
619 780 677 831 ὥς
712 778 964 837 ἀφιξόμενον
1000 782 1073 822 καί
1112 776 1240 821 αὐτὸν
1274 779 1364 820 ἐκεῖ
1385 780 1468 820 τῶν

0 847 307 903 ιπροκειμένων
335 848 465 889 ἕνεκα.
503 846 525 889 ὅ
556 849 592 889 δ’
619 845 777 903 ἔφασκε
817 853 951 889 νοσεῖν
989 847 1061 888 καὶ
1094 843 1313 893 ἀδυνάτως
1354 842 1470 898 ἔχειν

23 910 68 955 τὰ
97 914 174 954 νῦν
200 908 307 955 εἶναι
335 914 651 955 ἀπανίστασθαι
677 915 750 968 τῆς
785 914 936 969 κλίνης.
991 913 1233 967 α’χθομένου
1267 911 1313 951 δὲ
1341 911 1467 963 βασι-

11 977 128 1028 Ιλέως
158 978 232 1020 καί
256 981 411 1034 σκῆψιν
443 980 635 1032 οἰομένου
665 978 741 1034 τὴν
772 977 894 1022 νόσον
933 974 1069 1033 εἶναι,
1109 979 1182 1019 καί
1208 975 1467 1030 καταναγκά-

25 1046 162 1096 ζοντος
189 1045 327 1087 ε’λθεῖν
353 1046 412 1094 εἰς
438 1045 511 1100 τὴν
534 1045 813 1100 Νικομήδους,
832 1042 973 1099 ὥσπερ
1004 1045 1292 1099 ἐπηγγείλατο,
1331 1038 1522 1097 ὅρκοις-Ὗ.
1547 1045 1618 1081 688

25 1108 262 1166 ἰσχυρίζετο
310 1116 446 1153 νοσεῖν
483 1108 540 1160 ὦς
578 1111 748 1166 ἀληθῶς
791 1109 864 1152 καί
900 1110 1109 1166 μηδεμίαν
1143 1110 1298 1163 σκῆψιν
1343 1104 1469 1161 εἶναι,

0 1174 126 1230 hand*
155 1176 375 1231 ὑπόκρισιν
413 1176 511 1232 περὶ
545 1175 589 1219 τὸ
632 1178 818 1232 πρᾶγμα·
877 1175 1010 1218 ἐδεῖτό
1040 1191 1083 1218 τε
1111 1171 1358 1229 συγγνώμην
1386 1189 1471 1214 πα-

23 1242 289 1294 ρασχέσθαι,
334 1241 408 1284 καί
433 1243 700 1298 ἐπηγγείλατο
730 1238 885 1297 αὖθις,
929 1241 988 1291 ὥς
1023 1243 1069 1284 ἐν
1110 1240 1257 1297 ῥηταῖς
1292 1238 1472 1294 ἡμέραις

1 1307 177 1363 4ῥαΐσας
205 1307 405 1350 ἑκτελέσει
447 1307 499 1350 τὰ
541 1308 827 1363 ὑπεσχημένα.
885 1309 1046 1350 ἐκεῖθεν
1074 1308 1151 1359 μὲν
1180 1300 1256 1348 οὖν
1296 1303 1319 1346 ὅ
1345 1307 1472 1359 βασι·

21 1370 120 1421 λεύς
150 1368 361 1428 ἄπρακτος
390 1369 518 1422 αὖθις
545 1375 604 1423 εἰς
623 1373 856 1424 Βυζάντιον
884 1375 1109 1428 ἐπανῆλθε.

40 1441 45 1445 ”
113 1438 192 1482 w.
234 1437 440 1490 Φιλόθεος
468 1442 515 1482 δὲ
545 1438 566 1481 ὅ
595 1439 862 1496 πατριάρχης
890 1438 1027 1493 εἰδώς,
1059 1441 1150 1481 οἵαν
1176 1438 1346 1494 γνώμην
1374 1436 1507 1492 ἔχειῦ

0 1504 122 1559 meet*
145 1508 372 1559 βασιλέων,
410 1507 486 1548 τοῦ
511 1523 556 1549 τε
591 1509 788 1561 γαμβροῦ
815 1505 888 1548 καί
914 1508 994 1547 τοῦ
1024 1505 1146 1558 υἱοῦ,
1194 1506 1254 1554 εἷς
1294 1505 1468 1546 Τένεδον

0 1595 2 1619 ÷
25 1572 158 1614 αὐτοῦ
197 1573 328 1614 ἐδεῖτο
367 1571 623 1629 πρεσβευτής
650 1572 757 1628 πρός
794 1575 972 1626 βασιλέα
1000 1571 1074 1614 τὸν
1102 1573 1193 1613 νέον
1221 1566 1511 1626 οἷφικέσθαι,1)

0 1633 132 1692 {affore
159 1636 234 1680 τὸν
260 1636 363 1693 πρὸς
391 1637 598 1693 ἀλλήλους
639 1640 840 1680 διαλῦσαι
881 1636 1087 1691 πόλεμον,
1115 1634 1265 1684 πείσας
1290 1637 1469 1689 βασιλέα

0 1699 97 1746 ἱτύν
125 1705 219 1746 νέον
242 1701 426 1758 ἑλέσθαι,
458 1703 486 1746 ἃ
513 1702 758 1759 βουλεύοιτο
797 1702 999 1758 βασιλεύς
1029 1702 1051 1744 ὁ
1081 1701 1294 1758 κηδεστής.
1349 1703 1470 1755 βασι-

71 1844 74 1846 ,
121 1804 172 1839 16.
198 1803 447 1850 ἐπηγγέλλετο
474 1805 522 1838 Μ.
618 1816 673 1841 22.
699 1805 814 1839 λῦσαι
842 1804 892 1841 Μ,
918 1815 985 1850 mg.

23 1897 101 1934 ret,
133 1893 342 1934 subiicere,
379 1894 430 1927 ita
455 1899 496 1928 ut
519 1894 688 1928 morienti
713 1894 854 1926 nullum
881 1892 1088 1938 relinquere
1113 1903 1354 1927 successorem
1382 1893 1474 1926 lice-

23 1943 103 1980 nt,
140 1940 203 1975 sed
238 1945 313 1974 tota
337 1940 382 1974 ad
405 1942 659 1987 imperatorem
695 1942 932 1974 Romanorum
948 1965 957 1980 ‚
993 1941 1067 1974 sive
1091 1939 1137 1973 ad
1163 1941 1334 1973 Ioannem
1358 1942 1474 1984 gene-v

23 1994 116 2029 rum,
142 1987 229 2028 sive,
253 1999 295 2022 eo
310 1994 462 2027 mortuo,
478 1989 523 2022 ad
537 1989 793 2028 Andronicum,
817 1988 893 2021 cius
920 1987 1047 2027 filium,
1072 1987 1298 2031 postliminio
1322 1986 1471 2028 rediret,

22 2032 143 2078 ipsum
178 2039 295 2068 autem
322 2036 503 2076 loannem,
530 2034 629 2070 bello
664 2035 798 2080 posito,
836 2043 1004 2068 revocare
1036 2038 1187 2080 totoque
1213 2035 1373 2067 Romano
1398 2034 1471 2066 im-

15 2078 128 2160 'Kerio
164 2082 198 2114 ci
228 2081 354 2115 cedere
379 2093 491 2127 seque
516 2093 536 2114 a
565 2083 792 2127 negotiorum
818 2080 934 2115 turbis
961 2091 1157 2122 removere,
1188 2085 1226 2113 et
1250 2079 1382 2113 divinis
1408 2091 1469 2113 rc-

55 2137 93 2160 us
117 2127 306 2169 vacando,
344 2129 486 2163 studere
512 2129 668 2163 coeleste
696 2139 831 2162 numen
864 2127 935 2162 sibi
964 2128 1141 2173 placatum
1171 2134 1207 2161 ct
1231 2127 1386 2160 amicum
1414 2128 1469 2161 ef-

23 2173 140 2208 ficere.
191 2175 287 2208 Haec
311 2176 419 2221 igitur
443 2181 525 2221 post
559 2176 626 2208 filii
660 2177 879 2209 creationem
912 2174 1166 2211 meditabatur.
1214 2173 1320 2207 Tunc
1344 2178 1467 2207 autem

25 2221 234 2255 triremibus
268 2222 515 2257 Nicomediam
545 2223 645 2257 venit
682 2223 891 2268 legatosque
915 2221 961 2255 ad
986 2221 1189 2256 Orchanem
1215 2232 1400 2266 generum,
1427 2225 1469 2254 ut

27 2267 154 2302 eodem
181 2280 224 2302 ex
247 2269 412 2303 condicto
442 2270 488 2302 ob
516 2281 654 2303 causam
681 2269 751 2301 iam
778 2271 964 2302 recitatam
993 2274 1198 2310 venturum,
1229 2269 1341 2302 misit.
1390 2268 1466 2312 Qui
1492 2296 1501 2302 ,

24 2314 188 2349 morbum
218 2319 412 2355 excusavit.
441 2328 509 2351 nec
536 2328 642 2361 posse
667 2318 705 2348 in
730 2316 912 2361 praesenti
938 2316 981 2349 de
1007 2316 1141 2349 lectulo
1167 2325 1321 2360 surgere.
1374 2314 1465 2348 Cum

25 2359 65 2395 id
89 2363 243 2407 graviter
267 2364 378 2396 ferret
402 2364 597 2410 imperator
619 2368 655 2397 et
691 2362 855 2396 morbum
881 2362 978 2396 hunc
997 2375 1061 2407 pro
1084 2363 1290 2395 velamento
1310 2360 1465 2395 obtendi

22 2413 170 2487 rummt
193 2416 419 2455 urgeretque,
447 2413 498 2446 uti
526 2409 786 2449 Nicomediam,
815 2409 913 2457 quod
936 2410 1163 2455 promiserat,
1187 2410 1352 2449 veniret,
1380 2418 1464 2442 vere

42 2463 66 2487 n
88 2455 214 2491 morbo
242 2468 279 2489 se
317 2468 392 2491 esse
435 2458 602 2503 nihilque
637 2457 832 2497 simulare,
880 2457 1018 2490 iuratus
1053 2456 1293 2496 confirmavit,
1335 2466 1463 2499 rogans

22 2504 164 2538 veniam
196 2508 232 2537 et
256 2505 386 2537 iterum
413 2506 641 2549 promittens,
667 2509 749 2549 post
781 2504 858 2538 dies
882 2509 1010 2544 certos,
1036 2503 1101 2536 ubi
1126 2502 1362 2543 convaluerit,
1378 2514 1463 2548 pro-

23 2548 131 2583 missa
157 2550 413 2586 confecturum.
463 2553 663 2596 Imperator
687 2551 877 2584 frustratus
903 2551 1112 2594 Byzantium
1138 2550 1296 2584 revertit.

116 2597 171 2641 39.
219 2597 429 2631 philotheus
455 2605 574 2632 autem
600 2597 800 2644 patriarcha
825 2598 954 2637 sciens,
983 2597 1071 2644 quid
1100 2596 1144 2630 dc
1179 2595 1459 2639 imperatoribus

24 2652 155 2687 genero
177 2653 219 2675 ac
240 2644 315 2678 lilio
341 2655 460 2678 secum
488 2647 605 2679 animo
633 2645 805 2688 agitaret,
832 2643 971 2684 orabat,
999 2645 1049 2677 uti
1085 2654 1122 2676 se
1149 2644 1258 2688 legati
1284 2642 1364 2676 loco
1389 2643 1461 2675 Te-

24 2689 158 2723 nedum
183 2689 229 2723 ad
253 2692 429 2726 iuniorem
458 2694 710 2737 imperatorem
735 2694 909 2733 mitteret,
934 2696 1192 2736 pertracturum
1218 2701 1298 2722 eum
1319 2690 1355 2721 in
1378 2699 1459 2720 sen-

26 2735 174 2770 tentiam
196 2737 307 2772 soceri
329 2743 365 2772 ct
389 2737 525 2774 bellurn
555 2740 848 2784 compositurum.
899 2739 1106 2784 Imperator,
1139 2739 1272 2782 paratis
1300 2734 1456 2770 triremi-
