1794 3158
427 118 500 158 AD
544 115 911 159 CANTACUZEM
950 115 1049 155 Lm.
1089 117 1124 155 1.
1378 94 1485 168 397

0 266 7 286 7,
31 234 193 273 *omnia
236 236 330 270 sunt
366 229 584 269 certissima
621 243 667 267 ex
701 228 810 267 libris
838 226 1060 267 ritualibus.
1117 226 1215 265 Nam
1245 225 1490 264 Graecorum

0 305 6 327 .·»
57 282 356 342 quadragesima
394 291 545 338 septem
576 282 894 323 hebdomadibus
921 289 1091 334 constat,
1121 296 1164 320 ex
1194 295 1258 319 sex
1286 282 1492 318 dumtaxat

59 342 277 384 dominicis.
333 341 442 379 Haec
482 353 546 378 me
574 339 637 379 his
675 340 767 392 ipsis
792 338 924 378 verbis
959 337 1066 376 idem
1105 338 1313 377 Gretserus
1356 341 1492 374 noster

0 425 10 446 ,-
55 398 240 447 monuit,
269 395 414 449 quibus
442 408 599 434 mecum
629 394 753 434 utaris
784 392 890 432 licet.
923 406 1095 436 PONTAN.

169 451 270 504 Pag.
301 450 369 498 65,
402 463 463 492 ιι.
492 444 905 499 συνδιασκεψάμενος
934 447 991 486 Μ.

167 506 273 559 Pag.
301 505 372 556 63,
399 518 463 544 20.
493 497 520 556 ἢ
549 500 628 556 μή,
654 501 712 555 μὴ
745 502 880 554 ζητεῖν
904 503 961 543 Μ.
994 509 1113 545 recte.

164 561 270 614 Pag.
299 559 367 610 64,
398 559 437 611 4.
466 556 540 599 τοῦ
569 557 776 622 βασιλέως
804 557 859 597 M.

0 652 6 660 ,
81 667 84 670 ἢ
167 616 270 670 Pag.
297 615 366 667 64,
403 615 465 655 15.
499 625 694 666 προτερον
758 610 874 666 αὐτῷ
918 608 992 664 τήν
1030 611 1107 664 γῆν
1142 614 1286 664 χανεῖν
1324 611 1495 663 μᾶλλον,

56 672 119 715 Ex
146 671 324 712 Homero
337 700 347 720 ,
365 669 473 722 quod
489 669 678 721 expressit
697 665 891 721 Virgilius
906 667 946 717 4.
967 666 1137 706 Aeneid.
1154 697 1164 712 ,
1192 667 1261 706 ubi
1282 669 1337 707 sic
1358 668 1462 706 Dido
1478 682 1491 707 :

0 762 7 770 ‚
46 722 140 776 'Sed
168 727 269 766 mihi
295 726 362 764 vel
383 725 493 763 tellus
518 733 645 778 optem
665 723 779 778 prius
812 724 895 761 ima
921 721 1105 764 dehiscat.
1136 722 1392 776 Quamquam
1406 723 1495 762 Ho-

52 795 190 823 merus
217 777 304 820 τότε
338 792 411 829 μοι
431 776 557 830 χάνοι
581 775 726 828 εὐρεῖα
750 773 886 827 χθών.
942 790 1111 815 pomum.

0 873 6 880 ‚
163 835 265 889 Pag.
294 834 362 883 64,
395 845 461 872 21.
493 846 605 873 cum
640 832 763 870 albo
797 831 1019 870 calculo.
1051 828 1128 882 τήν
1167 830 1347 871 νικῶσαν
1378 839 1496 873 vocat

0 927 5 936 ,
55 898 195 930 auctor
215 919 230 945 ,ἱ
266 890 497 942 vincentem,
557 886 710 926 Album
748 885 946 937 caleulum
987 885 1134 924 addere
1172 893 1232 925 est
1261 888 1495 938 approbare.

54 946 166 985 Olim
197 945 317 993 enim,
350 941 512 982 calculis
540 943 582 981 in
613 955 756 980 urnam
786 942 930 990 missis,
960 940 1015 979 ita
1042 941 1275 980 ferebantur
1302 955 1324 979 a
1351 943 1494 980 iudici-

0 1037 5 1046 ,
48 1000 130 1045 bus
158 1000 375 1040 sententiae
393 1028 406 1048 ,
435 1005 481 1037 ut
516 997 618 1036 albis
646 996 923 1042 absolverent,
969 995 1152 1048 pluribus
1180 994 1354 1047 scilicet,
1397 998 1495 1036 atris

32 1055 302 1108 damnarent.
359 1052 481 1104 Quod
522 1054 554 1092 si
594 1051 778 1105 aequales
805 1063 974 1089 numero
1002 1050 1193 1104 fuissent,
1240 1065 1333 1091 reus
1367 1052 1495 1092 nihilo

0 1148 4 1156 ,
52 1112 186 1150 minus
216 1109 478 1149 liberabatur.
512 1108 637 1147 Plura
666 1105 892 1146 Chiliastes.
921 1119 1092 1146 PONTAN.

165 1176 264 1229 Pag.
284 1175 352 1221 65,
383 1189 423 1228 9.
454 1167 583 1220 αὖτός
609 1174 666 1213 Μ.
690 1180 730 1211 et
758 1172 830 1211 lin.
859 1184 919 1224 ¹7·
949 1167 1060 1224 ἡμᾶς
1085 1179 1125 1212 et
1141 1170 1273 1224 ἡμῶν.

171 1232 273 1284 Pag.
300 1230 369 1280 66,
401 1243 469 1268 22.
500 1230 717 1268 τελευταῖα
746 1229 804 1267 Μ.

165 1287 266 1340 Pag.
281 1286 349 1339 67,
368 1298 408 1328 2.
439 1287 607 1324 locum
639 1282 836 1322 iudicii
864 1283 1233 1335 introgressus.
1267 1284 1382 1334 Quae
1402 1287 1497 1325 scri-

0 1351 4 1378 ;
52 1344 112 1384 bit
137 1345 333 1395 Gregoras
358 1339 463 1380 libro
482 1346 624 1379 octavo
643 1352 736 1376 cum
753 1338 830 1389 his,
851 1351 954 1389 quae
975 1337 1097 1391 paulo
1130 1346 1222 1377 ante
1248 1338 1352 1378 dicta
1376 1348 1492 1389 sunt,

53 1411 237 1454 quaeque
266 1402 500 1450 sequuntur,
536 1407 680 1447 parum
710 1395 980 1432 consentiunt.
1020 1393 1144 1444 Audi,
1170 1395 1202 1432 si
1230 1393 1339 1434 libet.
1367 1395 1498 1435 Sexta

46 1453 168 1510 ¹porro
197 1451 438 1491 hebdomade
468 1458 625 1489 sanctae
661 1448 989 1503 quadragesimae
1016 1450 1232 1503 imperator
1245 1479 1257 1502 ,
1287 1451 1496 1490 Gerasimo

0 1534 5 1554 μ
43 1509 278 1566 patriarcha
302 1516 340 1545 et
364 1507 457 1545 aliis
491 1503 740 1559 pontificibus
753 1533 764 1551 ,
806 1504 878 1558 qui
902 1504 943 1541 in
983 1504 1076 1542 urbe
1106 1515 1242 1553 erant,
1276 1507 1499 1557 accersitis,

0 1588 6 1600 .
50 1573 228 1618 nepotem
263 1561 446 1609 adducit,
468 1560 610 1614 palam
631 1558 904 1611 obiurgaturus
943 1567 982 1596 et
1019 1559 1240 1599 moniturus
1253 1589 1264 1610 ‚
1305 1569 1347 1600 ut
1355 1562 1496 1614 fugae

0 1646 6 1654 -
47 1619 254 1667 eonsilium
282 1625 471 1655 mutaret.-
495 1628 571 1669 quo
593 1626 728 1651 coram
748 1614 866 1652 tantis
889 1613 1040 1651 testibus
1065 1614 1318 1668 pudefactuS‚
1356 1626 1425 1655 aut
1452 1617 1496 1655 in

0 1687 5 1717 't
49 1673 179 1725 officio
211 1680 327 1718 esset,
365 1680 434 1709 aut
463 1683 541 1709 non
577 1670 660 1707 sine
699 1682 817 1707 causa
841 1668 1043 1721 probabili
1071 1670 1253 1709 multatus
1277 1669 1494 1713 videretur.

0 1755 5 1766 .
48 1728 249 1782 Ingressus
278 1735 334 1765 est
353 1726 472 1778 igimr
500 1722 752 1762 Andronicus
779 1723 914 1761 iunior
929 1751 941 1770 ,
968 1722 1149 1762 adductis
1175 1739 1302 1764 secum
1323 1726 1495 1765 nonnul-

49 1784 123 1834 lis,
148 1784 216 1839 qui
246 1781 394 1822 occulta
423 1793 540 1819 arma
567 1786 604 1818 et
629 1778 822 1831 pugiones
845 1777 1042 1830 gerebant,
1066 1792 1136 1818 nec
1170 1781 1254 1834 ipse
1273 1779 1398 1834 plane
1428 1779 1494 1820 in-

0 1872 5 1883 ,
49 1840 168 1879 ermis
187 1843 262 1878 etc.
287 1850 461 1876 PONTAN.

161 1903 270 1957 Pag.
300 1902 371 1957 67,
403 1902 465 1941 15.
497 1901 597 1954 Qui
628 1899 876 1938 Canicleo
909 1908 1169 1953 praeerat.
1213 1899 1455 1955 Curopalata
1478 1916 1491 1942 ε

2 1993 6 2002 2
49 1955 123 2000 ἐπὶ
147 1957 221 1998 τοῦ
244 1954 498 1998 Κανικλειόυ
540 1949 592 2006 ἦν
638 1949 660 1992 ὅ
690 1953 977 2005 συμπένθερος
1016 1953 1094 1992 τοῦ
1123 1954 1327 2003 βασιλέως
1364 1954 1495 2008 6202}-

0 2033 5 2041 ·
50 2026 186 2067 μενος.
243 2013 344 2053 Erat
371 2019 504 2051 autem
534 2008 768 2050 Canicleum
795 2023 865 2047 arx
905 2016 944 2046 et
973 2009 1256 2048 monasterium
1290 2013 1492 2051 Constan-

0 2086 5 2096 ·
50 2067 222 2122 tinopoli
252 2069 293 2107 in
311 2067 412 2106 urbe
427 2098 439 2119 ‚
461 2067 574 2106 cuius
602 2064 851 2118 praefectura
878 2063 1043 2102 illustris
1070 2063 1289 2104 admodum
1305 2096 1315 2112 ,
1336 2066 1492 2117 fuitque

1 2163 3 2165 ,
51 2122 222 2164 alterum
261 2123 454 2176 palatium
485 2119 855 2172 Constantinopoli,
888 2118 996 2172 quod
1034 2131 1172 2158 socero
1209 2121 1456 2174 imperatoris
1477 2154 1491 2173 ‚

52 2180 86 2218 si
114 2186 240 2230 esset,
270 2178 436 2218 honoris
467 2190 561 2230 ergo
581 2175 753 2215 dabatur
782 2174 1052 2214 incolendum.
1109 2174 1164 2213 Et
1189 2176 1223 2214 is
1251 2190 1386 2215 coram
1415 2179 1491 2216 im-

0 2251 4 2267 =
51 2241 234 2288 peratore
255 2247 399 2288 genero
427 2232 677 2277 vehebatur,
718 2244 791 2269 nec
819 2230 1029 2269 tenebatur
1060 2242 1201 2268 coram
1230 2245 1278 2270 eo
1307 2232 1346 2269 in
1370 2233 1489 2284 pedes

0 2307 5 2327 ·.
50 2289 259 2343 procidere
300 2296 340 2328 et
387 2290 446 2328 ire
490 2287 685 2340 pedibus,
731 2291 777 2324 ut
814 2284 880 2324 alii
919 2296 1086 2331 omneS,
1122 2286 1190 2337 qui
1219 2286 1262 2324 in
1298 2286 1489 2339 dignitate

0 2355 6 2382 i
52 2351 182 2394 erant,
205 2344 453 2397 imperatoris
472 2341 678 2384 beneficio.
694 2341 753 2379 Ita
771 2339 998 2380 scholiastes
1018 2337 1295 2394 Curopalatae.
1315 2355 1489 2383 PONTAN.

0 2417 5 2426 ·
48 2394 278 2450 ὀχούμενος
306 2400 363 2442 Μ.

164 2463 264 2518 Pag.
293 2464 362 2519 69,
400 2479 434 2504 1.
466 2461 510 2504 τὸ
541 2477 620 2502 om.
651 2463 708 2502 M.
736 2469 829 2501 ante
856 2460 1075 2514 ἐπίταγμα.

165 2528 441 2584 Pag.69,14.
470 2544 533 2568 ex
585 2529 726 2581 lege,
773 2543 903 2583 quae
954 2528 1183 2567 iudiciis
1223 2530 1360 2583 ipsis
1403 2529 1486 2568 do-

54 2586 290 2623 minatur.
344 2584 448 2625 Nam
478 2583 625 2623 iudices
653 2583 872 2622 secundum
906 2582 1037 2636 leges,
1085 2597 1166 2622 non
1205 2591 1344 2623 contra
1384 2585 1486 2635 leges

0 2639 3 2647 '
57 2639 232 2681 iudicare
260 2639 418 2680 debent.
473 2640 686 2679 Praeterea
730 2640 832 2678 sicut
878 2641 1127 2691 magistratus
1155 2638 1302 2677 dicitur
1330 2639 1389 2678 lex
1424 2638 1485 2677 lo-

0 2695 3 2749 ζ
59 2707 212 2747 quens,
260 2694 314 2734 sic
349 2702 388 2734 et
430 2701 565 2734 mutus
605 2694 856 2748 magistratus
877 2723 887 2742 ,
938 2695 1008 2747 qui
1058 2691 1199 2746 procul
1225 2692 1349 2733 dubio
1394 2693 1486 2746 ipsis
