1794 3158
423 146 496 188 AD
533 143 907 188 CANTACUzmi
942 145 1040 186 Lm.
1074 146 1128 186 11.
1375 125 1483 200 507

57 240 277 309 μακάριος.
307 246 375 287 ’5.
396 258 460 284 οτι
486 242 516 284 ὅ
542 242 639 292 θεός
671 243 785 284 ἐστιν
813 239 841 296 ἧ
872 243 1152 307 μακαριότης
1155 241 1300 282 αὐτοῦ.
1333 238 1490 283 26.31·

57 299 190 340 ταῦτα
216 297 267 340 τὰ
298 295 484 350 ὀνόματα
507 299 582 339 οὐκ
613 298 696 339 εἰσί
709 313 960 362 συνωνυμα.
1004 313 1071 354 27.
1098 294 1272 348 πότερον
1297 293 1490 338 συνωνύ-

58 369 148 405 μως
159 352 342 422 “mystae
381 353 518 394 ταῦτα
555 351 608 393 τὰ
647 348 830 403 ὀνόματα
883 353 958 393 τοῦ
988 353 1095 393 θεοῦ
1143 350 1216 392 καί
1237 353 1335 392 τῶν
1349 346 1491 392 ὄντων.

59 410 128 449 28.
152 404 216 448 ὅτι
245 408 378 448 ταῦτα
415 423 466 448 τα
498 406 682 460 ὀνόματα
706 407 785 473 οὐχ
815 404 1044 459 ὁμωνύμως
1078 407 1267 475 λέγονται
1300 405 1374 446 ἐπὶ
1409 406 1487 447 τοῦ

57 464 164 503 θεοῦ
192 461 265 503 καὶ
291 464 375 503 τῶν
423 477 568 508 οντων.
614 478 681 518 29.
713 457 773 502 ὅτι
811 464 946 503 ταῦτα
992 460 1045 503 τὰ
1068 460 1252 513 ὀνόματα
1296 461 1490 512 αναλογι-

59 518 143 566 κῶς
169 517 355 570 λέγονται
383 515 460 559 ἐπί
488 532 532 558 τε
563 519 637 559 τοῦ
667 517 772 558 θεοῦ
802 532 870 557 και
903 518 987 557 ταῖν
1020 511 1164 560 ὄντων.
1222 518 1332 557 Haec
1363 518 1491 570 capita

57 572 151 612 libri
193 574 355 613 secundi
398 574 687 627 Acindyniani‚
726 587 828 626 quae
858 580 997 613 auctor
1034 572 1265 612 scholastice
1299 586 1491 628 prorsuS,

57 626 135 667 hoc
163 635 222 668 est
263 628 482 681 theologice
518 636 558 667 et
589 627 884 681 philosophice,
932 630 1193 681 persequitur.
1258 628 1313 667 Et
1357 635 1492 667 tamen

59 681 268 726 damnatus
296 689 354 724 est
383 698 407 722 a
433 683 600 737 synodo,
628 683 817 722 Palamae
853 683 957 737 plus,
984 697 1104 736 quam
1134 682 1378 733 merebatur,
1405 690 1491 721 stu-

58 737 185 778 diosa.
242 739 394 780 Verum
417 740 472 777 ita
499 738 660 777 evenire
696 737 821 785 solet,
862 739 932 777 ubi
963 738 1186 792 ignorantia
1227 739 1422 790 praesidet
1453 744 1494 776 et

58 801 211 846 regnat.
265 795 388 833 Recte
430 795 536 832 enim
581 793 630 832 de
666 793 887 832 substantia
915 801 954 832 et
993 794 1223 847 operatione
1251 793 1326 831 Dei
1373 794 1494 832 sensit

57 847 309 903 Acindynus.
336 847 428 888 Sola
447 863 619 902 namque
637 850 790 887 ratione
802 849 980 888 distinxit
999 863 1010 888 :
1038 862 1082 887 re
1104 855 1187 886 tam
1209 849 1493 900 operationem,

59 916 182 956 quam
207 904 467 943 substantiam
491 903 566 942 Dei
587 905 805 950 coniunxit,
830 903 1011 956 nihilque
1036 905 1077 941 in
1105 904 1191 942 Deo
1215 917 1300 942 esse
1327 905 1462 942 statuit
1479 932 1493 951 ,

54 958 168 1012 ¹quod
201 970 293 998 cum
321 960 489 998 essentia
521 959 657 998 divina
692 958 850 998 realiter
884 973 1013 997 unum
1051 965 1090 997 et
1134 959 1237 997 idem
1267 971 1347 996 non
1377 966 1490 1000 esset.

165 1013 422 1068 Quapropter
447 1028 557 1053 mera
569 1015 812 1053 Graecorum
841 1016 1019 1053 convicia
1038 1021 1146 1060 sunt,
1176 1028 1267 1051 cum
1295 1013 1346 1051 de
1365 1014 1493 1052 Acin-

57 1067 193 1133 dyno
201 1076 240 1108 et
276 1069 482 1108 Barlaamo
518 1071 574 1108 ita
622 1069 827 1108 scribunt:
884 1069 1089 1133 λέγουσιν,
1124 1064 1184 1107 ὅτι
1222 1065 1243 1106 ὅ
1281 1063 1378 1114 θεὸς
1418 1067 1495 1106 ov’ac

56 1119 145 1174 ἔχει
175 1120 383 1175 ἐνέργειαν
405 1122 600 1177 ου’σιωδη,
644 1124 836 1163 τουτέστι
851 1120 1061 1187 φυσικήν.
1110 1123 1330 1190 ''Myovcnm
1361 1116 1429 1161 ὅτι
1464 1117 1494 1173 ἧ

56 1177 241 1230 ἐνέργεια
268 1193 335 1219 και
369 1177 571 1244 ἐνέργειαι
600 1172 676 1217 οὕκ
707 1177 812 1217 εἰσιν
843 1191 1042 1225 ακτιστοι,
1075 1172 1174 1217 ουδὲ
1202 1178 1406 1216 συναίτιοι
1438 1177 1496 1216 ποῖ

60 1233 159 1286 θεῶ.
215 1233 421 1286 λέγουσιν,
461 1228 524 1272 ὅτι
562 1230 670 1298 αὐτή
698 1231 724 1285 ἡ
755 1232 953 1284 λεγομένη
996 1246 1190 1300 ακτισῙος
1233 1246 1303 1272 και
1334 1229 1492 1299 φυσική

57 1286 245 1354 ἐνέργεια
275 1290 350 1327 τοῦ
378 1286 483 1327 θεοῦ
512 1285 617 1340 αυτὴ
646 1288 758 1327 ἐστιν
784 1287 810 1339 ἢ
841 1287 915 1327 τοῦ
943 1287 1047 1326 θεοῦ
1079 1282 1230 1336 οὐσία,
1271 1301 1339 1326 και
1368 1281 1490 1325 ουδε-

55 1338 133 1391 μία
162 1356 225 1389 τις
253 1339 436 1406 διαφορὰ
481 1341 680 1392 ου’δαμῶς
724 1341 834 1382 ἐστιν
861 1340 1006 1388 ουσίας
1034 1339 1106 1381 καί
1149 1339 1371 1393 ἐνεργείας,
1402 1339 1495 1380 ἀλλ’

55 1396 101 1436 ἓν
126 1409 196 1437 και
224 1394 272 1436 τὸ
306 1392 412 1437 αυτό
440 1397 569 1437 ἐστιν.
622 1398 677 1436 Et
724 1398 766 1436 id
798 1412 920 1451 genus
962 1396 1071 1445 alia,
1110 1411 1213 1449 quae
1251 1397 1302 1435 ab
1343 1397 1495 1435 incerto

57 1459 220 1491 auctore
248 1452 412 1492 collecta
438 1460 546 1501 sunt,
578 1459 810 1506 exstantque
837 1454 878 1491 in
900 1453 1087 1492 ssavarica
1114 1452 1373 1502 bibliotheca,
1404 1452 1494 1494 cod

61 1506 150 1549 115.
203 1508 300 1559 Sed,
328 1516 374 1547 ut
401 1508 509 1556 dixi,
541 1506 731 1561 pleraque
758 1509 1035 1561 imperitorum
1070 1507 1257 1560 figmenta
1299 1513 1391 1546 sunt
1409 1536 1421 1557 ,
1452 1508 1493 1545 in

57 1575 232 1615 quorum
261 1577 428 1603 numero
472 1563 549 1602 hoc
579 1563 795 1602 ultimum:
838 1577 1046 1616 nunquam
1087 1564 1194 1601 enim
1238 1562 1493 1614 Acindynus,

55 1624 127 1657 aut
155 1620 366 1672 quisquam
410 1617 512 1657 alius
544 1618 837 1657 distinctionem
865 1619 1032 1657 rationis
1063 1618 1222 1670 negavit
1244 1647 1255 1664 ‚
1286 1617 1354 1656 sed
1383 1616 1494 1656 illam

56 1673 278 1722 dumtaxat,
310 1687 431 1726 quam
458 1672 642 1712 Palamas
663 1687 755 1712 cum
783 1674 866 1712 suis
886 1673 1046 1711 indocte
1071 1679 1319 1711 commentus
1346 1672 1491 1710 fuerat:

55 1741 186 1781 neque
212 1730 319 1767 enim
344 1735 427 1768 tam
466 1728 694 1781 insipientes
723 1735 837 1766 erant
857 1758 866 1775 ‚
912 1735 957 1766 ut
997 1727 1292 1766 distinctionem
1328 1727 1495 1765 rationis

56 1782 162 1822 inter
189 1784 451 1822 substantiam
497 1790 536 1822 et
569 1784 842 1835 operationem
869 1783 945 1821 Dei
982 1796 1064 1820 non
1092 1788 1368 1834 agnosce1·.ent
1439 1782 1495 1820 Et

52 1838 252 1877 secundus
279 1837 382 1877 liber
411 1838 613 1892 Acindyni
644 1837 759 1876 facile
786 1852 829 1876 se
855 1851 927 1876 suo
957 1837 1085 1876 Marte
1113 1836 1165 1875 ab
1193 1836 1380 1875 omnibus
1408 1837 1494 1875 istis

53 1892 265 1932 calumniis
293 1893 491 1942 desendet,
511 1900 558 1932 ut
588 1900 756 1945 patrono
784 1906 865 1931 non
893 1898 1016 1944 egeat.
1071 1893 1157 1931 Hoc
1183 1891 1267 1930 solo
1285 1893 1404 1930 miser
1422 1899 1496 1941 est,

53 1948 163 2001 quod
179 1948 350 1988 vinculis
368 1956 407 1988 et
420 1962 577 1988 carcere
596 1949 802 1998 attinetur,
830 1947 1162 2000 liberatoremque
1195 1953 1404 1998 exspectat
1421 1960 1494 1985 nec

53 2004 226 2055 reperit.
257 2005 406 2058 quippe
433 2018 514 2043 non
534 2003 682 2042 modo'
673 2017 713 2041 in
732 2002 900 2055 vulgum
929 2003 988 2052 (ut
1009 2003 1064 2041 ait
1087 2002 1166 2051 ille)
1194 2001 1386 2040 hactenus
1408 2016 1493 2040 non

49 2058 253 2111 vulgatus,
267 2059 336 2098 sed
354 2073 405 2098 ne
425 2061 465 2098 in
481 2059 732 2098 eruditorum
750 2058 911 2111 quidem
940 2065 1111 2104 coetum,
1133 2057 1277 2110 dignus
1306 2063 1411 2095 certe
1429 2070 1496 2094 au-

54 2120 155 2164 ctor,
171 2114 235 2152 cui
251 2114 440 2154 adversus
456 2114 723 2153 Cantacuzeni
746 2115 843 2152 scita
865 2119 904 2151 et
921 2112 1078 2151 decreta
1094 2126 1236 2151 manus
1253 2113 1497 2165 porrigatur.

163 2169 352 2208 Ceterum
383 2169 481 2208 adeo
512 2169 703 2207 Palamae
746 2167 1067 2220 asseclarumque
1107 2169 1262 2206 vanitas
1302 2167 1494 2206 adversus

53 2224 263 2262 veritatem
294 2238 374 2263 non
404 2223 652 2276 praevaluit,
683 2230 728 2262 ut
754 2225 796 2262 in
837 2223 922 2261 dies
950 2223 1167 2261 doctissimi
1197 2222 1346 2274 quique
1373 2223 1495 2260 totius

54 2279 244 2318 Graeciae
271 2279 322 2317 ad
349 2279 547 2318 Barlaami
580 2285 619 2317 et
645 2278 845 2331 Acindyni
873 2284 1002 2317 castra
1028 2277 1336 2326 transfugerent,
1367 2275 1495 2314 multa

53 2332 245 2372 Palamae
267 2333 394 2372 salute
421 2334 541 2380 dicta,
572 2334 674 2372 inter
703 2347 803 2386 quos
831 2334 915 2386 ipse
939 2332 1163 2386 patriarcha
1193 2333 1362 2370 loannes
1392 2338 1493 2379 erat,

0 2393 1 2397 ’
52 2389 205 2441 primae
234 2395 273 2427 et
299 2389 496 2428 secundae
524 2388 677 2442 Synodi
717 2395 854 2427 contra
885 2388 1136 2427 Barlaamum
1174 2394 1212 2426 et
1236 2386 1496 2439 Acindynum

52 2456 240 2496 praeses·
229 2472 240 2493 ,
272 2443 341 2482 sed
370 2458 525 2496 praeses
554 2458 634 2482 non
662 2457 835 2496 praeses,
864 2445 957 2496 quia
984 2450 1072 2496 post
1100 2445 1409 2495 imperzatorem
1454 2448 1495 2479 et

53 2498 302 2551 Nicephorus
318 2500 528 2552 Gregoras,
558 2513 666 2538 omn
689 2500 909 2538 litterarum
941 2499 1166 2551 cognitione
1193 2510 1238 2534 ea
1266 2501 1496 2548 tempestate

0 2552 3 2580 ῗ
54 2553 162 2605 apud
194 2555 366 2593 Graecos
393 2554 573 2604 illustris,
604 2554 654 2592 de
683 2568 762 2607 quo
793 2561 928 2607 postea
960 2554 1149 2592 dicemus.
1209 2551 1329 2590 Nunc
1358 2550 1409 2589 ad
1430 2550 1495 2588 Io-

53 2621 199 2646 annem
214 2609 498 2661 patriarcham,
528 2617 666 2649 contra
684 2623 818 2662 quem,
840 2616 886 2647 ut
904 2608 1103 2660 Acindyni
1126 2612 1373 2653 sectatorem,
1395 2619 1494 2643 con-

0 2677 4 2687 ’
82 2669 213 2715 negata
244 2668 301 2703 est
327 2665 518 2717 synodus,
549 2665 666 2703 Anna
697 2666 948 2717 imper'atiice
977 2670 1015 2700 et
1039 2661 1120 2700 filio
1140 2662 1225 2699 eius
1256 2661 1493 2712 impeiatoie

0 2719 2 2724 “
54 2677 204 2759 ioanne
233 2718 470 2774 Palacologo
507 2720 855 2774 piacsidentibus.
902 2718 951 2756 de
983 2731 1062 2770 qua
1107 2716 1260 2770 synodo
1295 2716 1494 2755 Cantacu-
