1800 3164
343 174 359 209 1
377 153 449 211 56
870 171 1243 216 CANTACUZEM

123 287 211 321 A.C.
234 272 406 324 ,3501124-
442 272 556 324 ἐντὸς
587 275 747 317 τούτων
776 273 882 329 πρὸς
919 274 1144 318 θάλασσαν
1186 275 1412 332 πολίχνας,
1459 276 1532 320 καὶ
1564 279 1800 338 Βὲρῗροιαν1

282 745 316 778 D

193 1270 228 1304 P·
245 1282 313 1315 792

183 1317 226 1352 v.
244 1320 315 1402 6313ς

330 341 405 381 καί
434 335 663 393 Ἔδεσσαν,
696 341 737 382 Γ
734 337 1065 396 υναικόκαστρόν
1089 357 1135 383 τε
1171 340 1244 384 καὶ
1270 343 1521 398 Μυγδονιάν
1557 345 1666 398 μετὰ
1693 351 1779 390 τῶν

329 408 648 463 κατῳκισμένων
677 403 853 460 πόλεων,
883 408 958 448 καί
986 405 1062 457 τὰς
1089 410 1187 463 περὶ
1214 409 1472 463 Στρυμμόνα
1502 407 1646 464 κώμας
1673 408 1779 470 ἄχρι

327 474 410 514 τῶν
440 474 590 527 Φερῶν
618 470 772 527 ὁρίων,
825 470 898 513 καὶ
939 470 1205 516 Ταντεσοῖνου
1235 467 1314 530 ὅρη
1346 476 1774 533 προσαγορευόμενα,

328 538 509 589 ἀπένεμε
545 536 797 591 Ῥωμαίοις,
844 539 984 593 Ζίχνα
1033 540 1081 582 δὲ
1119 541 1194 582 καί
1237 538 1382 595 Φερὰς
1437 542 1511 585 καί
1546 545 1796 587 Μελενίκονέ

326 605 404 644 καί
429 602 724 657 Στρύμβιτζαν
764 604 840 645 καί
866 605 1112 661 Καστορίαν
1150 605 1225 648 καί
1261 604 1336 656 τὰς
1371 601 1504 657 ἄλλας
1532 609 1779 650 ΙΠακεδονι-

327 668 404 718 κάς
448 665 606 729 κώμας,
635 669 710 710 καί
755 672 985 725 πολίχνας,
1032 672 1082 714 αἳ
1118 675 1201 714 τῶν
1245 673 1476 727 εἰρημένων
1520 668 1633 729 ὅρων
1659 673 1783 724 ἐκτὸς

333 730 453 789 ἦσαν,
484 733 663 791 Κράλην
692 734 821 789 ἐχειν·
877 735 952 779 καί
977 739 1228 792 συμμαχίαν
1255 739 1336 780 ἐπὶ·
1356 737 1520 787 τούτοις
1558 742 1787 783 ποιεῖσθαι-

326 798 399 841 καί
425 799 623 853 σπονδάς,
651 800 724 843 καί
747 802 882 857 μηδὲν
913 804 1121 858 α’λλήλους
1150 803 1324 849 ἀδικεῖν.
1353 800 1465 845 οὕτω
1490 804 1570 857 μὲν
1597 803 1622 846 ὅ
1649 808 1778 859 βασι-

325 863 424 914 λεύς
455 866 593 923 διῄρει
621 864 698 916 τὰς
732 864 901 917 πόλεις·
931 868 1006 911 καὶ
1039 869 1176 911 ἐδόκει
1204 870 1278 911 καί
1301 868 1452 927 Κράλῃ
1480 871 1618 920 καλῶς
1643 868 1800 925 ἐ’χειν,ι

323 933 399 973 καί
427 934 664 987 συνέβησαν
691 933 736 975 ἐν
765 931 940 987 τούτοις,
973 933 1048 976 καί
1073 933 1226 984 πάντες
1254 933 1430 991 ἥδοντο,
1467 934 1541 978 καὶ
1573 935 1779 991 Τριβαλοί

324 998 399 1038 καί
419 995 634 1051 Ῥωμαῖοι,
673 997 781 1055 πρὸς
811 998 887 1055 την
927 1001 1109 1056 εἰρήνην.
1167 999 1255 1053 ὅ,τε
1299 999 1502 1056 βασιλευς
1541 1001 1676 1046 εἱστία
1702 1019 1787 1060 ‹pt--

320 1064 504 1117 λοτίμως
524 1063 704 1120 Κροίλην
735 1068 810 1108 καί
835 1065 934 1116 τοὺς
960 1066 1164 1117 συνόντας
1189 1069 1254 1111 ἐπ’
1283 1063 1419 1110 αὐτοῦ
1444 1071 1522 1111 τοῦ
1537 1067 1667 1112 τόπου
1681 1103 1695 1123 ,
1721 1065 1777 1112 οὗ

323 1128 369 1171 αἱ
396 1128 629 1184 συμβάσεις
650 1132 897 1188 ἐγεγένηντο,
926 1130 1135 1188 παρόντος
1163 1135 1236 1176 καί
1261 1136 1337 1177 τοῦ
1355 1136 1450 1178 νέου
1469 1137 1679 1190 βασιλέως
1702 1138 1783 1189 καὶ

323 1199 768 1252 συμφιλοτιμουμένου
796 1201 970 1252 βασιλεῖ’
993 1202 1052 1257 τῷ
1079 1201 1270 1258 κηδεστῇ.
1793 1221 1800 1247 1

437 1260 515 1317 κβ.
557 1262 686 1306 Meu}
716 1265 762 1307 δὲ
789 1263 837 1306 τὸ
869 1260 1041 1320 ἄριστον
1065 1264 1304 1318 συνέθεντο,
1335 1263 1442 1310 diors
1462 1270 1524 1318 εἷς
1548 1267 1626 1324 τήν
1652 1266 1769 1311 ὕστε-

330 1329 457 1384 ραιάν
483 1330 662 1381 βασιλέα
676 1332 756 1383 μὲν
783 1331 1059 1382 ἐπιλέξασθαι
1088 1333 1207 1375 πέντε
1230 1332 1452 1385 Ῥωμαίων
1478 1337 1560 1377 τῶν
1586 1336 1631 1378 ἐν
1653 1336 1785 1388 τέλει,.

327 1395 402 1436 καί
425 1394 592 1444 τούτοις
619 1396 846 1453 ἐπιτρέψαι
872 1396 948 1453 την
975 1397 1224 1454 παράληψιν
1249 1401 1334 1441 τῶν
1372 1397 1552 1443 πόλεων
1600 1397 1776 1456 Κρὰλην

325 1461 374 1503 δὲ
402 1461 448 1502 ἐκ
476 1462 560 1502 τῶν
586 1463 748 1504 οἰκείων
775 1461 894 1512 ἴσους
922 1470 1184 1517 παρασχεῖν,
1234 1462 1340 1506 ὥστε
1368 1467 1648 1519 παραδοῦναι.
1703 1465 1778 1507 καὶ

320 1524 628 1579 συνταξάμενοι
665 1527 887 1582 ἀλλήλοις,
927 1527 1022 1570 ἐπεὶ
1059 1530 1175 1576 τέλος
1211 1522 1327 1581 εἶχον
1367 1527 1413 1569 αἱ
1451 1528 1708 1582 συμβάσεις,
1752 1528 1800 1574 ὃς

319 1594 400 1646 μὲν
427 1592 487 1642 εἷς
516 1590 564 1633 τὸ
595 1591 901 1646 στρατόπεδον,
949 1591 988 1633 οἱ
1015 1594 1206 1645 βασιλεῖς
1249 1593 1296 1634 δὲ
1327 1594 1389 1641 εἰς
1415 1590 1493 1647 τὴν
1522 1590 1644 1636 πόλιν
1671 1590 1776 1636 ἇπε·

315 1656 503 1714 χώρουν.
559 1655 818 1713 ἐπελθούσης
847 1658 893 1700 δὲ
922 1655 1068 1707 νυκτὸς
1085 1691 1098 1711 ,
1137 1659 1247 1708 τινὲς
1285 1661 1369 1701 τῶν
1414 1657 1622 1701 συνόντων
1648 1662 1774 1713 βασι-

317 1725 438 1768 λεῦσι
464 1721 612 1781 κρύφα
641 1723 835 1774 ἐλθόντες
872 1722 979 1781 πρὸς
1020 1722 1091 1767 τὸν
1119 1722 1324 1781 Κράλην,
1365 1725 1675 1780 συνεβούλευον
1697 1725 1781 1775 τὰς

410 1838 446 1885 4.
468 1839 533 1873 καὶ
556 1835 600 1873 τὰ
626 1848 688 1876 vn
714 1837 832 1874 σάλου
862 1838 912 1874 Μ.
939 1849 1008 1884 mg.
1105 1839 1139 1873 6.
1163 1839 1320 1885 Στρίμβ.
1346 1838 1396 1874 Μ.
1490 1848 1547 1874 no.
1572 1836 1615 1871 αἱ
1642 1848 1710 1872 om.
1738 1839 1775 1878 P.

318 1930 358 1960 et
383 1936 467 1960 mox
494 1925 756 1967 Acarnaniam,
777 1925 1030 1967 Thessaliam,
1072 1924 1220 1966 Servia,
1252 1929 1290 1959 et
1313 1924 1408 1958 intra
1433 1922 1500 1957 has
1524 1922 1573 1956 ad
1596 1932 1698 1955 mare
1720 1921 1772 1954 si-

317 1978 389 2013 tm,
411 1978 450 2007 et
476 1973 692 2007 Berrhoeam
730 1985 810 2007 cum
835 1972 991 2014 Edessa,
1019 1971 1348 2016 Gynaecocastrum
1374 1976 1412 2004 et
1432 1970 1665 2014 Mygdoniam
1690 1980 1773 2002 eum

318 2020 533 2054 instauratis
564 2021 732 2066 oppidis,
760 2025 798 2054 et
826 2019 960 2054 circum
989 2020 1218 2063 Strymonem
1243 2019 1342 2053 vicos
1377 2028 1493 2063 usque
1529 2017 1576 2050 ad
1597 2016 1772 2056 terminos

316 2066 526 2106 mmmmm,
544 2072 582 2100 et
596 2066 814 2101 Tantessani
831 2072 974 2100 montes
998 2066 1199 2111 appellatos
1217 2064 1388 2097 Romanis
1413 2063 1603 2106 attribuit3
1627 2061 1772 2103 Zichna,

316 2112 475 2154 Pheras,
500 2113 720 2147 Melenicum
737 2139 746 2155 ,
772 2113 1047 2154 Strombitzam,
1079 2113 1279 2146 castoriam
1312 2112 1478 2156 aliosque
1501 2111 1604 2144 vicos.
1632 2115 1670 2142 et
1705 2121 1773 2154 op-

316 2159 445 2205 pidula
468 2160 718 2200 Macedonica,
746 2171 842 2206 quae
862 2166 962 2194 extra
989 2160 1104 2194 dictos
1127 2163 1269 2192 montes
1296 2164 1413 2198 erant,
1441 2158 1587 2191 Cralem
1613 2157 1772 2200 retinere

316 2207 460 2247 voluit,
485 2211 524 2240 et
550 2218 658 2251 super
684 2207 741 2240 his
775 2206 904 2240 foedus
939 2208 1223 2251 societatemque
1259 2205 1373 2245 inire,
1410 2210 1447 2238 et
1481 2204 1666 2237 abstinere
1706 2202 1771 2235 da-
1798 2226 1800 2230 .

317 2253 412 2286 nmis
439 2253 587 2286 mutuis.
636 2253 697 2287 Sic
722 2254 917 2297 imperator
939 2254 1048 2287 urbes
1073 2252 1282 2287 distribuit:
1310 2262 1405 2297 quae
1430 2250 1643 2285 distributio
1661 2249 1771 2283 etiam

320 2300 416 2333 Crali
441 2299 600 2344 placuit:
633 2305 670 2333 et
695 2300 746 2332 ita
770 2301 867 2333 inter
891 2301 974 2334 illos
1000 2301 1187 2334 convenit:
1227 2308 1372 2345 paxque
1397 2299 1563 2333 confecta
1591 2297 1770 2332 Triballis

318 2347 419 2380 iuxta
449 2357 491 2379 ae
517 2345 686 2379 Romanis
714 2346 845 2391 gaudio
874 2346 955 2381 fuit.
1004 2347 1126 2392 Atque
1150 2345 1279 2380 eodem
1304 2348 1343 2379 in
1371 2346 1451 2379 loco
1491 2345 1631 2378 Cralem
1671 2344 1770 2377 eius-
1798 2365 1800 2372 ι

319 2404 391 2438 que
416 2392 626 2427 comitatum
652 2393 849 2437 imperator
872 2393 918 2426 ad
943 2394 1069 2439 epulas
1098 2393 1302 2438 magnificas
1329 2392 1509 2432 invitavit,
1529 2393 1671 2425 iuniore
1696 2391 1783 2423 iux--

317 2445 485 2485 peratore
511 2445 701 2483 praesente
737 2445 775 2473 et
798 2451 880 2473 cum
900 2451 1023 2475 socero
1047 2442 1185 2486 pariter
1209 2451 1253 2474 ex
1273 2451 1316 2474 ea
1340 2440 1594 2473 munificentia
1617 2437 1769 2483 gloriam
1797 2477 1800 2483 Ι

319 2492 535 2532 aucupante.
1031 2516 1039 2519 ,

399 2545 453 2568 22.
481 2533 688 2568 Secundum
699 2532 890 2578 prandium
904 2535 1000 2579 pacti
1014 2540 1109 2573 sunt,
1126 2539 1167 2568 ut
1187 2532 1364 2579 postridie
1382 2533 1578 2577 imperator
1591 2533 1767 2565 Romanos
1796 2557 1800 2575 :

318 2581 505 2626 principes
527 2581 623 2616 viros
649 2581 813 2627 quinque
839 2580 1027 2624 deligeret,
1054 2582 1116 2626 qui
1142 2593 1207 2614 suo
1227 2581 1376 2613 nomine
1406 2580 1512 2613 urbes
1541 2580 1767 2623 acciperent,
1795 2578 1800 2610 :

320 2628 442 2662 Crales
472 2628 517 2661 de
541 2629 616 2661 suis
642 2627 798 2661 totidem
829 2627 1050 2668 destinaret,
1076 2628 1139 2672 qui
1168 2629 1248 2660 illas
1275 2638 1339 2671 pro
1367 2637 1410 2659 eo
1438 2626 1643 2659 traderent:
1686 2625 1770 2657 fini-
1796 2631 1800 2646 ³

318 2674 440 2719 tisque
478 2674 667 2708 conventis
710 2680 748 2707 et
782 2674 900 2707 salute
926 2675 1045 2712 dicta,
1084 2674 1143 2707 hic
1167 2674 1211 2708 ad
1237 2679 1370 2713 castra,
1412 2673 1476 2706 ille
1504 2675 1543 2706 iu
1579 2672 1704 2705 urbem
1729 2675 1800 2709 sest

320 2722 456 2757 retulit.
506 2722 580 2754 lam
603 2732 676 2754 nox
702 2726 799 2761 erat,
827 2731 906 2754 cum
930 2721 1076 2766 quidam
1103 2732 1146 2754 ex
1172 2720 1366 2753 comitibus
1391 2721 1651 2764 imperatorum
1676 2718 1770 2751 clam

321 2768 367 2801 ad
395 2768 538 2803 Ctalem
563 2767 700 2805 adeunt
722 2767 1011 2814 hortanturque,
1043 2768 1149 2802 urbes
1186 2779 1232 2802 ne
1273 2767 1411 2808 tradat,
1446 2766 1509 2800 sed
1534 2765 1672 2800 bellum
1700 2763 1770 2798 ad·
1788 2766 1800 2803 2³,
