1794 3158
373 147 446 188 AD
484 144 851 188 (zm-Acuzm1
887 145 984 185 mn.
1010 145 1062 184 n
1341 125 1450 181 505

29 249 154 290 etiam
181 249 231 288 sit
257 247 332 288 Dei
363 247 597 298 substantia,
625 246 695 287 sed
723 247 886 286 tertium
912 206 1116 300 quiddam.
1176 245 1359 297 Quarum
1377 246 1463 284 ani-

28 294 138 344 'hum
163 303 442 342 delirationum
470 318 550 342 non
580 302 700 343 modo
726 302 917 354 vestigia,
947 301 1014 340 sed
1043 307 1082 339 et
1110 300 1262 353 integra
1289 299 1464 353 plaustra

35 357 114 398 hae
142 358 279 397 itidem
305 365 536 411 tempestate
561 359 603 396 in
628 358 793 396 Graecia
821 362 1055 409 supersunt·
1093 355 1202 408 quod
1221 369 1265 394 ex
1293 356 1462 394 leremia

35 412 263 466 patriarcba
285 411 721 466 Constantinopolitano
751 411 901 461 claret3
927 425 1020 449 nam
1048 411 1088 449 in
1115 410 1286 449 secundo
1315 424 1387 449 suo
1409 411 1461 449 ad

37 467 308 521 Tubingenses
336 482 538 521 responso,
564 481 645 506 non
673 465 788 520 longe
815 479 838 504 a
867 465 1075 531 principio,
1110 465 1362 533 reprehendit
1375 466 1457 504 Lu-

36 521 225 561 theranos
254 522 356 569 illos.
386 523 493 589 quod
522 523 721 585 dicerent,
765 516 915 559 ταύτὸν
946 513 1051 558 εἶναι
1079 517 1225 559 ου’σιάν
1253 533 1319 558 και
1348 518 1462 570 ἐνέρ-

34 588 170 644 ystoev
179 573 249 616 ἐπι
272 576 384 616 θεοῦ·
416 573 515 629 ὅπερ
549 590 625 615 ουκ
655 572 791 641 sbrfv,
818 576 947 627 inquit
978 575 1183 623 Ieremias,
1223 568 1287 614 ὅτι
1322 573 1368 613 δὲ
1397 576 1463 613 θε-

32 630 89 669 οὕ
117 629 240 670 odota
268 645 335 671 και
369 630 548 684 ἐνέργεια
576 644 622 669 ου
651 627 832 679 ταυτὸν,
861 626 967 668 ama
1002 629 1304 682 διαφέρουσιν,
1337 625 1463 668 ἄκου’-

39 698 138 724 σατε
179 682 283 738 πρὸς
327 686 442 727 θεοῦ.
498 686 552 724 Et
591 699 680 724 mox
719 691 949 738 aigumeiita
978 691 1150 736 quatuor
1187 684 1251 724 vel
1285 685 1461 737 quinque

37 739 199 793 profert,
227 748 343 780 acuta
370 755 467 780 sane
494 747 533 779 et
574 740 693 792 digna
720 739 906 778 Palamae
946 738 1172 802 discipulo:
1215 753 1259 777 ex
1287 754 1460 792 quorum

37 808 204 835 numero
231 808 369 859 agmen
405 794 554 834 claudit
580 794 681 834 hoe.
739 807 775 833 ει
813 793 927 832 πᾶσα
970 789 1148 843 δύναμις
1188 789 1292 843 πρὸς
1323 795 1462 845 ἓτερθν

0 825 354 901 ¹,layez-ou·7196&
382 845 461 902 γὰρ
496 847 543 888 τὸ
578 844 750 888 δυνατὸν
786 842 1067 898 anodeQdorac
1096 862 1153 894 ως
1182 862 1249 886 και
1287 849 1345 887 τῶ
1370 847 1464 887 Θω-

0 906 2 953 ᾗ
37 902 100 956 μᾷ
134 903 180 943 δὲ
208 902 350 958 ’Anam
381 903 505 943 δοκεῖ·
553 901 693 955 ἕτερον
717 897 799 956 ἄρα
821 901 944 942 ου’σιά
965 903 1069 941 θεοῦ
1099 902 1170 941 καί
1189 888 1333 956 ἕτερον
1342 903 1463 967 ἐνέρ-

35 970 158 1009 γεια,
201 958 241 997 εἰ
275 957 334 1010 μὴ
364 959 436 998 καί
481 954 554 1011 τὴν
593 959 742 998 ουσίαν
789 957 893 1011 φαιή
929 971 989 1003 τις
1018 952 1125 996 εἶναι
1153 957 1233 996 τῶν
1270 953 1374 1009 πρός
1403 971 1460 996 τι.

36 1011 182 1052 Facilis
203 1012 359 1055 solutio.
417 1013 540 1052 Aliud
580 1013 685 1052 enim
721 1020 779 1052 est
810 1012 1028 1052 substantia
1057 1014 1129 1051 Dei
1159 1019 1198 1051 et
1228 1012 1336 1051 aliud
1367 1026 1465 1064 ope-

21 1069 153 1118 ratio,
180 1082 262 1107 non
289 1083 349 1119 re,
378 1068 447 1108 sed
474 1068 559 1108 sola
585 1071 753 1107 ratione.
810 1067 963 1107 Eadem
1001 1068 1106 1106 enim
1135 1081 1197 1106 res
1223 1067 1465 1120 simplicissi-

36 1135 118 1173 ma,
148 1130 342 1176 quatenus
369 1137 438 1176 per
467 1138 508 1163 se
547 1124 699 1174 existit,
743 1122 963 1162 substantia
1009 1130 1094 1161 est:
1143 1130 1340 1175 quatenus
1378 1125 1462 1163 vim

35 1178 176 1230 agendi
206 1178 338 1228 habet,
367 1180 542 1232 potentia
569 1186 652 1217 est:
683 1185 877 1232 quatenus
900 1177 1128 1230 productrix
1163 1177 1339 1224 effectus,
1364 1191 1464 1230 ope-

35 1233 139 1271 ratio
166 1240 204 1271 et
238 1235 395 1286 energia
414 1242 500 1284 est3
530 1233 695 1285 etlhaec
725 1235 858 1272 omnia
885 1232 1003 1271 simul
1035 1239 1092 1271 est
1113 1240 1276 1285 propter
1293 1233 1466 1271 infinita-

35 1293 114 1325 tem
136 1294 176 1326 et
191 1288 493 1327 immensitatem
522 1289 724 1327 essentiae.
766 1288 844 1327 Nec
859 1287 1152 1337 absurdum,ut
1171 1288 1387 1327 substantia
1400 1302 1465 1326 re—

34 1339 224 1381 lationem
242 1357 311 1382 seu
337 1343 612 1382 habitudinem
632 1344 796 1382 rationis
817 1343 1022 1396 significet,
1042 1356 1122 1380 non
1146 1342 1306 1394 quidem
1324 1350 1464 1395 quate-

34 1410 110 1435 nus
130 1405 188 1436 est
205 1398 439 1446 substantia,
460 1398 528 1437 sed
557 1405 751 1451 quatenus
778 1397 846 1436 illa
877 1397 1094 1436 substantia
1122 1396 1240 1436 simul
1265 1399 1385 1436 etiam
1406 1405 1466 1437 est

30 1453 208 1505 potentia
228 1460 267 1492 et
282 1454 474 1506 operatio,
493 1455 678 1506 quamvis
697 1467 769 1491 cur
786 1467 866 1491 non
881 1460 920 1491 et
936 1459 1131 1506 quatenus
1146 1452 1364 1492 substantia
1381 1453 1466 1491 sun-

32 1506 129 1546 dare
147 1508 269 1560 possit
291 1515 511 1561 respectum
531 1510 696 1547 rationis
712 1508 763 1547 ad
786 1507 892 1547 aliud
909 1512 929 1546 ’.Ρ
961 1507 1038 1546 Sed
1066 1506 1123 1545 nil
1140 1522 1239 1560 opus
1258 1507 1354 1558 hoc,
1373 1509 1468 1547 satis

32 1561 183 1615 absque
211 1563 285 1602 isto
319 1571 483 1615 apparet
510 1565 660 1617 ineptia
685 1564 907 1616 argumenti
941 1563 1204 1602 Graecanici·
1239 1564 1304 1601 cui
1333 1562 1466 1602 simile

34 1624 93 1656 est
120 1624 160 1656 et
185 1617 288 1657 hoc.
330 1618 377 1656 Si
395 1620 568 1672 operatzo
600 1633 656 1657 ex
682 1619 893 1657 substantza
912 1618 995 1657 Dei
1008 1627 1195 1672 perpetuo
1219 1618 1400 1671 procedit
1426 1627 1466 1657 et

26 1682 259 1726 promanat,
295 1673 341 1711 id
363 1687 459 1712 vero
489 1674 537 1712 de
565 1674 678 1712 nulla
713 1682 900 1712 creatura
930 1670 1134 1724 affirmari
1154 1681 1307 1726 potest,
1333 1675 1464 1727 sequi-

33 1733 99 1765 tur
130 1737 392 1781 oper-attonem
421 1742 497 1767 non
525 1743 603 1767 esse
630 1737 859 1767 creaturam
873 1757 885 1775 ,
932 1742 1001 1766 nec
1024 1737 1155 1766 tamen
1183 1727 1264 1765 Dei
1291 1728 1466 1767 substan-

34 1781 151 1820 tiam.
206 1782 267 1821 Ex
306 1797 386 1835 quo
418 1782 528 1822 velut
565 1797 611 1822 ex
642 1781 802 1835 speculo
839 1781 998 1829 elucet,
1046 1781 1141 1834 quid
1185 1783 1280 1820 istos
1324 1781 1460 1821 fallat:

34 1837 262 1890 concipiunt
303 1839 408 1876 enim
452 1845 492 1876 et
534 1838 771 1890 cogitatione
813 1837 1029 1876 informant
1068 1838 1339 1889 operationem
1373 1838 1467 1889 Dei,

34 1892 147 1943 quasi
173 1905 196 1930 a
221 1893 307 1931 Deo
335 1892 521 1945 prodeat,
555 1899 601 1931 ut
640 1892 708 1931 lux
742 1892 877 1946 prodit
911 1906 934 1931 a
970 1892 1078 1938 sole,
1130 1890 1238 1930 calor
1274 1892 1325 1930 ab
1352 1893 1466 1945 igne,

36 1958 140 1998 aqua
169 1960 192 1985 a
222 1947 331 1986 fonte
355 1948 530 2000 perenni.
588 1948 708 1998 Quod
739 1948 922 2000 pinguius
944 1946 1135 1999 quiddam
1157 1953 1215 1985 est
1233 1975 1244 1996 ‚
1281 1960 1401 2010 quam
1422 1955 1468 1985 ut

35 1999 78 2039 in
122 2001 270 2040 subtile
318 2001 498 2056 beneque
541 2010 757 2055 purgatum
782 2003 982 2055 ingenium
1020 2001 1162 2040 cadere
1194 2003 1347 2054 possit.
1402 2001 1469 2041 cui

33 2067 117 2094 non
144 2058 347 2110 ignotum,
379 2057 450 2096 has
480 2057 698 2096 locutiones
732 2057 780 2095 de
812 2070 1021 2110 prognessu
1057 2063 1096 2095 et
1125 2055 1231 2097 fluxu
1270 2061 1470 2109 opeiatio-

38 2122 138 2149 num
170 2111 397 2151 divinarum
423 2127 506 2151 esse
531 2112 818 2175 metaphoricas
860 2119 899 2150 et
929 2111 979 2150 ad
1017 2118 1198 2150 nostrum
1224 2110 1470 2165 intelligendi

34 2165 200 2204 modum
225 2167 446 2219 adaptatas,
474 2168 542 2220 qui
571 2168 819 2220 operationes
847 2174 1038 2219 tanquam
1063 2166 1159 2219 quid
1188 2165 1409 2205 substantia
1432 2174 1472 2206 et

37 2222 204 2260 essentia
235 2223 429 2274 posterius
461 2229 500 2261 et
526 2222 578 2260 ab
606 2236 651 2261 ea
679 2236 867 2260 emanans
898 2221 1170 2274 concipimus3
1200 2220 1307 2283 quod
1335 2229 1471 2261 tamen

37 2273 79 2312 in
108 2275 196 2314 Deo
229 2290 273 2314 re
298 2277 381 2330 ipsa
417 2277 550 2316 locum
583 2291 663 2316 non
689 2276 835 2327 habet;
864 2276 933 2314 ubi
966 2291 990 2315 a
1029 2283 1142 2328 parte
1167 2278 1223 2316 rei
1253 2277 1473 2316 substantia

38 2341 107 2368 seu
143 2332 310 2370 essentia
342 2339 381 2370 et
414 2333 593 2384 operatio
639 2346 765 2370 unum
807 2345 967 2384 proisus
1004 2331 1190 2384 idemque
1229 2339 1349 2371 sunt:
1397 2345 1472 2371 nec

37 2386 163 2437 magis
193 2388 368 2438 operatio
403 2387 479 2425 Dei
508 2386 560 2425 ab
579 2387 744 2425 essentia
769 2386 904 2425 divina
934 2385 1048 2436 fluit,
1081 2400 1202 2440 quam
1231 2387 1316 2437 ipsa
1339 2400 1472 2425 essen-

37 2439 94 2477 tia
122 2439 174 2478 ab
202 2442 397 2490 essentia3
427 2455 519 2480 cum
545 2442 711 2480 essentia
735 2448 774 2480 et
805 2442 981 2493 operatio
1012 2443 1091 2480 sint
1136 2454 1263 2479 unum
1290 2440 1475 2494 idemque

40 2506 110 2532 ens
146 2494 479 2548 simplicissimum
508 2498 743 2549 penitusque
776 2496 999 2537 indivisum.
1058 2496 1266 2534 Addamus
1299 2503 1338 2534 et
1369 2496 1475 2535 hano

41 2549 284 2588 Graecorum
320 2550 607 2593 subtilitatem:
642 2552 691 2589 Si
713 2552 762 2590 de
787 2553 916 2590 multis
947 2552 1161 2589 substantia
1189 2550 1274 2587 Dei
1300 2565 1378 2589 non
1402 2551 1470 2589 di-

43 2605 174 2651 citur-5
203 2619 281 2644 una
311 2609 413 2644 enim
441 2608 522 2645 eius
538 2615 593 2644 est
616 2607 852 2654 substantia5
884 2607 933 2645 cle
962 2607 1092 2644 ulalate
1119 2619 1212 2643 vero
1242 2614 1279 2643 ee
1304 2607 1472 2644 diversis

41 2660 215 2711 operatio
232 2661 310 2699 eius
336 2662 504 2710 (ficitur,-
531 2663 670 2699 variae
697 2663 799 2700 enim
830 2671 917 2700 seme
942 2661 1184 2714 operaciones
1209 2661 1314 2708 ez'(c.5;
1344 2662 1477 2714 sequi-

43 2720 116 2763 tur,
145 2714 260 2753 aliud
284 2727 361 2755 esse
390 2717 468 2757 eius
504 2717 752 2756 substantiam
775 2746 786 2768 ,
808 2716 942 2757 malind
981 2716 1059 2753 eius
1088 2717 1368 2768 operationem.
1426 2715 1474 2752 lu
