1794 3158
322 165 356 231 4
371 186 387 218 ι
401 165 434 219 8
827 181 1240 224 ANNOTATloNES

318 293 400 335 tur,
432 284 563 324 senior
592 286 675 324 cius
703 285 846 323 facicm
875 282 1197 322 deosculabatur.
1256 282 1317 321 Ita
1346 283 1453 321 enim
1476 288 1618 322 sonant
1632 273 1794 338 Grae-f}

318 353 389 379 ca:
423 342 495 380 etsi
526 341 721 393 Gregoras
740 340 862 390 dicat,
892 339 1030 378 ambos
1058 341 1162 377 inter
1183 351 1224 376 se
1244 337 1415 376 osculari
1445 337 1608 377 solitos:
1642 338 1759 377 idem·
1778 361 1788 390 3

317 403 397 448 (jue
428 396 478 434 de
510 396 646 434 osculo
671 395 782 447 pedis
804 395 1001 444 meminit,
1031 394 1100 431 ubi
1120 401 1253 432 tamen
1283 399 1434 443 noster,
1467 394 1575 432 sicut·
1596 392 1647 431 de
1663 393 1759 431 dex·
1783 390 1786 395 ¹

316 458 417 499 tera,
449 450 568 489 habet
587 447 959 499 περιπτύσσεσθαι.
1016 448 1095 487 Sed
1123 447 1306 487 osculum
1323 447 1640 486 subaudiendum
1659 454 1759 500 puto
1786 457 1794 482 4

316 506 544 557 utrobique.
606 505 745 557 Itaque
773 504 925 554 addidi,
955 518 1037 557 quo
1066 517 1129 542 res
1159 503 1271 542 fieret
1301 502 1460 541 clarior.
1495 515 1664 546 romum.

427 561 530 611 Pag.
555 558 645 609 168,
668 559 707 598 5.
738 558 868 598 πλείω
898 561 954 598 Μ.
1786 589 1794 608 4.

429 614 530 666 Pag.
551 614 641 662 168,
664 628 728 656 20.
760 613 1121 666 Hodegetriae
1147 614 1407 667 templum.
1461 611 1794 661 FuitConstan-{

316 669 485 721 tinopoli
515 670 827 716 monasterium,
873 669 979 722 quod
1008 668 1284 721 appellabatur
1316 663 1423 719 μονή
1457 664 1645 720 ὁδηγῶν,
1690 669 1794 714 via

317 725 468 772 ductim,
501 738 571 763 seu
604 734 920 770 monstratorum,
957 731 995 762 et
1023 726 1065 762 in
1094 723 1244 776 templo
1286 724 1369 761 eius
1397 723 1594 774 Deiparae
1631 722 1763 776 imago
1789 726 1794 760 ἰ

318 779 590 827 celeberrima,
622 792 725 832 quae
752 781 926 832 Deipara
954 779 1102 817 idcirco
1135 779 1241 817 dicta
1270 775 1514 830 ὁδηγὴτρια,
1546 791 1628 816 11011
1653 777 1764 831 quod
1789 765 1794 819 Ι,

316 836 476 873 viarum
505 835 585 873 dux
617 842 749 884 esset,
783 849 853 873 seu
881 834 1103 873 viatoribus
1135 839 1361 886 praeesset:
1411 833 1480 871 sed
1515 845 1538 871 a
1567 831 1656 871 loco
1678 861 1691 883 ‚
1722 833 1764 872 in

318 904 398 942 quo
427 891 511 928 eius
539 890 636 928 haee
665 891 796 943 imago
824 889 1071 930 servabatur.
1128 889 1193 927 Ad
1220 889 1359 927 aedem
1389 900 1482 940 ergo
1509 886 1766 940 θεομητέρος
1784 897 1794 940 J

316 943 394 995 τῆς
422 939 667 996 ὃδηγητριάς
695 946 769 995 ire,
802 944 903 982 nihil
931 944 1038 982 aliud
1067 943 1157 991 fuit,
1185 958 1306 996 quam
1324 942 1375 981 ad
1398 940 1594 995 templum
1611 956 1653 981 se
1670 955 1764 981 con·
1790 951 1794 992 f

318 999 439 1045 ferre,
474 999 543 1037 ubi
575 999 643 1038 ilia
672 1014 794 1052 quam
828 999 999 1038 diximus
1019 1000 1172 1037 Mariae
1202 1001 1332 1051 imago
1360 997 1561 1048 manebat,
1589 1010 1693 1050 quae
1713 997 1766 1036 ab

320 1053 389 1092 illo
418 1056 671 1103 monasterio,
706 1051 867 1106 ὁδηγῶν
899 1054 1022 1103 dicto,
1054 1067 1199 1092 nomen
1226 1053 1303 1092 hoc
1331 1055 1498 1105 accepit.
1557 1052 1663 1092 Vide
1689 1064 1790 1102 no··†

318 1116 380 1147 tas
415 1109 550 1147 Iacobi
582 1110 759 1148 Gretseri
789 1111 830 1147 in
862 1110 1084 1148 orationem
1109 1109 1300 1147 Germani
1327 1106 1578 1160 patriarchae
1610 1108 1652 1146 in
1683 1107 1790 1160 pri-2

318 1177 425 1201 mam
455 1164 699 1202 ieiuniorum
728 1164 999 1203 Dominicam.
1058 1163 1275 1217 Templum
1313 1163 1392 1202 hoc
1431 1161 1648 1201 Pulcheria
1676 1163 1768 1201 Au-

320 1225 451 1271 gusta,
473 1218 634 1257 Arcadii
667 1219 763 1270 filia,
798 1219 1020 1258 aedificavit
1048 1226 1086 1258 et
1114 1221 1153 1257 in
1187 1233 1233 1257 eo
1260 1219 1475 1271 imaginem
1490 1217 1603 1256 verbi
1632 1217 1789 1258 matris'

322 1273 540 1312 Antiochia
568 1274 729 1313 missam
757 1274 981 1323 dedicavit,
1011 1288 1134 1326 quam
1161 1275 1213 1316 D.
1249 1274 1378 1312 Lucas
1416 1273 1497 1312 suis
1525 1273 1609 1326 ipse
1636 1273 1789 1311 mani-³

319 1326 396 1366 bus
424 1327 626 1380 depinxit,
669 1328 738 1367 illa
777 1329 908 1367 adhuc
937 1331 1098 1368 vivente
1143 1335 1182 1368 et
1224 1327 1404 1367 tabulam
1433 1329 1561 1380 ipsam
1590 1327 1768 1378 vidente,

323 1383 571 1436 gratiamque
599 1383 700 1422 adeo
730 1383 787 1422 illi
817 1384 969 1423 formae
997 1396 1092 1423 suae
1121 1384 1361 1423 immittente
1388 1389 1463 1424 etc.
1518 1381 1770 1436 Nicephoms

321 1435 394 1475 lib.
425 1438 485 1479 15.
516 1452 604 1492 cap.
634 1437 694 1489 14.
722 1452 894 1478 PONTAN.

434 1493 538 1545 Pag.
560 1492 650 1546 169,
669 1492 708 1533 5.
741 1491 1074 1544 συνεσταλμένον
1099 1495 1155 1533 Μ.

433 1549 539 1600 Pag.
563 1547 652 1600 169,
676 1562 739 1602 ¹9·
770 1547 932 1597 ἐξίσαζε
958 1551 1015 1590 Μ.
1046 1563 1219 1602 quoque.

434 1602 726 1655 Pag.169‚22.
759 1602 968 1650 διεδέξατο
1000 1602 1045 1641 δὲ
1076 1600 1151 1656 τήν
1180 1606 1237 1642 Μ.

434 1658 652 1710 Pag.17o,
680 1673 712 1700 1.
742 1656 893 1696 (insere
922 1659 979 1700 M.
1010 1660 1114 1711 Lege
1146 1657 1315 1709 ἀπέστη.

439 1711 706 1764 Pag.170,4.
738 1713 967 1766 Philipp
980 1715 1194 1767 opolim.
1253 1711 1366 1751 Urbs
1385 1711 1484 1750 haec
1508 1725 1530 1750 a
1548 1718 1684 1751 nostro
1703 1712 1775 1752 de-

324 1765 515 1805 scribitur
545 1766 616 1806 lib.
641 1767 680 1818 4.
713 1781 799 1819 cap.
821 1766 888 1818 45.
950 1768 1082 1806 Hodie
1109 1769 1251 1806 Turcis
1282 1767 1428 1805 dicitur
1450 1766 1630 1806 Philibe:
1653 1781 1775 1820 quam

327 1822 397 1873 qui
424 1836 446 1859 a
462 1821 650 1875 Philippo
671 1822 906 1872 Macedone,
929 1822 1144 1861 Alexandri
1172 1831 1298 1875 patre,
1318 1822 1520 1861 conditam
1539 1836 1631 1860 cum
1652 1821 1775 1876 vulgo

328 1877 583 1926 existimant,
628 1877 837 1915 falluntur.
893 1878 998 1915 Nam
1038 1879 1213 1930 Philippi
1245 1878 1424 1916 Caesaris
1470 1890 1570 1929 opus
1597 1884 1686 1928 est,
1728 1884 1781 1921 ut

329 1930 430 1969 aliae
459 1931 684 1985 complures
700 1931 899 1972 Thraciae
921 1933 1101 1972 civitates
1130 1934 1181 1971 ab
1211 1930 1520 1985 imperatoribus
1548 1932 1658 1971 fuere
1676 1945 1776 1971 con-

329 1986 436 2024 ditae
455 2015 470 2033 ,
510 1987 620 2040 quod
648 1988 734 2040 ipsa
762 2002 922 2040 quoque
961 1989 1124 2026 nomina
1167 1995 1392 2036 testantur,
1422 1994 1469 2025 ut
1495 1985 1783 2040 Traianopolis?

329 2041 476 2079 montis
504 2042 731 2094 Rhodopes,
765 2042 1053 2096 Adrianopolis
1086 2044 1228 2082 Haemi
1257 2044 1419 2090 montis,
1449 2048 1495 2079 ut
1523 2041 1781 2095 Arcadiopo-<

326 2093 406 2143 lis,
436 2103 480 2134 ut
513 2096 844 2150 Anastasiopolis.
898 2098 946 2136 ld
984 2112 1162 2151 expresse
1202 2098 1393 2150 scriptum
1425 2097 1555 2149 reperi
1599 2097 1640 2135 in
1672 2111 1781 2150 quo·¹

332 2149 427 2187 dam
456 2150 644 2191 historiae
673 2154 850 2193 Graecae
872 2151 1009 2202 'libi-o,
1053 2155 1166 2192 euius
1194 2160 1233 2191 et
1266 2152 1509 2204 principium
1542 2157 1582 2190 et
1627 2165 1776 2192 nomen

334 2205 506 2243 auctoris
533 2207 718 2258 perierat,
747 2222 838 2246 cum
870 2211 1073 2260 ceteroqui
1103 2207 1230 2246 multa
1257 2209 1358 2246 scitu
1385 2207 1506 2259 digna
1537 2209 1774 2247 continere&

334 2258 546 2312 Philippus
563 2263 786 2316 imperator
812 2264 947 2302 urbem
976 2264 1019 2301 in
1046 2263 1220 2317 Europa
1247 2261 1425 2302 condidit
1439 2290 1451 2314 ‚
1474 2275 1594 2316 quam
1611 2262 1775 2316 Philip-

325 2314 504 2367 “popolim
538 2318 769 2371 appellavit.
806 2317 1091 2357 Leunclavius.
1122 2331 1298 2358 PONTAN.

439 2367 711 2425 Pag.171,8.
732 2373 1086 2426 Syrgiannem
1114 2374 1165 2412 in
1196 2384 1461 2411 carcerem
1481 2371 1775 2414 coniectum.

328 2418 398 2459 De
426 2422 572 2463 scelere
591 2455 603 2476 ‚
631 2427 684 2464 ob
713 2428 822 2481 quod
851 2430 892 2466 in
934 2427 1094 2468 vincula
1131 2428 1303 2467 traditus
1341 2426 1464 2466 fuerit
1501 2426 1742 2480 Syrgiannes
1759 2454 1773 2475 ,

334 2476 533 2528 Gregoras
561 2481 611 2519 ad
638 2481 746 2521 hunc
786 2483 965 2526 modum.
1022 2483 1262 2536 Syrgiannes
1301 2484 1579 2536 imperatorum
1614 2494 1780 2521 concor-1

328 2530 409 2568 'dia
442 2534 603 2572 minime
639 2536 780 2584 laetus,
816 2540 950 2578 animo
985 2552 1103 2590 aeger
1139 2547 1177 2577 et
1203 2538 1306 2576 tristi
1331 2537 1443 2575 vultu
1475 2535 1778 2590 obambulabateg

325 2587 514 2624 ‘maxime
555 2590 662 2642 quod
691 2594 913 2646 tranquillis
953 2594 1062 2633 rebus
1092 2594 1220 2632 nullus
1241 2592 1323 2631 eius
1343 2605 1429 2630 usus
1461 2591 1504 2629 in
1534 2604 1580 2629 re
1606 2590 1779 2644 publica}

334 2653 412 2678 esse
439 2641 660 2682 videbatur.
720 2647 851 2699 Quare
879 2650 922 2686 in
954 2648 1185 2688 consessibus
1208 2655 1248 2686 et
1268 2646 1424 2684 circulis
1454 2654 1493 2683 ει
1511 2646 1589 2685 viis
1612 2645 1779 2684 libenter-

323 2708 424 2749 'cum
453 2696 534 2734 illis
561 2698 803 2752 loquebatur,
825 2703 960 2755 quibus
986 2702 1211 2751 comr'nunia
1235 2702 1388 2753 negotia
1410 2699 1769 2747 incommodatum,

335 2759 373 2789 et
403 2751 708 2804 imperatoribus
730 2757 1045 2811 convitiabatur,
1076 2766 1117 2798 ut
1135 2772 1163 2796 a
1189 2756 1323 2810 quibus
1345 2757 1504 2795 summis
1529 2754 1692 2808 affectus
1708 2767 1769 2793 es-
