1794 3158
417 166 491 207 An
534 164 903 208 CANTAGUzENJ
942 166 1039 206 Lm.
1072 167 1126 207 11.
1370 147 1490 220 473

54 263 129 321 ἐῆς
154 265 421 320 χρυσοπηγῆς
450 266 646 320 templum
661 296 672 318 ,
695 281 799 321 quae
825 265 1036 321 appellatio
1063 265 1167 306 forte
1213 279 1236 305 a
1250 267 1387 306 'veteri
1415 266 1485 306 illo

49 324 106 364 nd
139 324 288 364 fontem
304 352 316 372 ,
346 336 393 362 eo
423 323 615 362 translata
635 330 704 362 est.
759 322 865 362 Utut
889 324 941 362 sit
961 351 974 373 ,
1001 322 1093 375 ‘hoc
1119 321 1257 374 itidem
1287 320 1376 361 loco
1403 322 1485 361 d'uo

48 377 171 419 «nobis
199 377 405 417 catholicis
436 379 627 417 adversus
654 378 784 417 avitae
824 378 915 416 fidei
954 377 1172 416 desertores
1209 383 1250 415 et
1275 379 1491 430 oppugna-2·

54 441 160 473 tores
187 440 420 486 argumenta
447 440 737 486 proponuntur.
793 433 829 471 1.
859 431 1001 471 Cultus
1029 439 1068 471 et
1094 432 1292 472 invocatio
1317 434 1489 472 sanctis-

54 489 176 529 simae
205 489 381 541 Virginis
415 502 496 527 non
535 489 620 527 sine
651 489 786 527 fructu
811 488 854 526 in
881 487 957 526 hac
987 501 1147 541 quoque
1173 489 1284 528 vita:
1331 489 1487 527 sienim

53 545 184 584 Mater
210 544 503 583 misericordiae
528 550 611 582 tam
638 542 814 582 benefica
844 542 918 581 fuit
947 543 988 581 in
1016 543 1218 582 hominem
1243 549 1351 582 extra
1380 542 1490 582 ovile

54 598 207 638 domini
235 599 515 647 oberrantem,
546 598 643 651 quid
671 598 722 637 de
745 598 883 637 eadem
911 597 1012 636 coeli
1040 600 1176 651 regina
1204 598 1279 637 sibi
1307 597 1501 651 polliceri·

51 667 135 693 non
162 659 308 708 poterit
326 682 337 703 ‚
370 656 439 707 qui
472 667 559 692 eam
588 653 653 706 pie
690 654 732 691 in
774 660 867 692 vota
912 660 1029 692 vocat
1067 653 1281 706 debitaque
1318 667 1490 692 venera-

50 709 161 748 tione
187 710 441 763 prosequitur
467 709 509 747 in
538 709 647 747 atriis
675 708 818 747 domus
846 707 996 747 domini
1020 737 1032 758 ‚
1052 709 1094 746 in
1124 708 1256 747 medio
1283 710 1344 747 tui
1373 709 1499 747 lei-u·-

51 764 200 815 salem,
229 764 307 803 hoc
334 769 394 803 est
420 765 462 802 in
492 762 653 802 ecclesia
680 763 861 802 Christi?
916 764 970 802 ΙΙ.
996 762 1138 802 Cultus
1167 770 1206 802 et
1232 763 1499 804 observantia

49 820 92 858 in
125 819 214 859 illas
241 833 318 870 res,
348 832 452 872 quae
480 819 596 857 divae
608 819 784 871 Virginis
810 819 948 858 favore
963 825 1002 858 et
1027 818 1218 858 beneficio
1235 826 1487 858 consecratae

28 870 155 914 ¹inter
181 875 364 928 profanas
406 876 611 912 numerari
643 873 870 926 desierunt,
897 882 944 914 ut
979 880 1092 913 erant
1119 875 1220 913 sacri
1259 873 1316 912 illi
1350 874 1487 915 latices

51 942 97 969 ex
128 930 305 983 Virginis
331 929 440 968 fonte
467 929 627 978 hausti,
657 943 831 981 quorum
859 944 940 968 non
972 930 1118 968 minori
1147 928 1342 968 desiderio
1370 937 1496 968 tene-z

47 983 170 1024 batur
196 985 453 1023 Andronicus
481 986 698 1038 imperator
715 1014 726 1033 ‚
756 992 877 1037 atque
903 985 998 1024 olim
1028 999 1095 1024 rex
1127 984 1259 1023 David
1279 999 1406 1036 aquae
1434 985 1486 1023 de

50 1041 243 1088 cisterna,
285 1053 388 1093 quae
424 1047 509 1079 erat
547 1039 591 1078 in
629 1039 862 1079 Bethlehem
884 1041 994 1079 iuxta
1021 1046 1196 1092 portam,
1227 1053 1265 1081 2.
1299 1040 1397 1093 Reg.
1417 1041 1484 1081 23.

51 1094 211 1145 Quanta
238 1095 493 1135 veneratione
520 1094 726 1134 colebatur
764 1094 862 1134 olim
892 1109 973 1134 non
1001 1095 1122 1134 modo
1160 1109 1183 1134 a
1216 1094 1450 1134 Christianis
1469 1098 1484 1144 ,'

49 1150 120 1189 sed
149 1157 188 1189 et
217 1164 239 1189 a
268 1150 424 1189 Iudaeis
453 1156 494 1189 et
533 1150 738 1189 Saracenis
765 1150 857 1188 fons
903 1150 1011 1203 apud
1039 1149 1266 1203 Nicopolim
1293 1150 1488 1189 Palaesti-

48 1218 124 1244 nae
144 1235 154 1252 ‚
187 1205 335 1244 Christi
359 1212 545 1244 contactu
571 1207 626 1244 ita
653 1206 944 1256 sanctificatus,
975 1212 1020 1244 ut
1047 1219 1131 1243 non
1159 1205 1278 1244 modo
1308 1207 1486 1258 aegritu-

49 1260 210 1300 dinibus
237 1260 444 1299 hominum
462 1290 473 1310 ‚
510 1260 578 1299 sed
601 1268 639 1300 et
666 1261 879 1299 brutorum
898 1261 1048 1299 morbis
1076 1259 1260 1299 salutaris
1288 1268 1389 1300 esset
1407 1290 1419 1310 ‚
1438 1267 1496 1299 ut,

48 1314 290 1354 sozomenus
332 1323 372 1355 et
399 1315 614 1367 ffiCedrenus
655 1315 866 1354 scribunt:
909 1315 1247 1368 quemadmodum
1286 1323 1326 1354 et
1364 1316 1488 1354 arbor

48 1369 210 1409 Persica
239 1370 472 1424 Herrnopoli
490 1400 502 1420 ,
550 1384 652 1423 quae
679 1370 857 1409 eiusdem
894 1371 1107 1411 servatoris
1144 1371 1271 1409 nostri
1311 1372 1487 1410 transitu

46 1432 87 1466 et
116 1426 366 1479 subtegmine
398 1427 482 1465 eius
513 1427 646 1478 quiete
673 1425 842 1464 similem
873 1428 951 1465 vim
983 1426 1177 1465 medicam
1207 1427 1385 1479 accepit:
1439 1433 1487 1465 ut

45 1486 202 1520 taceam
230 1479 380 1521 fontem
408 1481 524 1519 illum
552 1480 714 1519 infantis
744 1481 833 1520 Iesu
862 1483 902 1520 in
937 1480 1122 1535 Aegypto
1140 1511 1152 1531 ‚
1196 1481 1245 1520 de
1273 1496 1354 1535 quo
1386 1482 1486 1521 Bor-

40 1535 185 1576 cardus
212 1537 254 1575 in
284 1536 549 1590 descriptione
576 1543 707 1575 terrae
735 1544 918 1585 sanctae,
953 1545 992 1576 et
1020 1536 1098 1575 alia
1128 1537 1338 1576 innumera
1361 1566 1373 1588 ‚
1413 1551 1487 1591 per

41 1604 144 1644 quae
171 1584 332 1631 coelites
360 1592 536 1644 ingentia
566 1590 663 1630 olim
690 1591 885 1631 miracula
912 1593 1092 1631 fecerunt
1135 1593 1177 1631 in
1206 1594 1335 1631 omnis
1363 1607 1485 1646 gene-

41 1648 98 1687 ris
118 1653 168 1685 et
195 1647 435 1686 conditionis
462 1646 644 1686 homines
663 1676 675 1698 ‚
693 1653 740 1685 ut
768 1661 907 1686 omnes
935 1647 986 1686 ad
1015 1648 1259 1701 agnitionem
1287 1650 1481 1696 veritatis,

41 1715 147 1756 quae
173 1715 255 1741 una
287 1709 378 1753 est,
407 1701 727 1741 adducerentur:
777 1716 908 1756 neque
947 1703 1055 1741 enim
1082 1703 1284 1742 miraculis
1320 1717 1344 1742 a
1381 1717 1483 1756 quo-

42 1770 215 1810 cumque
241 1756 360 1807 divo,
399 1770 651 1810 quocumque
679 1756 768 1796 loco
796 1765 866 1796 aut
891 1765 1071 1811 tempore
1103 1759 1267 1811 patratis
1293 1756 1378 1797 ulla
1405 1757 1484 1798 alia

42 1811 140 1853 fides
168 1812 335 1864 probata
373 1819 412 1851 et
449 1813 685 1851 confirmata
713 1818 799 1862 est,
844 1827 966 1866 quam
1001 1812 1069 1852 illa
1092 1843 1102 1858 ‚
1133 1827 1213 1866 qua
1243 1814 1324 1866 ipsc
1342 1844 1354 1863 ,
1382 1813 1482 1852 dum

42 1866 148 1906 hanc
177 1867 301 1907 vitam
329 1869 483 1908 viveret
500 1898 511 1916 ‚
553 1867 719 1917 claruit,
764 1867 840 1906 hoc
874 1876 932 1907 cst
961 1867 1170 1907 Catholica
1201 1875 1239 1906 et
1267 1869 1447 1908 Romana
1466 1899 1479 1920 ‚

41 1927 90 1961 ut
120 1921 190 1961 lib.
227 1935 260 1963 1.
296 1924 492 1975 copiosius
528 1922 696 1962 dictum.
756 1922 852 1972 Cui,
900 1924 977 1961 nisi
1011 1925 1102 1962 huic
1133 1923 1244 1979 fidei
1288 1932 1481 1963 attestan-

43 1985 108 2016 tut·
132 1979 207 2016 ista
237 1979 464 2017 miracula?
499 1985 592 2016 utar
619 1980 726 2017 enim
753 1978 885 2017 verbis
915 1980 1040 2017 sancti
1067 1979 1284 2032 Augustini
1312 1978 1384 2018 lib.
1416 1993 1482 2021 22.

28 2030 94 2071 'de
132 2032 292 2071 civitate
329 2035 405 2072 Dei
443 2047 529 2086 cap.
559 2047 630 2087 9.:
683 2047 783 2072 nam
833 2042 872 2071 et
912 2034 989 2088 ipsi
1019 2043 1213 2086 martyres
1259 2037 1323 2084 (et
1362 2035 1484 2074 ceteri

42 2086 276 2126 coelestium
304 2088 458 2127 sedium
486 2088 667 2139 incolae)
696 2090 806 2127 huius
821 2087 924 2142 fidei
958 2099 1180 2141 martyres,
1211 2089 1258 2128 id
1289 2098 1346 2130 est
1373 2091 1485 2128 lucius

33 2141 137 2196 fidei
153 2151 260 2182 testes
271 2144 445 2193 fuerunt
463 2173 473 2190 ‚
504 2145 577 2182 huc
588 2144 700 2198 fidei
726 2144 988 2182 testimonium
1013 2146 1260 2198 perhibentes
1294 2146 1485 2185 mundum

44 2198 359 2237 inimicissimum
393 2208 431 2238 et
456 2199 768 2237 crtulelissimum
794 2200 1042 2253 pertulerunt
1057 2230 1067 2247 ,
1103 2213 1266 2255 eumque
1307 2215 1386 2239 non
1418 2216 1481 2239 re-

38 2253 255 2306 pugnando
268 2282 280 2304 ‚
308 2253 379 2292 sed
405 2254 607 2292 moriendo
630 2254 821 2292 vicerunt.
882 2254 964 2296 Pro
987 2256 1062 2293 ista
1076 2255 1164 2310 side
1196 2255 1340 2294 mortui
1363 2266 1453 2295 sunt
1470 2287 1480 2305 ‚

43 2309 114 2362 qui
137 2309 236 2347 haec
268 2320 300 2346 a
335 2309 498 2348 domino
527 2311 741 2361 impetrare
774 2318 958 2363 possunt,
986 2320 1156 2366 propter
1204 2312 1309 2349 cuius
1342 2326 1484 2351 nomen

43 2363 161 2401 occisi
183 2371 280 2402 sunt.
337 2363 421 2402 Pro
453 2365 533 2402 hac
537 2364 633 2419 fide
663 2366 882 2418 praecessit
903 2379 1036 2404 eorum
1062 2367 1173 2405 mira
1193 2367 1392 2419 patientia
1407 2396 1419 2415 ‚
1442 2376 1487 2406 uc

44 2415 88 2456 in
110 2418 169 2456 his
185 2419 391 2456 miraculis
418 2428 533 2457 tanta
570 2419 650 2459 isca
675 2421 855 2474 potentia
890 2430 1127 2475 sequeretur.
1185 2422 1292 2460 Haec
1321 2429 1483 2462 sanctus

44 2470 310 2526 Augustinus.
344 2487 535 2513 cnssrszn.

154 2527 365 2580 Pag.4¹1,
385 2543 425 2568 2.
455 2528 532 2580 τῆς
562 2543 641 2569 om.
673 2530 731 2568 M.

153 2581 359 2635 Pag.4=6‚
379 2598 412 2626 1.
442 2582 702 2634 βουλήσομαι
730 2585 789 2623 Μ.
813 2599 892 2639 mg.
912 2615 924 2636 ‚
957 2586 1102 2626 omisso
1130 2578 1180 2625 ἂν
1208 2586 1275 2627 lin.
1305 2601 1386 2642 seq.

154 2636 258 2689 Pag.
277 2638 429 2692 417,2.
460 2635 648 2678 ἐπείθετό
677 2652 719 2678 τε
749 2637 948 2691 βασιλεύς
977 2643 1036 2680 Μ.

155 2691 256 2744 Pag.
272 2692 366 2746 417,
383 2694 417 2732 5.
451 2688 656 2745 ἀναχθείη
688 2696 741 2735 Μ.

157 2746 258 2800 Pczg.
273 2745 366 2801 417,
384 2748 424 2788 6.
444 2747 616 2802 ὀφθεῖεν
640 2752 861 2804 M.mg.pro
876 2749 1030 2790 δοκοῖεν
1053 2759 1090 2791 ct
1107 2747 1286 2805 ἰσχυρὰς
1302 2765 1388 2804 sup,
1411 2750 1481 2789 lin.
