1800 3164
293 143 310 176 1
324 144 354 177 0
366 143 390 177 2
821 135 1192 180 CANTACUZENI

78 247 165 281 A.c.
186 248 271 295 ¹349
284 242 387 298 πρὸς
416 237 464 283 ὃν
492 241 638 281 ἐπόθει
657 239 846 296 Χριστὸν
879 236 967 293 εἶχε
1006 237 1079 280 καί
1116 235 1193 292 τὴν
1215 238 1373 280 ἐκεῖθεν
1401 235 1601 291 βοήθειαν
1629 237 1716 286 ἒξε-

283 312 464 360 καλεῐτο,
489 307 611 348 οὐδὲν
641 307 804 359 α’γεννὲς
832 300 926 346 οὔτε
959 302 1153 360 πράττων
1163 298 1283 356 ,οὔτε
1305 300 1587 359 φθεγγόμενος
1615 299 1718 356 πρὸς

284 374 358 422 τὰς
387 370 545 427 πληγὰς
563 404 574 424 ,
605 371 626 412 ὅ
658 372 860 424 τύραννος
890 368 951 412 ἔτι
979 371 1136 423 μᾶλλον
1164 368 1435 422 ἐξαπτόμενος
1452 366 1534 409 ὑπὸ
1560 368 1716 420 θυμοῦ,

242 438 359 480 1)καί
385 435 522 491 ὥσπερ
552 434 709 478 ἑαυτοῦ
737 433 950 487 μαλακίαν
976 434 1048 476 καὶ
1074 436 1338 490 μικρολογίαν
1364 430 1619 487 καταγνούς,
1647 432 1723 472 κατ’

285 501 428 558 ἑτέρας
465 499 672 550 τοσαύτας
719 501 906 543 ἐκέλευεν
945 501 1152 542 ἐντείνειν.
1211 502 1364 541 θᾶττον
1391 499 1438 540 δὲ
1463 493 1492 552 ἢ
1523 495 1642 551 λόγος
1669 493 1758 538 τιὶ5

285 569 582 619 κεκελευσμὲνα
621 562 884 619 πραττόντων
920 566 1003 607 τῶν
1035 563 1193 620 δημίων
1203 597 1216 617 ,
1256 564 1408 617 αἵμασι
1443 565 1522 617 μὲν
1545 561 1592 605 τὸ
1622 560 1722 603 ὕπο-

150 636 271 682 V.Go9
284 633 469 685 κείμενον
497 629 610 673 ἅπαν
639 629 796 687 ἔδαφος
817 630 1092 686 ἑφοινίσσετο,
1123 629 1272 686 σάρκες
1300 630 1346 670 δὲ
1371 625 1595 684 πατέρ’ῥεον
1621 627 1724 670 α’ποτ-

284 697 500 750 σπώμεναι
542 694 616 737 καί
655 698 785 751 νεῦρα
827 699 1084 738 κατελείπετο
1124 695 1195 737 καὶ
1225 692 1350 738 ὄστέα
1382 691 1517 748 γυμνὰ
1545 693 1725 746 σαρκῶν.

285 763 307 803 ὃ
338 760 600 818 πατριάρχης
628 763 674 803 δὲ
705 761 807 818 πρὸς
834 759 1039 816 τοσαύτην
1065 760 1252 803 α’πειπών
1281 762 1364 802 τῶν
1406 759 1549 800 δεινῶν
1576 759 1724 812 ἐπιφο-

284 827 389 882 ράν,
431 825 560 869 ἔκειτο
598 825 747 882 μικρὸν
788 828 998 880 ἐμπνέων,
1044 829 1118 869 καί
1143 831 1228 879 τοῖς
1264 822 1494 881 βαρβάροις
1537 821 1784 877 ἔκπληξινιο

285 892 484 946 ἐνεποίει,
514 890 577 934 ὅτι
606 891 711 948 πρὸς
737 893 945 942 τοσαύτας
978 893 1233 947 διαρκέσειεν
1261 891 1415 940 αἰκίας.
1443 888 1585 932 ἔπειτα
1613 887 1724 943 ἠρώ-

284 977 369 1001 των
401 953 553 1012 αὗθις,
573 960 611 1000 εἰ
635 957 696 1014 μὴ
726 963 812 1009 τοῖς
833 957 1020 1000 Σουλτὰν
1047 957 1365 1013 προστάγμασιν
1393 953 1539 1008 εἴκων,
1566 954 1640 1008 τῆς
1665 954 1725 1002 εἰς

284 1022 476 1080 Χριστὸν
503 1024 677 1073 πίστεως
714 1016 945 1079 ἆποστῆναι
994 1023 1188 1078 βούλοιτο
1234 1022 1306 1064 καὶ
1345 1022 1622 1075 συμμετέχειν
1647 1018 1724 1061 αὖ·

283 1097 366 1140 τοῖς
394 1088 497 1146 πρὸς
524 1091 598 1145 τήν
626 1084 879 1145 θρησκείαν·
909 1089 964 1138 ὥς
994 1091 1031 1130 δ’
1043 1091 1194 1137 ἐκεῖνος
1222 1086 1326 1141 μετὰ
1354 1086 1592 1143 παρῥησίας
1620 1085 1727 1140 ‹inq-

285 1153 460 1211 γόρευε,
499 1155 573 1197 καί
608 1157 759 1209 ,,ου’ὃε’ν
796 1171 848 1208 με
889 1157 961 1209 τῆς
1001 1156 1060 1204 εἰς
1092 1152 1309 1210 Χριστὸν”
1335 1151 1492 1209 ἔφασκε
1521 1151 1788 1206 ,,πι’στεωςι5

147 1229 186 1264 P.
207 1228 268 1275 761
288 1222 511 1276 δυνήσεται
540 1217 813 1276 ἆποστῆσαι,”
841 1221 916 1275 ἐπί
942 1236 983 1262 τι
1015 1219 1333 1275 δεσμωτήριον,
1376 1215 1401 1260 ὃ
1431 1223 1519 1266 τοῖς
1551 1216 1622 1259 ἐπὶ
1645 1213 1727 1258 θά-

285 1302 405 1329 νατον
432 1285 606 1344 ἐξῄρητο
636 1288 994 1340 κατεγνωσμένοις,
1021 1286 1213 1340 φέροντες
1241 1284 1484 1341 ῥιπτοῦσιν,
1510 1280 1582 1347 οἷς,
1610 1283 1650 1324 εἰ
1666 1280 1725 1342 μὴ

286 1353 360 1395 νῦν
397 1354 443 1394 ἐκ
486 1354 570 1394 τῶν
613 1354 808 1407 πληγῶν,
853 1351 946 1393 ἄλλ’
962 1349 1138 1408 ὕστερον
1173 1348 1247 1405 την
1286 1348 1358 1398 διὰ
1388 1352 1537 1405 ξίφους
1562 1346 1730 1403 ,σφαγὴν

285 1415 632 1472 ὑποστησάμενον.
686 1417 725 1459 οἱ
763 1419 1056 1470 συνδεσμῶται
1102 1418 1174 1470 δὲ,
1217 1410 1344 1472 (ἦσαν
1382 1414 1464 1471 γὰρ
1492 1414 1568 1456 οὐκ
1599 1411 1730 1468 ὀλίγοι

287 1485 332 1525 ἐκ
359 1480 588 1538 βαρβάρων
615 1480 854 1539 ἐφ’ἒτέραις
880 1481 930 1538 δή
951 1499 1059 1525 τισιν
1077 1482 1229 1530 αἰτίαις
1249 1483 1607 1536 κατεψηφισμένοι
1625 1481 1729 1520 ἄπο·
1744 1485 1800 1524 2οέ

288 1546 483 1603 θνήσκειν
504 1551 539 1604 ,)
586 1547 888 1604 φιλάνθρωπόν
926 1565 969 1590 τι
1009 1547 1216 1596 παθόντες
1259 1549 1330 1588 καί
1354 1546 1428 1601 την
1467 1547 1731 1601 α’νθρωπίνην

290 1613 420 1669 φύσιν
447 1614 820 1669 κατοικτείραντες,
850 1612 1042 1671 πρόνοιάν
1069 1629 1113 1655 τε
1141 1611 1384 1668 ἐποιήσαντο
1417 1612 1550 1653 αὐτοῦ’
1580 1610 1629 1653 οὔ
1657 1609 1731 1665 τὴν

290 1680 501 1732 τυχοῦσαν
515 1696 527 1706 ·
557 1678 630 1720 καὶ
654 1677 758 1735 πρὸς
777 1683 1008 1734 θεραπείας
1028 1679 1224 1720 τοιούτων
1242 1676 1506 1733 παθημάτων
1524 1677 1732 1731 ἐμπείρως

292 1741 455 1796 ἔχοντες
472 1775 485 1798 ,
514 1743 786 1800 ἀνεκτησαντό
816 1761 862 1786 τε
887 1743 957 1786 διὰ
986 1743 1138 1801 χρόνου
1168 1746 1241 1786 καί
1277 1745 1358 1786 τῶν
1386 1744 1432 1785 ἐκ
1457 1744 1540 1785 τῶν
1569 1743 1731 1798 πληγῶν

390 1845 417 1867 ι.
444 1828 538 1868 θεὸν
562 1833 610 1866 Μ.
637 1843 702 1877 pro
729 1825 912 1878 Χριστὸν.

295 1919 404 1956 quem
440 1908 690 1950 desiderabat,
729 1909 884 1943 defixam
914 1908 1076 1949 habens,
1108 1909 1262 1942 coeleste
1295 1909 1471 1942 auxilium
1508 1907 1733 1954 im'ploravit,
1787 1942 1789 1945 .

295 1956 391 1989 nihil
427 1955 611 1989 abiectum
644 1967 712 1990 nee
740 1957 883 1996 dicens,
922 1967 989 1990 nec
1018 1956 1156 1989 faciens
1188 1954 1234 1989 ob
1261 1956 1494 1989 acerbitatem
1519 1957 1732 1998 verberum,

295 2007 471 2046 tyrannus
503 2003 614 2047 magis
649 2012 818 2036 accensus
851 2002 957 2034 furiis
991 2006 1027 2035 et
1061 2002 1136 2042 ira,
1169 2003 1272 2047 quasi
1295 2012 1332 2035 se
1360 2004 1478 2047 ipsum
1502 2003 1671 2036 mollitiei
1697 2008 1735 2036 et

295 2048 505 2082 timiditatis
529 2060 744 2092 coarguens,
769 2049 921 2083 totidem
948 2049 1037 2082 alias
1064 2049 1176 2093 infligi
1202 2050 1395 2082 mandavit.
1436 2049 1544 2094 Quod
1569 2060 1648 2083 cum
1677 2049 1734 2083 ini

296 2094 393 2127 dicto
419 2095 525 2129 eitius
554 2100 860 2140 exsequerentur,
891 2100 1007 2129 totum
1033 2096 1275 2138 pavimentum
1301 2096 1473 2139 sanguine
1500 2095 1734 2136 rubescebat,

296 2145 334 2173 et
358 2151 482 2173 earnes
508 2141 725 2175 dilaceratae
750 2141 980 2182 defluebant,
1021 2142 1345 2186 fatiscentibusque
1370 2142 1628 2186 compagibus,
1653 2153 1733 2175 ossa

295 2186 541 2231 patescebant.
590 2187 791 2221 Patriarcha
814 2193 914 2221 tanto
939 2190 1182 2222 cruciamento
1210 2189 1381 2222 deficiens
1417 2194 1453 2222 et
1491 2188 1593 2222 humi
1623 2189 1734 2230 colla—¹

297 2233 386 2267 bens
425 2233 589 2274 iaccbat,
621 2234 771 2278 paulum
815 2234 932 2268 adhue
964 2235 1127 2279 spirans,
1162 2239 1198 2268 ct
1246 2234 1405 2269 barbaris
1438 2234 1632 2269 tolerantia
1661 2240 1733 2269 tam

299 2280 398 2312 dirae
422 2280 684 2313 verberationis
709 2285 894 2325 stuporem
919 2282 1175 2315 commovebat.
1210 2277 1351 2315 Deinde
1377 2282 1508 2314 iterum
1534 2287 1736 2327 quaerunt,

298 2337 385 2359 num
414 2326 556 2359 Sultani
575 2326 760 2364 ,mandatis
788 2327 1063 2372 obtemperans,
1092 2328 1226 2362 Christi
1251 2328 1356 2362 fidem
1393 2329 1557 2362 deserere
1581 2334 1619 2361 et
1655 2339 1738 2368 cum*

298 2371 386 2416 ipsis
412 2375 676 2406 communicare
690 2373 790 2413 velit,
800 2373 989 2419 libereque
1015 2380 1238 2408 recusantem
1259 2386 1301 2408 ac
1325 2374 1516 2408 dicentem:
1534 2373 1661 2416 „Nihil
1676 2385 1732 2408 me

301 2430 322 2452 a
359 2418 428 2451 fide
459 2420 497 2451 in
525 2419 705 2453 Christum
733 2430 900 2464 separare
930 2421 1107 2464 poterit‚'’
1143 2422 1182 2455 in
1208 2432 1383 2456 carcerem
1416 2421 1594 2467 quendam
1618 2426 1735 2454 morte

303 2464 479 2498 damnatis
506 2465 722 2499 destinatum
747 2471 969 2510 asportantes
994 2468 1266 2512 proiiciunt‚ut‚
1282 2469 1311 2500 si
1333 2479 1407 2502 non
1430 2479 1474 2501 ex
1495 2469 1621 2513 plagis,
1639 2473 1736 2501 certe

303 2515 385 2556 post
409 2511 528 2555 gladio
546 2513 771 2545 moriturum.
800 2513 895 2546 Socii
919 2518 1037 2547 autem
1061 2516 1222 2555 carceris,
1235 2515 1401 2560 (quorum
1421 2520 1522 2548 erant
1536 2526 1610 2548 nou
1629 2507 1738 2559 pauci

303 2569 348 2590 ex
375 2557 550 2599 barbaris,
573 2559 637 2591 alii
662 2559 751 2592 alias
774 2558 820 2592 ob
845 2570 967 2592 causas
993 2563 1111 2605 capite
1138 2561 1321 2603 damuati)
1332 2561 1556 2593 humanitate
1582 2560 1736 2606 quadam

303 2609 341 2637 et
365 2605 598 2650 miseratione
621 2605 667 2640 ob
691 2610 840 2639 naturae
866 2607 1106 2646 consortium,
1128 2618 1200 2640 non
1224 2608 1365 2640 modica
1389 2618 1469 2640 eum
1495 2617 1577 2638 cura
1604 2606 1736 2651 digna-

303 2650 455 2691 bantur,
481 2652 663 2697 peritique
689 2652 895 2696 huiusmodi
922 2654 1111 2686 affectuum
1136 2653 1392 2686 medendorum
1414 2681 1423 2695 ,
1447 2653 1614 2697 paulatim
1641 2655 1732 2694 eum,

302 2698 501 2741 persanatis
518 2698 701 2744 plagarum
726 2699 1209 2741 vulneribus,restituerunt.
1236 2700 1362 2736 Adhuc
1388 2699 1453 2735 sub
1478 2699 1614 2734 iudicio
1635 2699 1739 2733 mor·
