1800 3164
331 158 433 213 170
895 158 1263 206 c‘ANTAcUzmi

114 265 203 299 A.C.
225 258 561 303 ι35ιἈκινδύνου
611 261 972 314 καταψηφιζεται,
1022 257 1078 308 ὦς
1116 255 1271 309 ἀδίκως
1313 263 1649 318 κατηγορηκότων
1677 267 1781 306 τῶν·

319 328 538 379 μοναχῶν,
580 323 688 366 ἆλλιὶ
719 323 790 365 καί
815 322 859 364 ἐἴ
887 340 976 377 τις,
1009 324 1163 380 φησίν,
1203 325 1339 382 ἕτερός
1380 345 1420 369 τι
1462 332 1544 370 ταῖν
1572 327 1652 370 ὑπὸ
1682 333 1759 371 τοῦ

321 391 534 446 Βαρλαὰμ
575 387 834 446 βλασφήμως
877 390 948 432 καὶ
997 390 1224 444 κακοδόξως
1259 393 1364 435 κατὰ
1405 398 1487 436 τῶν
1532 398 1786 450 μοναχῶν,’

319 459 479 509 μᾶλλον
510 458 556 498 δὲ
579 454 683 497 κατὰ
716 457 788 509 τῆς
817 456 1033 511 ἐκκλησίας
1061 458 1193 513 αὐτῆς
1221 462 1485 515 λαληθέντων
1523 455 1550 515 ἢ
1576 477 1758 517 συγγρα-

322 524 485 578 φέντων
519 523 667 577 φανείη
697 520 824 568 ,πάλιν
861 525 942 564 τῶν
977 527 1175 578 μοναχῶν
1205 528 1471 581 κατηγορῶν,
1507 520 1538 581 ἢ
1568 522 1677 575 ὅλως
1714 523 1797 568 ἑν5

320 593 403 636 τοῖς
439 588 644 635 τοιούτοις
688 588 1021 642 καθαπτόμενος,
1070 592 1123 646 τῇ
1156 590 1265 647 αὐτῇ
1306 591 1505 648 καταδίκῃ
1536 590 1654 647 παρὰ
1687 594 1760 647 τῆς
1793 626 1795 628 -

319 653 440 708 ἡμῶν
473 651 740 710 μετριότητος
772 655 1162 708 καθυποβάλλεται,
1217 656 1290 699 καί
1327 657 1613 712 α’ποκήρυκτος
1642 655 1760 699 ἔσται

321 719 393 760 καί
419 718 550 769 αὐτὸς
591 719 664 762 καί
700 716 1032 775 ἇποτετμημὲνος
1084 724 1158 764 καί
1198 725 1272 778 τῆς
1301 723 1423 777 ἁγίας
1459 725 1538 765 τοῦ
1569 724 1762 778 Χριστοῦ

319 787 546 840 καθολικῆς
570 785 643 827 καί
670 782 944 842 ἀποστολικῆς
974 787 1191 843 ἐκκλησίας
1228 790 1303 830 καί
1330 790 1405 831 τοῦ
1426 786 1657 844 ὀρθοδόξου
1678 789 1762 830 τῶν

185 861 220 894 Ρ.
238 861 307 895 800
322 852 594 906 Χριστιανῶν
621 850 897 906 συστήματος.
954 850 1064 895 οὕτω
1090 855 1168 907 μὲν
1196 855 1269 895 καί
1296 851 1317 896 ὅ
1350 853 1489 909 τρίτος
1516 851 1642 907 τόμος
1664 851 1760 895 οἷκό-
1777 868 1792 896 ι

319 919 473 965 λουθος
501 923 587 966 τοῖς
616 919 716 960 δυσί
742 921 960 973 προτέροις
988 912 1166 973 ’ἐγεγόνει
1183 953 1195 973 ,
1235 921 1310 962 καί
1341 919 1394 961 τοὶ
1437 920 1546 962 αὐτοὶ
1578 930 1763 976 κατεψη-

322 984 475 1040 φίσατο
504 985 588 1025 τῶν
618 981 669 1025 τοὶ
700 982 917 1039 Βαρλαὰμ
954 983 1028 1026 καί
1052 985 1294 1027 Ἀκινδὺνου
1322 985 1550 1043 ᾑρημένων,
1606 983 1654 1028 ὃν
1681 1002 1764 1027 πα·-

318 1047 524 1104 τριοίρχης
565 1064 610 1090 τε
645 1048 667 1090 ὅ
696 1048 934 1099 Κάλλιστος
975 1049 1080 1103 μετὰ
1117 1053 1200 1093 τῶν
1227 1053 1457 1108 ἀρχιερέων
1500 1051 1765 1108 ὗπογέγραφε

319 1114 394 1157 καὶ
422 1113 621 1169 βασιλεύς
648 1115 728 1172 πρὸ
757 1116 896 1159 αὐτῶν
924 1116 944 1158 ὃ
975 1116 1337 1172 Καντακουζηνός·
1394 1114 1570 1174 ὕστερον
1612 1119 1659 1160 δὲ
1695 1117 1767 1160 καὶ

320 1179 344 1223 ὅ
374 1179 670 1236 Παλαιολόγος
693 1182 885 1238 Ἰωάννης
909 1181 1110 1237 βασιλεύς
1136 1182 1159 1224 ὃ
1182 1185 1270 1233 νέος
1297 1182 1528 1240 σύμψηφος
1552 1183 1765 1238 γενόμενος
1780 1183 1800 1225 ἰ-

319 1249 374 1303 τῇ
402 1247 623 1305 ἐκκλησίᾳ,
651 1250 852 1304 ε’ρυθροῖς
892 1250 964 1290 καί
1006 1247 1134 1297 αὐτὸς
1173 1249 1418 1304 γράμμασιν
1457 1249 1764 1305 ὑπεσημήνατο.

323 1314 418 1356 ἐπεὶ
444 1314 491 1355 δὲ
521 1315 658 1356 πάντα
686 1311 773 1369 εἶχε
800 1317 915 1363 τέλος
953 1313 1004 1357 τά
1035 1315 1134 1370 περὶ
1156 1313 1234 1370 τήν
1263 1317 1448 1366 ἐξέτασιν
1487 1317 1570 1357 τῶν
1610 1314 1767 1369 δογμά-

322 1396 435 1432 των,
464 1381 536 1420 καί
562 1379 585 1420 ὅ
614 1380 741 1433 τόμος
770 1379 940 1428 ου’δενός
969 1381 1103 1421 ἐδεῖτο
1132 1379 1207 1433 ἔτι,
1241 1382 1483 1422 Καλλίστου
1512 1382 1589 1422 τοῦ
1614 1397 1765 1434 πατρι-

323 1447 459 1500 άρχου
490 1447 534 1488 ἐν
562 1447 621 1502 τῷ
649 1448 725 1503 νεῷ
750 1448 823 1500 τῆς
866 1449 942 1487 τοῦ
969 1449 1074 1487 θεοῦ
1103 1447 1257 1502 σοφίας
1283 1445 1358 1501 τὴν
1383 1445 1505 1488 θείαν
1531 1447 1767 1487 ἐπιτελοῦν-

322 1527 393 1561 τος
420 1514 715 1567 μυσταγωγίαν
740 1510 849 1565 μετιὶ
878 1513 961 1554 τῶν
991 1515 1146 1552 λοιπῶν
1187 1511 1434 1566 ἀρχιερέων,
1468 1515 1539 1554 καί
1568 1512 1800 1565 βασιλεύςᾱ

283 1577 346 1623 Βὸ
374 1575 724 1633 Καντακουζηνὸς
749 1579 888 1619 πᾶσαν
911 1575 1063 1632 σκευην
1081 1576 1300 1631 βασιλικήν
1327 1577 1451 1626 ἐνδὺς
1485 1579 1556 1619 καί
1569 1580 1648 1620 τῶν
1662 1577 1768 1620 α’δύ-

323 1660 404 1686 των
418 1642 531 1692 ἐντὸς
552 1642 779 1698 γενόμενος,
794 1640 1036 1699 πατριάρχῃ
1053 1642 1126 1684 καί
1138 1646 1188 1700 τῇ
1208 1646 1332 1701 λοιπῇ
1352 1646 1434 1685 τῶν
1449 1644 1683 1700 ἀρχιερέων
1701 1642 1768 1686 ὲκ-

419 1734 453 1772 8.
476 1733 571 1767 θεοῦ
596 1743 661 1779 pro
694 1731 829 1778 Χριστ.
856 1732 906 1766 Μ.
1756 1719 1759 1722 ’

319 1815 394 1843 tam
430 1807 656 1852 impietatem
692 1812 729 1840 et
765 1815 1016 1847 germanorum
1057 1805 1262 1849 dogmatum
1302 1807 1572 1851 corruptionem
1612 1807 1769 1852 detegit,

319 1858 444 1900 (quam
463 1854 510 1888 ob
537 1865 680 1887 causam
707 1858 743 1886 et
768 1853 921 1886 Ioannes
947 1853 1148 1895 patriarcha
1174 1851 1259 1885 sede
1284 1864 1347 1885 sua
1371 1852 1541 1897 depulsus
1567 1859 1644 1895 est:
1670 1854 1772 1901 quod

319 1902 492 1936 nimirum
516 1911 596 1934 cum
615 1901 799 1933 Barlaamo
825 1899 1012 1943 sentirctz)
1038 1905 1075 1932 et
1096 1899 1242 1942 primus,
1266 1904 1349 1943 post
1371 1898 1672 1934 diiudicationem
1695 1902 1770 1935 An·
1790 1938 1791 1941 Ἴ

322 1948 463 1982 dronici
487 1947 643 1981 iunioris
671 1945 898 1990 imperatoris
936 1947 1177 1990 compositus,
1218 1945 1365 1991 quando
1403 1951 1440 1979 et
1471 1947 1675 1991 patriarcha
1713 1949 1772 1982 Io·—

321 2006 435 2030 annes
460 1994 599 2038 synodo
623 1992 876 2039 praesidebat,
900 2002 1009 2038 quem
1038 1996 1076 2025 et
1101 1992 1179 2036 ipse
1203 2003 1312 2025 manu
1338 2003 1400 2025 sua
1427 1993 1672 2038 subsignavit,
1697 2005 1774 2029 non

321 2042 443 2077 solum
467 2042 690 2075 Barlaamum
731 2045 768 2073 et
791 2039 1041 2082 Acindynum‚
1069 2043 1110 2072 ut
1149 2037 1305 2071 iniustos
1331 2039 1589 2073 monachorum
1616 2043 1772 2074 'accusa-³

322 2095 432 2129 tores,
457 2087 629 2128 damnat,
671 2087 735 2120 sed
761 2092 797 2119 et
828 2086 857 2119 si
885 2087 966 2131 quis
992 2085 1111 2124 alius,
1137 2086 1279 2130 iuquit,
1306 2085 1490 2130 quippiam
1517 2097 1537 2118 a
1570 2088 1773 2129 Barlaamo5

321 2134 534 2180 blaspheme
559 2139 597 2168 et
631 2133 813 2168 haeretice
839 2138 965 2166 contra
989 2130 1200 2172 monachos,
1223 2132 1295 2164 imo
1319 2143 1404 2165 vero
1430 2138 1555 2166 contra
1581 2135 1772 2168 ecclesiam

322 2184 438 2228 ipsam
461 2181 640 2215 dictorum
677 2181 936 2225 scriptorumve
962 2189 1102 2212 rursum
1127 2177 1312 2211 monachis
1337 2178 1533 2220 obiecerit,
1566 2185 1630 2213 aut
1653 2180 1771 2214 omni-

322 2242 372 2264 no
409 2230 450 2262 in
486 2228 622 2262 talibus
647 2239 708 2261 eos
744 2227 1022 2272 perstrinxerit,
1056 2225 1182 2258 eadem
1212 2235 1331 2269 poena
1356 2236 1376 2257 a
1415 2231 1538 2259 nostra
1572 2227 1771 2260 mediocri·

324 2281 398 2311 tate
423 2275 636 2314 damnatur,
672 2280 782 2320 atque
808 2284 828 2305 a
856 2277 978 2307 sancta
1004 2272 1073 2306 Dei
1100 2271 1278 2304 catholica
1311 2277 1348 2305 et
1386 2273 1586 2317 apostolica
1619 2273 1773 2308 ecclesia

326 2329 364 2358 et
387 2322 589 2356 orthodoxo
626 2320 913 2355 Christianorum
950 2324 1055 2352 coetu
1097 2320 1206 2352 etiam
1249 2318 1327 2362 ipse
1360 2320 1622 2354 exterminatur
1659 2326 1775 2366 atque

324 2369 559 2415 praeciditur.
610 2367 669 2401 Sic
693 2369 818 2412 itaque
845 2373 883 2400 et
923 2367 1052 2400 tertius
1076 2371 1195 2400 tomus
1231 2364 1320 2399 duos
1345 2366 1602 2410 praecedentes
1642 2377 1773 2399 conse-

327 2428 442 2462 quens
468 2416 582 2449 factus
608 2419 685 2459 est,
722 2415 922 2458 eademque
947 2419 1070 2446 contra
1105 2412 1277 2446 Barlaami
1310 2418 1347 2446 et
1382 2413 1562 2456 Acindyni
1599 2423 1772 2459 sequaces

327 2464 491 2498 decreta:
529 2464 587 2496 cui
616 2462 785 2494 Callistus
809 2459 1014 2505 patriarcha
1039 2472 1120 2493 cum
1145 2459 1324 2503 episcopis
1349 2458 1587 2504 subscripsit,
1623 2465 1660 2493 et
1685 2465 1774 2493 anto

328 2510 687 2544 eos'Cantacuzenus
713 2508 933 2552 imperator,
967 2506 1100 2540 deinde
1125 2508 1276 2538 Ioannes
1308 2505 1539 2551 Palaeologus
1574 2507 1777 2551 imperator

328 2557 474 2597 iunior,
511 2556 681 2590 ecclcsiae
707 2565 854 2588 concors
870 2579 879 2594 ‚
921 2559 958 2587 et
982 2553 1060 2597 ipse
1088 2553 1232 2586 rubrica
1255 2551 1490 2596 subsignavit,
1539 2553 1774 2586 Discussione

327 2604 535 2649 dogmatum
570 2603 717 2647 penitus
756 2601 924 2635 absoluta
965 2606 1002 2634 et
1031 2606 1131 2635 tomo
1158 2599 1265 2644 plane
1299 2600 1369 2631 iam
1398 2598 1578 2643 perfecto,
1616 2599 1773 2633 Callisto·

326 2651 531 2696 patriarcha
557 2650 596 2683 in
621 2649 756 2693 templo
782 2648 927 2682 divinae
954 2648 1153 2692 sapientiae
1185 2657 1264 2679 cum
1300 2646 1451 2690 reliquis
1476 2647 1656 2690 episcopis
1682 2646 1774 2679 Mis-

328 2709 389 2731 sae
413 2697 585 2732 sacrificio
609 2698 801 2741 fungente,
839 2695 1122 2734 Cantaeuzenus,
1158 2695 1255 2726 omni
1288 2693 1522 2737 imperatorio
1550 2697 1679 2726 ornatu
1708 2697 1792 2725 «ει-*μ

329 2746 467 2786 cultus,
502 2745 600 2780 intra
627 2742 734 2788 adyta
767 2741 993 2788 patriarchae
1031 2742 1246 2787 reliquoque
1284 2742 1535 2785 episcoporum
1565 2739 1687 2773 ordini
1710 2743 1771 2772 toa
