1800 3164
321 174 427 242 146
849 187 1224 231 CANTAcUzENJ

104 303 299 340 A.c.1350
310 293 406 344 νοῦς
431 294 528 346 τούς
554 294 654 344 σούς
691 293 899 336 ἀνεκαλοῦ
927 287 998 333 ἀπ’
1031 291 1164 346 αότῆς
1190 292 1262 346 τῆς
1293 288 1566 346 παρατάξεως
1593 289 1763 345 σχεδόν·

309 360 338 403 ἃ
370 364 410 404 εἰ
434 360 492 416 μή
521 360 852 413 πολεμιωτάτου,
883 360 924 399 εἰ
949 355 1008 412 μὴ
1042 356 1095 400 σύ
1127 373 1188 411 γε,
1215 359 1303 398 ἀλλ’
1334 355 1373 399 οἱ
1405 355 1608 412 παρόντες
1635 354 1768 398 ἅπαν-

306 445 374 477 τες
402 430 560 484 ε’ροῦσι.
619 426 933 480 ἀναστρέφοντι
963 425 1010 466 δὲ
1042 426 1203 467 ἐκεῖθεν
1232 422 1435 479 στρατιὰν
1474 422 1671 477 ἔπεμψας
1697 423 1771 464 ἐπὶ

307 494 379 538 τὸν
403 492 568 544 Ἀξειὸν
600 488 851 533 κωλύουσαν
883 489 992 547 πρὸς
1020 489 1094 533 τὸν
1121 490 1278 546 πόρον,
1315 492 1388 532 καί
1417 491 1646 543 μονονουχὶ
1677 495 1767 538 τοῖς

308 563 520 614 πολεμιόις
551 558 796 615 αὐτοχειρίᾳ
823 558 1092 611 παρεδίδους.
1137 557 1182 605 ἒς
1210 553 1418 611 τοσαύτην
1449 554 1530 611 γὰρ
1565 557 1800 633 κατέστη-5

306 643 385 675 σας
414 623 618 680 ἀνάγκην,
648 619 747 665 ὥστ’
777 625 817 665 εἰ
841 622 900 678 μὴ
930 621 1034 672 θεὸς
1065 616 1232 664 ἄνωθεν
1270 621 1476 676 ὗπερέσχε
1502 626 1630 679 χεῖρα
1658 636 1766 677 προς

310 690 388 746 τὴν
417 689 618 745 διάβασιν
646 692 725 731 τοῦ
747 690 954 742 ποταμοῦ,
989 687 1231 742 ἀπωλόμεθ’
1265 685 1319 729 ἂν
1346 687 1492 738 πάντες
1511 688 1669 737 ἀκλεῶς
1687 686 1768 729 ὑπὸ

169 766 300 811 ΑΡ.786
312 759 395 800 τῶν
419 756 738 812 περιχυθέντων
767 754 879 808 ὁμοῦ
901 755 1123 809 Ῥωμαίων
1151 756 1224 797 καί
1247 752 1493 810 βαρβάρων.
1525 749 1636 796 οὕτω
1666 751 1766 802 τούς

310 821 461 879 ὅρκους
503 821 755 878 διετήρησας
783 818 995 876 ἀκριβῶς,
1047 820 1122 863 καί
1154 822 1289 863 ταῦτα
1319 821 1370 863 ου’
1400 818 1482 876 πρὸ
1512 821 1671 862 πολλοῦ
1697 822 1773 862 τοῦ

306 888 466 945 χρόνου
494 890 820 944 γεγραμμένους.
892 890 944 929 οὐ
969 887 1054 942 μὴν
1084 888 1295 943 ἠρκέσθης
1322 887 1498 944 ἀφανῶς
1525 885 1800 940 ἐπιβουλεύοι

309 973 372 997 ειν
398 954 550 1009 μόνον,
579 956 667 996 ἀλλ’
692 950 958 998 Ἀποκαύκου
988 959 1077 1003 τοῖς
1104 950 1283 1006 κόμποις
1311 954 1384 994 καί
1430 958 1518 1002 τοῖς
1548 953 1771 1007 πλάσμασι

308 1024 522 1075 πεισθείς,
563 1018 766 1076 χρήματά
796 1036 872 1074 τε,
920 1019 978 1070 ὥς
1008 1021 1196 1074 ἐλέγετο,
1237 1021 1339 1074 παρ’
1374 1017 1533 1061 ἐκείνου
1564 1017 1774 1075 εἰληφώς,

310 1091 510 1142 πολέμιον
539 1089 615 1141 ἐμὲ
642 1086 842 1144 ἑψηφίσω
874 1088 1070 1143 φανερῶς
1089 1119 1100 1139 ,
1143 1083 1190 1127 ὃν
1227 1087 1272 1128 ἐν
1300 1091 1386 1135 τοῖς
1428 1082 1566 1142 ὅρκοις
1593 1083 1774 1142 γράφεις

311 1154 383 1198 διὰ
419 1153 517 1209 βίου
553 1152 781 1209 σύμμαχον
813 1152 886 1195 καί
917 1156 1041 1209 φίλον
1071 1155 1192 1202 ἕξειν·
1231 1152 1321 1194 οὔδ’
1351 1151 1480 1203 αὐτὸς
1510 1147 1589 1206 ἂν,
1629 1148 1773 1207 οἶμαι,

313 1219 446 1278 φαιής
476 1222 675 1277 εὕορκῶν.
726 1222 800 1261 καί
830 1220 1059 1274 γράμματα
1088 1218 1272 1272 ἔπεμπες
1300 1220 1399 1272 ἐμοί
1422 1217 1496 1273 τὴν
1515 1218 1683 1274 εἰρήνην
1705 1217 1800 1261 καί]

311 1287 386 1342 τὴν
425 1289 676 1341 συμμαχίαν
720 1288 915 1342 φανερῶς
954 1284 1273 1342 ἀπαγορεύοντα
1312 1285 1385 1327 καί
1410 1285 1592 1339 πόλεμον
1618 1301 1774 1340 καταγ-

313 1354 513 1407 γέλλοντα
542 1350 792 1407 ἀκήρυκτον·
836 1349 863 1392 ἃ
894 1353 968 1393 καί
1010 1353 1086 1394 νῦν
1113 1350 1274 1403 ἔξεστιν
1303 1351 1406 1409 ὅρᾷν
1435 1353 1495 1401 εἰς
1523 1354 1651 1407 δεῦρο
1680 1353 1778 1394 δια-

276 1420 506 1462 Βσωθέντα
532 1421 630 1473 παρ’
658 1420 769 1471 ἐμοί.
826 1419 900 1460 καί
940 1419 985 1469 ἐξ
1013 1420 1173 1459 ἐκείνου
1204 1418 1255 1459 οὔ
1286 1420 1470 1467 ὃιέλιπες
1502 1418 1694 1475 φανερῶς
1724 1433 1772 1459 τε

313 1488 509 1539 πολεμῶν
550 1484 625 1527 καί
668 1485 851 1540 ἀφανῶς
878 1482 1178 1538 ἐπιβουλεύων,
1243 1484 1346 1535 ε’μοί
1367 1500 1412 1524 τε
1440 1483 1520 1540 γὰρ
1552 1486 1616 1533 εἷς
1642 1485 1779 1527 Διδυ-

313 1550 510 1607 μότειχον
549 1550 797 1605 ἐπανήκοντι
835 1549 944 1603 μετὰ
988 1548 1179 1604 Ἀμοῦρέ,
1224 1550 1317 1590 ἐπεὶ
1349 1550 1506 1597 ἐκεῖνος
1533 1544 1587 1603 ἦν
1615 1551 1676 1598 εἷς
1702 1548 1800 1603 τήνς

314 1619 486 1673 Ἀσίαν,
528 1615 602 1672 τήν
629 1614 865 1670 ὑπόσχεσιν
899 1613 1148 1672 ’,Αποκαύκῳ
1195 1616 1433 1668 ἐκπληρῶν,
1477 1612 1524 1655 τὸ
1557 1611 1781 1668 κράτιστον

314 1687 392 1740 τῆς
419 1686 621 1740 στρατιᾶς
655 1683 766 1738 ἔχων
800 1679 1128 1736 ἐπεστράτευες,
1175 1683 1248 1722 καί
1279 1672 1498 1735 προῆλθες
1532 1675 1637 1734 ἄχρι
1674 1682 1781 1722 Mv-

317 1752 486 1805 γδονιάς
516 1750 712 1806 φανερῶς
740 1749 872 1792 ε’πιών
901 1749 1009 1802 ἐμοί.
1067 1749 1255 1804 Περσῶν
1286 1747 1333 1788 δὲ
1361 1747 1498 1797 πεζῶν
1527 1743 1781 1803 περιτυχόν-

410 1837 449 1870 6.
475 1831 571 1868 ὥστε
591 1826 643 1880 μὴ
669 1833 703 1867 Ρ.
804 1845 854 1868 ιο.
882 1830 1048 1878 ἠρκέσθη
1075 1832 1110 1866 Ρ.

319 1900 499 1940 akiiatus,
523 1895 936 1937 Thessalonicensibus,
960 1902 1002 1930 ut
1027 1896 1066 1928 in
1093 1906 1149 1928 me
1175 1896 1296 1935 irent,
1326 1900 1452 1930 auctor
1474 1895 1575 1928 fuisti
1590 1920 1601 1936 ,
1625 1893 1781 1929 Germa-

317 1957 460 1992 nosque
485 1951 567 1980 tuos
596 1957 641 1980 ex
665 1946 742 1991 ipsa
766 1944 1029 1989 propemodum
1053 1945 1131 1976 acie
1157 1943 1344 1980 revocasti,
1393 1942 1498 1988 Quae
1526 1942 1691 1987 profecto
1709 1944 1781 1976 im·

317 1993 575 2040 portunissim'i
601 1993 715 2028 hostis
741 2002 845 2031 esse,
879 1991 909 2024 si
939 1996 978 2025 tu
1007 2001 1082 2024 non
1110 1989 1228 2030 dicas,
1262 1995 1300 2022 at
1337 1989 1461 2023 dicent
1496 1993 1684 2035 quotquot
1719 1988 1781 2022 hic

320 2040 477 2074 adstant.
536 2040 598 2074 Me
635 2045 758 2073 autem
794 2038 882 2072 inde
927 2042 1170 2072 revertentem
1220 2047 1365 2069 manum
1399 2036 1445 2070 ad
1477 2036 1606 2071 Axium
1642 2035 1780 2069 flumen

320 2088 480 2121 transitu
518 2097 576 2120 me
608 2086 879 2132 prohibitur-am
914 2085 1081 2125 misisti,
1121 2089 1158 2117 et
1182 2088 1324 2116 tantum
1357 2094 1432 2116 non
1458 2089 1521 2117 tua
1551 2083 1631 2127 ipse
1668 2094 1779 2115 manu

320 2133 491 2168 hostibus
518 2145 575 2167 me
608 2133 806 2168 tradidisti.
857 2134 908 2166 Eo
936 2132 1032 2165 enim
1057 2131 1283 2165 necessitatis
1311 2131 1477 2174 adcgisti,
1498 2135 1551 2169 ut,
1580 2130 1653 2163 nisi
1679 2129 1779 2163 Deus

323 2180 482 2225 desuper
505 2191 654 2213 manum
679 2192 780 2214 suam
809 2180 855 2213 ad
881 2180 1016 2212 flumen
1040 2176 1297 2212 traiicicndum
1323 2177 1559 2217 extendisset,
1581 2188 1602 2210 a
1627 2177 1780 2210 circum-

322 2226 416 2260 fusis
442 2226 552 2259 simul
576 2227 746 2261 Romanis
785 2233 895 2272 atque
924 2225 1086 2259 barbaris
1111 2225 1212 2259 nulla
1238 2235 1318 2256 cum
1344 2229 1467 2258 nostra
1492 2224 1607 2268 gloria
1628 2222 1780 2257 delendi

322 2274 528 2308 fuerimus:
554 2277 624 2306 tam
650 2274 831 2318 praeclare
856 2279 897 2306 tu
922 2273 1187 2311 iusiurandum,
1213 2270 1325 2317 idque
1349 2271 1387 2304 in
1413 2271 1554 2305 litteras
1579 2281 1696 2315 nuper
1721 2282 1781 2303 re·-

323 2321 454 2360 latum,
476 2320 710 2365 praestitisti.
756 2320 832 2353 Nec
857 2319 1094 2353 clandestinis
1118 2318 1262 2352 insidiis
1292 2323 1505 2358 contentus,
1547 2319 1655 2351 etiam
1682 2317 1781 2362 Apo-

325 2366 479 2407 cauchi,
508 2366 668 2401 hominis
694 2367 856 2407 ventosi,
883 2367 1062 2412 figmentis
1088 2365 1238 2398 credens
1255 2391 1264 2406 ‚
1299 2371 1336 2399 et
1361 2366 1519 2410 pecunia
1542 2365 1590 2398 ab
1615 2364 1704 2405 illo,
1736 2369 1779 2397 ut

325 2414 497 2455 aiebant,
523 2420 694 2460 accepta,
718 2414 861 2447 hostem
887 2425 943 2447 me
972 2414 1092 2458 palam
1118 2412 1322 2451 declarasti,
1346 2424 1451 2457 quem
1478 2413 1517 2446 in
1540 2411 1779 2446 iureiurando

326 2461 465 2495 socium
490 2472 631 2506 semper
655 2465 765 2507 atque
789 2461 941 2494 amicum
955 2459 1163 2494 habiturum
1188 2465 1225 2493 te
1253 2460 1392 2493 scribis.
1441 2459 1540 2494 Haec
1568 2459 1633 2504 qui
1658 2458 1780 2499 faciat,

326 2518 396 2543 nec
418 2513 459 2541 tu
484 2519 581 2549 eum,
611 2508 763 2554 opinor,
790 2508 916 2541 iuratis
942 2513 1036 2541 stare
1061 2507 1304 2540 affirmaveris.
1353 2507 1505 2550 Insuper
1528 2507 1669 2540 litteras
1693 2505 1781 2538 mit-

327 2555 457 2595 tebas,
492 2554 627 2600 quibus
652 2565 776 2600 pacem
815 2560 852 2588 et
889 2555 1088 2588 amicitiam
1124 2559 1247 2599 aperte
1271 2554 1530 2594 renuntiabas,
1567 2558 1604 2586 et
1641 2551 1780 2586 bellum

327 2613 406 2636 non
437 2607 541 2642 ante,
566 2613 632 2648 pro
657 2613 778 2642 more,
803 2601 979 2640 indictum
1009 2600 1272 2635 denuntiabas:
1298 2611 1386 2646 quas
1416 2605 1453 2635 et
1477 2602 1515 2634 in
1540 2599 1638 2633 hunc
1664 2609 1779 2644 usque

332 2649 429 2683 diem
454 2660 474 2682 a
499 2659 556 2682 me
585 2655 741 2683 servatas
769 2649 893 2682 videre
918 2649 1015 2682 licet.
1065 2649 1117 2681 Ex
1156 2649 1221 2681 illo
1256 2659 1314 2681 me
1340 2653 1377 2680 et
1400 2646 1603 2680 manifestis
1644 2646 1800 2686 armis‚}

332 2701 371 2730 et
398 2696 549 2729 occultis
576 2696 719 2730 insidiis
744 2700 867 2739 petere
897 2706 971 2728 non
997 2694 1156 2731 cessasti,
1204 2695 1295 2726 Nam
1323 2699 1359 2727 et
1382 2692 1679 2739 Didymotichum
1697 2703 1780 2725 cum

333 2743 482 2778 Amurio
507 2753 700 2784 reversum,
725 2748 916 2787 postquam
944 2742 1008 2775 ille
1034 2743 1074 2774 in
1097 2741 1217 2775 Asiam
1241 2742 1478 2785 renavigavit,
1505 2747 1547 2774 ut
1561 2739 1777 2785 Apocaucho

335 2790 511 2837 promissa
535 2790 692 2833 faceres,
725 2790 836 2824 robur
864 2790 1040 2824 exercitus
1072 2789 1111 2822 in
1143 2800 1200 2823 me
1229 2788 1391 2830 duxisti,
1413 2792 1462 2823 'et
1488 2799 1601 2835 usque
1627 2785 1780 2832 Mygdo—
