1794 3158
337 136 367 193 5
383 157 399 192 1
415 157 443 192 2
837 158 1248 202 ANNOTATIONES

334 265 462 301 morte
486 257 570 299 eius
597 259 792 312 Gregoras
817 259 880 298 his
908 259 1063 299 verbis:
1124 259 1301 300 Ceterum
1330 262 1398 303 sub
1422 277 1635 320 vesperam
1667 280 1758 323 epe-

335 316 486 356 ctaculo
515 314 586 353 illo
616 315 804 362 absoluto,
831 314 1075 354 Barlaamus
1095 315 1351 367 ignominiam
1376 319 1495 359 illam
1524 325 1758 374 gravissime

316 373 460 423 firens
482 398 493 420 ‚
529 370 661 423 plenis
690 370 792 408 velis
824 371 866 408 in
899 369 1066 408 Italiam
1095 371 1192 409 abiit
1225 380 1263 410 et
1303 373 1360 410 ad
1382 374 1614 415 Latinorum
1647 378 1759 416 insti·

332 435 415 466 tuta
443 434 481 464 et
510 425 667 462 decreta
682 454 693 471 ,
735 425 778 462 ἱη
799 425 932 479 quibus
956 434 1047 464 erat
1071 425 1256 464 educatus·
1269 453 1280 474 ‚
1313 428 1443 468 rediit.
1501 430 1557 469 At
1582 431 1759 485 impera-

331 491 395 520 tor
419 482 462 519 in
485 476 712 529 Hodegium
733 481 1019 529 monasterium,
1048 493 1209 534 corpore
1231 481 1444 521 admodum
1473 486 1583 525 male
1620 486 1758 539 affiscto

330 545 412 574 tum
442 549 462 574 e
486 533 666 572 concione
692 534 764 572 illa
779 565 788 581 ‚
822 544 903 573 tum
934 549 955 573 e
982 535 1114 573 morbo
1142 536 1312 589 splenis,
1347 551 1534 587 reversus,
1574 554 1661 580 cum
1691 542 1760 580 sub

330 599 476 630 noctem
491 590 589 640 fere
606 589 779 627 mediam
802 589 1039 628 accubuisset
1063 598 1101 628 et
1121 590 1290 643 largius,
1319 606 1438 646 quam
1467 594 1644 643 decebat,
1673 610 1760 635 coe-

330 654 444 684 natus
475 653 584 690 esset,
621 645 816 697 postridie
848 646 890 683 in
908 659 1085 683 somnum
1114 653 1152 682 et
1177 643 1301 696 κάρον
1335 649 1483 701 stupori
1510 659 1628 704 atque
1652 665 1760 690 exa·-

332 699 540 739 nimationi
556 711 686 753 paene
714 700 880 737 similem
912 700 1066 739 incidit.
1126 700 1259 739 Tertio
1290 700 1450 740 demum
1475 702 1542 743 die
1562 705 1762 759 paulatim

332 757 484 809 apertis
520 753 639 792 oculis
653 781 665 803 ‚
700 755 992 808 imperatricem
1029 756 1222 802 hortatur,
1270 770 1318 794 ne
1342 757 1476 810 ploret
1496 776 1509 797 .-
1568 761 1760 816 simulque

331 824 447 864 opem
477 809 713 847 medicorum
758 810 944 863 requirit,
996 818 1035 848 et
1063 812 1106 847 in
1138 811 1325 848 maiorem
1356 820 1554 866 stuporem
1587 815 1765 869 relapsus

330 874 629 919 extremumque
657 865 835 918 spiritum
867 878 998 916 agens,
1023 865 1065 902 in
1088 865 1240 903 tertium
1254 867 1352 915 sere
1379 867 1485 905 diem
1525 870 1676 908 iacuit.-
1714 883 1762 908 ac

326 921 440 960 ..Iunii
462 920 528 957 die
556 919 706 958 decimo
733 919 865 973 quinto
901 928 992 957 ante
1029 919 1126 957 solis
1157 928 1286 958 ortum
1313 920 1518 972 defunctus
1543 933 1619 971 est,
1657 938 1762 964 anno

331 975 386 1014 ab
420 975 511 1014 orbe
547 973 703 1013 condico
749 974 879 1012 sexies
919 974 1126 1013 millesimo
1173 974 1486 1026 octingentesimo
1530 978 1763 1032 quadrage-

329 1031 429 1068 simo
459 1043 572 1068 nono.
632 1028 762 1067 Omne
795 1043 892 1067 vero
919 1037 1063 1082 tempas
1093 1029 1230 1067 aetatis
1261 1030 1345 1067 eius
1376 1030 1435 1069 ad
1458 1045 1583 1071 annos
1610 1034 1766 1072 circiter

328 1085 600 1138 quadraginta
637 1084 809 1139 quinque
839 1085 945 1134 ficit,
991 1097 1084 1122 cum
1123 1093 1213 1122 ante
1245 1084 1393 1135 viginti
1424 1086 1558 1125 urbem
1587 1090 1762 1142 impera—

329 1141 462 1178 tricem
496 1140 590 1177 belli
624 1140 708 1177 iure
734 1146 971 1193 occupasset.
1049 1139 1112 1177 De
1151 1138 1295 1178 morbo
1324 1146 1364 1179 et
1405 1146 1586 1195 tempore
1621 1145 1762 1183 mortis

330 1193 446 1234 aliter
472 1201 618 1236 noster.
646 1207 817 1234 PONTAN.

438 1251 538 1302 Pag.
554 1248 648 1296 558,
667 1264 704 1303 7.
733 1245 948 1301 κτημάτων
976 1248 1032 1288 Μ.
1059 1262 1142 1303 mg.

442 1305 544 1357 Pag.
557 1303 650 1356 559,
678 1318 712 1342 1.
742 1303 903 1342 παῦσαι
930 1304 990 1342 Μ.

437 1360 538 1412 Pag.
556 1358 650 1411 559,
674 1358 733 1397 16.
761 1359 939 1397 adhuc
977 1359 1114 1397 enim
1157 1358 1346 1402 licebit.
1415 1359 1525 1400 Haec
1551 1360 1763 1415 augurium

331 1415 532 1470 quoddam
560 1421 654 1452 sunt
681 1413 839 1451 futurae
868 1415 1131 1465 tempestatis,
1173 1428 1273 1467 quae
1301 1415 1593 1467 imperatricem
1620 1423 1660 1455 et
1685 1417 1764 1455 im-

327 1472 484 1525 perium
512 1470 756 1521 exagitatura
784 1476 856 1517 est,
877 1467 981 1506 bello
1009 1467 1082 1507 illo
1110 1469 1395 1521 quinquennali
1420 1469 1620 1519 videlicet,
1651 1471 1761 1525 quod

326 1526 446 1580 paulo
475 1532 561 1577 post
588 1531 768 1563 secutum
799 1530 874 1574 est,
903 1523 953 1561 de
980 1537 1060 1575 quo
1088 1522 1191 1562 libro
1218 1525 1412 1576 sequenti.
1443 1539 1619 1565 roN‘rAN.

439 1579 729 1632 Pag.559‚19.
754 1592 949 1633 pueros
978 1579 1344 1632 imperatores.
1399 1580 1492 1619 Duo
1525 1587 1664 1631 erant,
1692 1580 1762 1620 Io-

327 1649 451 1675 annes
484 1643 523 1674 et
550 1634 737 1672 Manuel:
787 1633 836 1671 de
861 1634 1039 1671 neutrius
1081 1640 1172 1672 ortu
1210 1633 1432 1687 quidquam
1474 1635 1641 1674 dietum.
1696 1637 1761 1675 De

326 1693 460 1745 priore
489 1692 683 1742 Gregoras
712 1689 782 1730 lib.
803 1702 891 1726 10.:
931 1687 1122 1742 Sequente
1153 1697 1298 1727 aestate
1325 1690 1581 1743 imperatoris
1610 1691 1762 1729 coniux

326 1747 448 1786 Anna
477 1744 642 1784 domina
657 1774 667 1790 ‚
710 1758 818 1797 quae
849 1742 1124 1793 Didymoticlzi
1144 1757 1371 1797 praegnans
1400 1745 1542 1796 agebat
1558 1771 1570 1793 ,
1607 1745 1761 1784 decimo

326 1811 464 1841 octavo
503 1801 568 1838 die
611 1800 723 1838 Iunii
746 1799 888 1853 filiam
932 1798 1123 1836 Ioannem
1160 1799 1443 1852 imperatorem
1477 1800 1649 1854 peperit·
1703 1799 1764 1839 Et

325 1858 416 1896 huic
443 1855 602 1911 quidem
633 1855 921 1894 Camacuzenus
949 1852 1145 1892 Helenam
1155 1854 1300 1908 filiam
1328 1853 1547 1908 despondit.
1588 1867 1763 1898 ronna.

327 1910 536 1964 βασιλέων
562 1910 618 1950 Μ.

439 1965 542 2018 Pag.
557 1963 648 2019 559,
664 1978 727 2003 22.
758 1962 1339 2018 quidpraestabiliuS,
1369 1972 1415 2002 te
1441 1962 1615 2006 solam.
1681 1963 1763 2002 Lo-

327 2035 397 2061 cus
439 2020 505 2058 hic
555 2020 597 2058 in
637 2021 790 2058 Graeco
826 2019 1054 2071 impeditior
1091 2025 1150 2056 est
1188 2025 1351 2070 propter
1396 2017 1558 2057 voculas
1596 2016 1670 2057 καί
1702 2013 1760 2070 μὴ

326 2074 507 2122 πάντων,
535 2089 610 2129 pro
641 2074 784 2128 quibus
810 2073 897 2126 lego
926 2066 952 2124 ἢ
980 2070 1052 2112 καὶ
1078 2070 1251 2122 πάντων,
1283 2079 1323 2111 et
1339 2079 1451 2126 puto,
1477 2086 1638 2112 sensum
1654 2071 1762 2111 hunc

330 2143 429 2181 esse,
458 2144 578 2183 quem
609 2130 793 2183 expressi.
823 2142 996 2167 PONTAN.

435 2185 539 2236 Pag.
555 2184 646 2233 560,
669 2199 730 2225 12.
762 2177 977 2236 τούςιτοῦς
1008 2182 1066 2220 M.
1099 2195 1270 2235 quoque.

436 2237 539 2290 Pag.
560 2239 654 2289 560,
681 2240 743 2290 ¹3·
770 2237 1072 2290 διενυκτέρευεν
1103 2239 1160 2279 Μ.
1192 2250 1311 2289 supra
1340 2234 1501 2279 lineam.

437 2293 725 2345 Pag.560,15.
753 2306 819 2330 ex
855 2293 951 2330 lzac
994 2292 1107 2329 lnce
1146 2292 1453 2345 imperator
1493 2290 1764 2343 migravit.

327 2347 477 2398 Miror,
500 2361 589 2386 cum
606 2362 744 2400 supra,
771 2345 841 2384 illo
859 2352 1086 2399 aegrotante
1118 2353 1157 2384 et
1187 2346 1445 2397 moribundo,
1479 2345 1578 2384 adeo
1610 2344 1763 2383 lamen-

329 2409 436 2454 tatus
463 2403 513 2441 sit
542 2416 708 2455 magnus
736 2401 973 2440 domesticus
994 2429 1005 2450 ‚
1049 2400 1115 2439 hic
1147 2415 1285 2439 revera
1313 2403 1518 2448 moriente,
1561 2399 1762 2452 quomodo

327 2472 410 2498 non
441 2457 583 2511 prodat
610 2456 791 2496 lamentis
821 2463 860 2494 et
891 2455 1061 2494 lacrimis
1094 2469 1268 2495 amorem
1286 2486 1296 2502 ‚
1328 2470 1408 2508 quo
1436 2458 1477 2494 in
1509 2468 1600 2492 eum
1647 2454 1764 2492 arde-

296 2529 300 2534 *
327 2513 399 2552 bat
427 2511 666 2551 incredibili.
719 2510 797 2550 Sed
820 2509 997 2553 ,arbitror
1038 2523 1110 2561 pro
1151 2511 1425 2563 magnitudine
1451 2507 1601 2549 doloris
1626 2521 1763 2548 recur-

332 2569 455 2607 santis
481 2581 564 2606 nou
597 2568 770 2619 potuisse
799 2565 908 2616 quod
935 2563 1095 2603 volebat
1121 2566 1312 2604 scrihere.
1340 2577 1514 2605 romum.

442 2621 543 2675 Pag.
561 2622 655 2674 560,
680 2620 742 2662 15.
766 2626 806 2659 et
835 2633 897 2672 ¹7·
924 2613 1071 2657 ἐνάτου
1103 2620 1161 2662 Μ.

1510 2664 1582 2673 ἡ...»
