1800 3164
279 137 296 172 1
309 120 345 173 G
808 120 1179 180 CANTACUZENI

79 246 260 290 ΔΑΖ-1347
273 237 398 291 μόνον
423 241 537 296 παρὰ
566 242 646 282 τῶν
676 239 894 294 ἐπιγείων,
937 239 1024 280 ἀλλ’
1058 237 1120 280 ἔτι
1150 241 1222 280 καὶ
1249 238 1364 294 παρὰ
1395 241 1477 283 τῶν
1506 237 1713 298 οὗρανίων

272 307 478 362 α’κούηται
498 308 686 349 πολιτῶν.
725 307 935 348 ἀκούσατε
962 304 1103 347 τοίνυν
1132 306 1316 362 ου’ρανοί,
1334 306 1406 349 καί
1420 307 1611 362 λαλήσω·
1641 312 1714 352 καὶ

271 372 458 414 α’κουέτω
475 376 528 427 γῆ
546 371 712 429 ῥήματα
732 374 778 414 ἐκ
796 370 1004 424 στόματός
1022 386 1119 424 μου.
1148 370 1256 413 α’λλά
1275 373 1338 421 τίς
1359 374 1434 414 ov'x
1454 369 1506 415 ἂν
1522 370 1713 428 άσμένως

271 436 461 491 α’κούσαι,
476 439 537 487 τίς
554 439 629 480 οὐκ
645 435 941 493 ἦκριβωμένως
954 440 1147 493 προσέξοι
1166 444 1250 487 τοῖς
1268 441 1517 492 λεγομένοις,
1537 436 1601 482 fin
1615 442 1712 496 χείρ

269 507 415 558 κυρίου
446 506 605 558 ἐγένετο
636 506 708 546 ἐπὶ
732 507 784 561 τῇ
806 503 996 561 βασιλείᾳ
1018 501 1260 557 Ῥωμαίων,
1288 504 1438 562 ἐπίτῷ
1455 504 1534 561 την
1552 503 1752 562 ἧμέραν5

227 578 255 610 Β
271 572 559 626 καταφωτίσαι
577 567 653 623 τὴν
680 567 825 623 νύκτα,
855 568 928 610 καί
945 569 1020 624 την
1039 569 1310 625 λαμπρότητα
1330 566 1478 627 πόρῥω
1506 571 1552 613 τὸ
1571 571 1715 621 σκότος

270 637 541 690 ποιήσασθαι,
571 636 646 676 καί
673 641 758 684 τοῖς
783 636 1036 690 καθημένοις
1065 637 1110 678 ἐν
1138 636 1272 678 σκότει
1299 638 1372 677 καί
1387 638 1482 693 σκιᾷ
1497 638 1574 679 τοῦ
1587 637 1717 680 θανά·

269 716 344 742 του
370 703 460 756 φῶς
486 703 529 751 ἐξ
557 697 747 757 οὐρανῶν
775 698 1117 755 ἆνατεταλκέναι,·
1160 699 1285 757 δρᾶτε
1312 704 1427 757 γοῦν,
1457 699 1569 753 ὅπως
1595 706 1716 747 τουτι1

268 768 313 807 τὸ
341 768 431 823 φῶς
451 767 725 810 ἀνατέταλκεν
745 763 926 822 ἄνωθεν,
955 768 1011 817 ὥς
1036 764 1085 810 οὗ
1115 770 1164 826 τῇ
1187 767 1345 826 μεγάλῃ
1366 771 1450 811 τῶν
1476 766 1615 811 ὅπλων
1638 786 1714 812 κα-

268 837 454 890 τασκευῇ
480 833 552 877 τὸν
578 837 651 878 ἐπὶ
677 833 839 885 πάντας
866 835 1104 889 καθήμενον
1131 832 1330 888 ὕψιστον,
1360 837 1413 892 τῇ
1438 837 1564 894 οἰκείᾳ
1586 834 1711 878 δυνά·
1731 849 1777 875 ιο

266 915 339 951 μει
376 903 687 956 παρεσχηκέναι
723 903 781 959 τῷ
816 900 985 960 μεγάλῳ
1024 900 1362 958 περιφανεστάτῳ
1390 904 1563 954 βασιλεῖ’
1582 903 1713 958 κυρίῳ
1748 932 1749 935 ¹

261 963 431 1023 Ἰωάννῃ
460 969 517 1025 τῷ
545 970 902 1025 Καντακουζηνῷ,
930 971 986 1025 τῷ
1016 967 1090 1010 καὶ
1112 964 1187 1022 τῆς
1217 966 1432 1020 βασιλείας
1459 968 1623 1008 καὶτοῦ
1637 970 1714 1021 βα-

268 1033 419 1081 σιλέως
451 1035 590 1088 πατρί,
620 1033 697 1089 τὴν
727 1032 902 1076 ἁπασῶν
926 1033 1238 1088 βασιλεύουσαν
1265 1032 1439 1088 ταυτηνὶ
1465 1030 1608 1086 πόλιν,
1643 1031 1717 1075 καὶ

265 1099 396 1153 μέχρι
422 1101 495 1141 καί
521 1101 580 1149 εἰς
607 1102 733 1154 δεῦρο
763 1102 1059 1156 διατηρεῖσθαι
1085 1099 1157 1142 τὸν
1186 1101 1263 1141 τοῦ
1291 1099 1455 1141 δικαίου
1485 1097 1629 1155 κριτήν
1653 1099 1715 1157 τῷ

265 1165 440 1223 τοιούτῳ
468 1169 639 1220 βασιλεῖ
663 1165 709 1209 τὸ
739 1165 875 1221 παρὸν
901 1167 1138 1221 τῆς-α’ρχῆς
1167 1166 1356 1221 δώρημα,
1386 1165 1456 1207 ἵνα
1486 1167 1616 1219 γνῶσι
1633 1181 1711 1207 σα·
1729 1164 1777 1206 15

230 1233 363 1288 Οφῶς
398 1228 575 1283 ἅπαντες
614 1234 734 1275 τοῦτο
771 1231 888 1288 παρὰ
930 1234 1075 1287 κυρίου
1115 1234 1191 1273 τοῦ
1217 1232 1323 1273 θεοῦ
1349 1229 1532 1287 γεγονὸς,
1563 1229 1636 1273 καί
1661 1231 1714 1272 ου’

133 1305 175 1341 V.
188 1308 255 1351 570
270 1296 383 1354 παρά
419 1297 665 1353 ἀνθρώπου.
723 1301 831 1355 φησί
857 1297 935 1354 γὰρ
967 1298 987 1341 ὃ
1016 1299 1253 1354 σοφώτατος
1284 1298 1500 1350 Σολομῶν·
1537 1295 1714 1352 ,,καιρὸς

265 1366 324 1422 τῷ
353 1363 435 1406 ὑπὸ
468 1364 538 1408 τὸν
566 1365 744 1422 ου’ρανὸν
771 1365 898 1407 παν-[ι’
922 1364 1149 1420 πράγματι,
1179 1363 1252 1405 καί
1274 1360 1411 1405 πάντα
1428 1360 1534 1405 καλὰ
1558 1365 1603 1404 ἐν
1619 1379 1714 1404 και-

266 1434 328 1489 ρῷ
354 1427 509 1474 αὐτῶν.
563 1430 707 1486 καιρὸς
734 1430 892 1487 θρήνου
919 1433 991 1473 καί
1017 1428 1163 1485 καιρὸς
1182 1431 1443 1485 χαρμονῆς.”
1499 1425 1631 1478 οὕτως
1656 1427 1711 1470 εἴ·

266 1500 368 1553 ρηκέ
383 1513 480 1540 ποτε
499 1496 572 1540 καί
592 1498 616 1539 ὅ
633 1496 843 1554 Χριστός·
867 1499 1040 1551 ,,ου’κε’τι
1060 1492 1227 1552 ἦλθενῆ
1247 1492 1338 1550 (ὅρα
1358 1498 1486 1548 μου.”
1541 1497 1614 1537 καί
1636 1495 1710 1536 α’λ-
1723 1508 1774 1536 20

265 1566 402 1619 λαχοῦ
420 1566 539 1619 λέγει·
566 1565 742 1621 υπάτερ,
776 1563 944 1620 ἔρχεται
966 1561 1072 1619 (Spa,
1101 1561 1174 1604 καί
1196 1562 1272 1603 νῦν
1290 1559 1412 1614 ἔστιν,
1434 1560 1503 1602 ἵνα
1521 1561 1711 1618 δοξασθῇ

269 1631 294 1682 ὅμ
323 1629 416 1681 υἱός
442 1647 520 1673 σου
536 1634 574 1659 ·’'
628 1630 703 1673 καὶ
728 1632 992 1686 παραχρῆμα
1012 1627 1037 1684 ἦ
1061 1625 1240 1684 πατρική
1271 1625 1389 1683 φωνὴ
1419 1628 1475 1684 τῷ
1503 1624 1581 1684 υἱῷ
1609 1628 1713 1668 α’πε-

264 1697 446 1753 κρίνατο·
472 1700 575 1751 ,,και“
593 1697 773 1749 ἐδόξασα
804 1698 879 1739 καί
896 1694 1022 1738 πάλιν
1041 1691 1250 1745 δοξάσω.”
1306 1693 1404 1747 οὕχί
1421 1693 1467 1734 δὲ
1491 1694 1564 1734 καί
1588 1693 1634 1734 ἐν
1654 1693 1712 1749 τῷ

267 1763 492 1823 εὐαγγελίῳ
525 1767 773 1819 ἀνέγνωμεν,
802 1762 979 1818 ὁπηνίκα
1017 1761 1041 1802 ὅ
1062 1758 1256 1815 Ἰωάννης
1289 1757 1425 1815 εἴρηκε
1455 1759 1512 1816 τῷ
1539 1754 1714 1815 Χριστῷ

361 1857 394 1890 9.
422 1843 470 1878 ου’
498 1855 556 1877 om
592 1845 628 1880 P.
654 1849 700 1878 et.
730 1844 780 1882 M.
880 1854 932 1877 ιο.
960 1841 1062 1887 utuiqe
1086 1841 1120 1873 Ρ.
1222 1842 1275 1878 ι6.
1300 1832 1378 1873 ὑπὸ
1407 1838 1456 1877 Μ,
1481 1850 1553 1884 mg.

267 1913 377 1948 verba
409 1915 482 1948 oris
507 1915 590 1948 mei.
639 1914 686 1947 At
712 1914 809 1947 enim
835 1914 916 1960 quis
942 1923 1016 1946 non
1041 1911 1201 1945 libenter
1224 1909 1372 1950 audiat,
1398 1909 1482 1955 quis
1505 1919 1580 1942 non
1602 1908 1710 1941 solli-

268 1963 339 1995 cite
373 1961 480 1995 dictis
518 1961 694 1995 adhibeat
726 1962 908 2001 animum,
944 1958 1072 1992 factam
1107 1968 1185 1991 esse
1218 1957 1360 1990 scilicet
1397 1966 1545 1988 manum
1569 1953 1711 1989 domiui

268 2020 378 2054 super
401 2009 598 2042 Romanum
624 2009 840 2053 imperium,
866 2006 953 2053 quia
978 2005 1055 2039 dies
1081 2004 1303 2038 illuminavit
1326 2007 1490 2043 noctem,
1522 2005 1559 2035 et
1582 2001 1707 2046 splen-

270 2055 336 2089 dor
360 2057 499 2101 fugavit
522 2055 708 2096 tenebras,
745 2054 1032 2100 sedentibusque
1061 2053 1100 2086 in
1131 2050 1292 2085 tenebris
1338 2055 1376 2083 et
1408 2049 1535 2082 umbra
1581 2049 1709 2082 morti-s

268 2102 334 2135 lux
366 2102 413 2137 de
446 2102 559 2136 coelis
584 2107 664 2135 orta
689 2101 769 2136 est?
796 2101 941 2141 Videte,
969 2098 1149 2146 quomodo
1177 2098 1239 2130 lux
1264 2096 1354 2130 haec
1378 2096 1534 2140 desuper
1552 2099 1631 2129 orta
1647 2095 1710 2135 sit,

269 2155 312 2182 ut
338 2149 403 2195 qui
427 2149 530 2183 sedet
554 2159 664 2194 super
694 2159 818 2182 omnes
848 2147 1136 2186 excelsissimus,
1158 2156 1232 2178 non
1255 2149 1429 2190 apparatu
1458 2142 1593 2176 bellico
1630 2142 1710 2176 exi-

267 2197 366 2236 min,
395 2197 458 2230 sed
483 2207 547 2229 sua
573 2197 686 2241 ipsius
711 2196 845 2229 virtute
870 2205 998 2240 magno
1032 2198 1068 2226 et
1104 2192 1335 2226 inclitissimo
1370 2189 1603 2236 imperatori,
1639 2189 1709 2222 do-

266 2244 368 2277 mino
394 2243 808 2282 loanniCantacuzeno,
834 2242 1027 2287 eidemque
1052 2239 1196 2285 imperii
1221 2243 1257 2272 et
1288 2237 1518 2281 imperatoris
1549 2236 1708 2282 parenti,

264 2290 362 2324 hanc
407 2290 570 2324 omnium
594 2290 741 2323 urbium
771 2290 932 2334 reginam
957 2287 1138 2328 traderet,
1162 2290 1198 2319 et
1221 2284 1293 2318 huc
1316 2294 1431 2329 usque
1456 2284 1572 2317 iustus
1597 2281 1708 2315 iudex

264 2336 336 2370 hoc
361 2338 395 2370 ei
418 2338 613 2382 imperium
644 2348 710 2382 pro
737 2346 885 2370 munere
915 2340 1090 2369 servaret:
1123 2339 1165 2367 ut
1195 2330 1363 2365 omnibus
1398 2329 1469 2364 hoc
1501 2341 1522 2363 a
1558 2329 1708 2363 domino

264 2384 369 2425 Deo,
404 2395 479 2417 non
512 2383 557 2417 ab
590 2383 738 2418 homine
763 2384 899 2416 iactum
934 2383 1044 2427 plane
1069 2383 1261 2416 constaret.
1306 2378 1368 2412 Ait
1393 2377 1489 2410 enim
1514 2374 1709 2421 sapientis-

265 2432 378 2464 simus
405 2431 598 2466 Salomon:
628 2432 813 2475 „Tempus
841 2430 974 2475 cuique
999 2430 1052 2463 rei
1077 2427 1146 2461 sub
1173 2427 1296 2460 coelo:
1334 2431 1372 2460 et
1397 2425 1518 2458 omnia
1544 2423 1640 2458 bona
1667 2423 1708 2456 in

263 2484 428 2523 tempore
463 2490 540 2511 suo.
590 2479 750 2522 Tempus
784 2476 916 2518 flendi,
940 2481 977 2509 et
1005 2481 1147 2520 tempus
1173 2472 1364 2507 laetandi.”
1421 2472 1481 2505 Sic
1506 2468 1706 2516 aliquando

265 2531 304 2559 et
319 2525 502 2559 Christus:
530 2525 723 2567 „Nondum
741 2524 842 2558 venit
855 2524 944 2557 hora
964 2523 1075 2557 mea.''
1111 2523 1159 2555 Et
1177 2521 1285 2555 alibi:
1313 2518 1454 2560 „Pacem
1479 2517 1582 2551 venit
1603 2516 1706 2555 hora,

266 2578 305 2606 et
328 2583 432 2610 nune
466 2577 545 2613 est,
575 2577 617 2605 ut
647 2572 865 2606 clarificetur
891 2571 989 2604 filius
1015 2575 1098 2603 tuus
1112 2570 1144 2602 :”
1173 2568 1368 2612 statimque
1392 2570 1542 2612 paterna
1567 2574 1639 2596 vox
1659 2561 1706 2595 ad

263 2619 403 2653 filium:
431 2620 504 2660 „Et
531 2618 736 2660 clarificavi,
763 2619 944 2652 etiterum
962 2615 1200 2651 clarificabo?
1249 2614 1418 2647 Etiamin
1440 2611 1625 2656 evaugelio
1642 2610 1706 2641 le-

265 2668 403 2712 gimus,
438 2666 566 2700 Ioanni
592 2665 736 2699 Christo
760 2670 883 2699 nostro
909 2665 955 2698 ad
979 2664 1171 2698 Iordanem
1198 2661 1350 2695 dicenti:
1375 2661 1474 2703 „Ego
1492 2670 1512 2691 a
1529 2664 1564 2691 te
1582 2656 1705 2699 bapti-

264 2715 338 2747 zari
364 2713 492 2753 debeo,
522 2718 559 2747 et
576 2717 616 2747 tu
635 2714 737 2747 venis
762 2713 808 2746 ad
825 2712 930 2746 me?''
954 2710 1184 2757 respondisse
1209 2708 1410 2741 Christum:
1433 2705 1546 2747 „Sine
1574 2702 1703 2736 modo:

265 2764 316 2796 sic
340 2760 438 2794 enim
456 2759 560 2796 decet
574 2771 640 2797 nos
653 2761 806 2807 implere
823 2770 966 2797 omnem
991 2752 1200 2795 iustitiam.’'’
1227 2754 1345 2790 Verba
1368 2755 1433 2788 illa
1455 2751 1559 2796 „sine
1575 2745 1705 2785 modo*
