1794 3158
354 140 426 205 42
439 159 467 192 2
869 153 1290 196 ANNOTATloNEs

345 268 576 315 peratorum
587 257 1122 310 constantinopolitanorum
1142 256 1325 296 barbaris
1343 255 1589 311 principibus
1609 255 1782 310 despon-

344 331 407 356 sas
435 318 598 365 attinet,
631 321 760 367 potest
785 313 825 351 id
853 311 989 351 multis
1036 311 1224 365 exemplis
1254 313 1432 365 probari.
1491 312 1626 351 Pauca
1657 325 1783 365 appo-

344 386 452 411 nam.
509 368 759 422 Theophilus
781 367 921 406 Alexio
950 367 1093 406 Masoli
1123 368 1314 406 Armenio
1345 366 1467 405 filiam
1504 374 1671 420 nuptam
1709 367 1782 406 de-

344 428 420 466 dit.
480 424 652 464 Michael
682 422 886 475 Paphlago
910 423 1124 461 Pancratio
1141 452 1152 472 ,
1169 422 1367 475 Abasgiae
1398 422 1582 475 principi,
1609 429 1783 475 neptem.

344 484 520 520 Zonaras
552 481 589 518 5.
620 478 766 516 Annal.
798 477 990 516 Similiter
1019 486 1178 531 neptem
1207 477 1368 516 Alexius
1399 477 1628 516 comnenus
1657 477 1784 516 thano

341 537 529 577 barbam.
583 535 741 573 Nicetas
779 532 848 576 lib.
865 534 901 572 3.
929 547 1075 585 cap.2.
1145 533 1256 571 Idem
1294 534 1336 570 in
1377 531 1574 571 Balduino
1615 539 1786 571 testatur

342 591 592 636 Eudociam‚
624 588 750 626 Alexii
778 587 922 636 filiam,
954 589 1168 640 Stephano,
1198 586 1469 626 Triballorum
1493 587 1678 640 principi,
1708 601 1787 626 nu-

342 648 480 699 psisse.
509 645 571 682 De
587 643 1044 694 Simonide‚Andronici
1073 644 1236 684 senioris
1265 642 1360 693 filia,
1389 656 1411 680 a
1431 641 1635 695 Stephano
1655 641 1786 690 Crale,

345 699 618 739 Triballorum
650 700 829 751 principe
851 728 862 748 ,
908 699 1028 737 ducta
1058 701 1139 738 iam
1167 698 1326 740 audisti.
1385 698 1556 750 Ipsemet
1583 696 1789 736 Androni-

343 770 414 794 cus
442 757 574 793 minor
603 754 723 792 filiam
750 755 921 792 Mariam
949 754 1060 792 dabit
1084 756 1166 807 regi
1187 755 1414 792 Moesorum
1430 781 1441 802 ,
1471 760 1517 792 ut
1543 752 1614 791 lib.
1639 766 1676 795 2.
1691 765 1786 792 nar-

342 811 514 850 rabitur.
543 810 672 848 Huius
700 808 900 847 affinitatis
927 809 1227 863 coniungendae
1256 822 1374 847 causa
1398 814 1526 846 metus
1553 807 1655 855 fuit,
1677 808 1786 860 quod

343 881 418 904 nec
448 866 748 903 Cantacuzenus
775 863 1029 902 dissimulat:
1056 879 1177 917 quam
1208 864 1261 903 ob
1290 877 1450 902 causam
1482 869 1521 901 et
1548 861 1632 915 ipse
1651 862 1787 902 Theo-

344 921 485 960 doram
531 920 656 958 filiam
695 919 875 958 Orchani
906 920 1130 958 ‘furcarum
1169 920 1336 972 principi
1363 918 1581 957 coniunxit.
1609 930 1785 958 porram.

454 975 556 1026 Pag,
575 973 664 1026 189,
679 974 719 1014 6.
749 973 795 1012 ἐκ
822 973 906 1012 τῶν
936 972 1076 1013 αὕτῶν
1104 974 1280 1012 Σκυθῶν
1307 975 1368 1012 Μ.

455 1030 557 1081 Pag.
576 1043 663 1082 190,
681 1044 721 1082 7.
750 1039 796 1068 et
822 1030 919 1067 alii
949 1030 1107 1068 iuxta
1139 1029 1437 1068 tendebant.
1492 1027 1612 1082 Apud
1637 1029 1786 1068 Roma-

344 1097 419 1123 nos
446 1092 603 1137 praeter
634 1083 780 1123 milites
821 1083 898 1122 alia
932 1083 1059 1123 multa
1094 1084 1306 1122 hominum
1349 1097 1494 1136 genera
1521 1083 1788 1136 legebantur,

342 1141 410 1191 qui
441 1140 505 1179 vel
536 1139 719 1177 militiam
745 1140 1003 1177 honestarent
1021 1169 1031 1186 ,
1067 1138 1132 1178 vel
1173 1138 1367 1177 militibus
1412 1138 1684 1178 ministrarent
1702 1168 1714 1189 ,
1741 1146 1789 1177 ut

343 1208 549 1234 armorum
590 1194 945 1247 machinarumque
979 1194 1137 1246 opifices
1165 1202 1205 1233 et
1231 1193 1335 1232 fabri
1360 1223 1372 1244 ,
1408 1195 1586 1241 accensi,
1617 1193 1788 1241 cornici·-

343 1263 442 1297 nes,
485 1249 685 1288 tubicines
726 1257 804 1288 etc.
822 1278 833 1298 ,
882 1250 1150 1301 sequebantur
1192 1249 1286 1287 item
1316 1262 1503 1301 agasones
1525 1278 1541 1300 ,
1566 1248 1786 1301 muliones,

344 1304 504 1343 calones
523 1334 534 1354 ,
565 1304 667 1343 lixae
696 1312 735 1343 et
762 1303 904 1356 reliqui
935 1304 1110 1342 militum
1137 1303 1324 1343 ministri.
1357 1317 1534 1344 ΡΟΝΤΑΝ.

454 1360 558 1411 Pag.
585 1359 731 1413 191,6.
762 1357 976 1409 εὖρεθοῖεν
1005 1360 1061 1399 Μ.

455 1414 558 1466 Pag.
578 1428 670 1467 19¹,
688 1428 746 1468 ¹7·
776 1412 1026 1463 συνέχαιρον
1059 1414 1116 1454 Μ.
1145 1427 1226 1465 mg.
1610 1446 1614 1448 ,

458 1469 752 1522 Pag.191,2o.
781 1468 852 1507 ad
885 1468 1136 1507 Tantzam
1152 1469 1415 1520 fluvium.
1474 1467 1523 1506 In
1550 1470 1703 1509 Graeco
1730 1477 1791 1509 est

345 1519 489 1573 ντζάν,
521 1531 708 1576 corrupte
736 1525 888 1576 utique,
920 1536 993 1575 pro
1022 1522 1221 1571 τοῦντζαν
1240 1551 1252 1572 ,
1278 1530 1317 1561 et
1338 1524 1371 1560 is
1402 1521 1549 1562 fluvius
1583 1525 1786 1565 Matitzam

345 1579 431 1617 sive
458 1579 672 1617 Mariscam
694 1608 706 1628 ,
749 1578 846 1617 olim
876 1578 1057 1616 Hebrum
1076 1606 1087 1627 ,
1116 1577 1311 1617 illabitur.
1368 1577 1414 1615 In
1446 1578 1666 1619 Romaniae
1704 1583 1789 1619 sive

345 1632 543 1672 Thraciae
571 1633 709 1672 tabula
733 1635 839 1673 tertii
863 1632 1124 1671 additamenti
1145 1633 1293 1672 theatri
1314 1631 1511 1671 Orteliani
1533 1634 1787 1676 describitur.

343 1700 517 1727 PONTAN.
574 1685 650 1740 τὴν
677 1688 898 1740 λεγομένην
927 1689 983 1728 Μ.
1018 1702 1125 1740 supr.
1157 1687 1230 1726 lin.

453 1743 664 1796 Pag.193,
687 1757 719 1781 1.
751 1757 912 1797 neque
953 1744 1092 1797 ipsos
1126 1757 1255 1791 esse,
1293 1757 1454 1797 neque
1493 1743 1590 1782 hac
1631 1744 1692 1783 de
1717 1759 1788 1784 re.

344 1797 492 1847 Quid?
537 1800 783 1837 mentiturae
811 1798 1054 1849 imperator?
1096 1797 1174 1836 Sed
1209 1798 1301 1850 quia
1339 1798 1600 1851 Adrianopoli
1642 1799 1788 1839 milites

342 1853 438 1892 novi
468 1860 738 1901 accesserant,
771 1868 815 1892 ex
845 1860 958 1905 parte
986 1867 1127 1892 verum
1157 1861 1240 1892 est:
1279 1852 1337 1891 illi
1367 1854 1472 1891 enim
1493 1867 1650 1907 pugnae
1677 1854 1784 1893 haud

344 1907 557 1948 affuerunt.
600 1909 754 1947 Tamen
783 1909 1009 1948 audierunt.
1050 1909 1142 1958 Quo
1170 1909 1290 1962 igitur
1316 1908 1482 1947 artificio
1503 1910 1785 1962 imperatorem

343 1976 367 2000 a
393 1963 590 2001 mendacii
612 1962 727 2016 culpa
756 1962 1055 2002 excusabimus?
1085 1965 1150 2002 An
1179 1963 1361 2002 barbaris
1387 1970 1470 2001 non
1502 1971 1563 2002 est
1589 1965 1785 2004 servanda

342 2017 465 2068 fides,
497 2032 570 2056 nec
599 2018 767 2057 dicenda
792 2019 972 2058 veritas?
999 2017 1110 2057 dolus
1137 2033 1191 2057 an
1209 2019 1355 2068 virtus,
1386 2019 1471 2071 quis
1507 2019 1552 2057 in
1583 2019 1688 2058 hoste
1721 2034 1786 2058 re-

341 2073 475 2125 quirat
493 2075 513 2110 ,⁹
541 2073 644 2112 Vide
672 2073 770 2127 quid
803 2075 847 2111 in
875 2072 1060 2111 eumdem
1092 2073 1225 2113 locum
1255 2074 1299 2111 in
1332 2071 1524 2126 symbolis
1554 2073 1785 2128 Virgilianis

341 2125 595 2166 attulerimus
624 2142 665 2167 2.
699 2127 864 2167 Aeneid.
896 2141 1065 2167 PONTAN.

455 2180 744 2235 Pag.193‚24.
774 2183 926 2222 nulla
955 2183 1147 2220 relicta
1179 2182 1370 2221 sobole.
1434 2182 1597 2236 Peperit
1621 2190 1783 2237 tamen,

341 2233 411 2273 sed
438 2231 742 2290 ὄκταμηναῖον,
771 2239 842 2291 qui
870 2238 1005 2276 statim
1037 2237 1161 2277 obiit:
1192 2251 1312 2291 supra
1327 2251 1415 2290 cap.
1429 2235 1497 2289 24.
1522 2251 1699 2279 romnu-

455 2289 558 2342 Pag.
582 2291 671 2345 194,
691 2307 731 2331 2.
750 2292 834 2344 τῆς
861 2291 905 2338 ἐς
932 2293 991 2330 Μ.

451 2344 663 2400 Pag.194,
687 2346 746 2398 14.
779 2347 826 2386 δὲ
853 2349 910 2386 Μ.
941 2361 1022 2399 mg.

452 2399 557 2451 Pag.
577 2401 667 2453 194,
685 2416 746 2455 19.
768 2398 921 2450 δόξειεν
953 2403 1011 2441 Μ.

452 2452 746 2508 Pag.194,21.
778 2457 1090 2496 Latinorum
1126 2458 1313 2508 lingua
1352 2455 1554 2497 Conton.
1593 2456 1778 2496 Latinam

339 2506 518 2560 linguam
546 2509 610 2547 hic
640 2510 813 2564 intellige
854 2511 1061 2558 Italicam,
1104 2513 1206 2550 sicut
1243 2511 1363 2550 Italos
1405 2519 1446 2550 et
1482 2511 1580 2551 alios
1610 2511 1779 2564 populos

339 2569 498 2614 praeter
536 2564 708 2604 Graecos
727 2595 737 2612 ,
785 2567 961 2606 Latinos.
1018 2566 1122 2605 Nam
1166 2567 1328 2605 Latinos
1371 2565 1568 2605 vocabant
1611 2566 1778 2619 populos

339 2630 479 2655 omnes
510 2618 561 2656 ad
597 2620 807 2670 imperium
842 2628 881 2660 et
913 2621 1118 2660 ecclesiam
1157 2622 1307 2660 Romae
1337 2621 1480 2660 veteris
1508 2622 1774 2673 pertinentes,

340 2671 450 2722 quod
493 2679 532 2710 et
570 2681 685 2712 antea
728 2678 890 2724 monui,
934 2691 1026 2715 cum
1063 2676 1138 2714 sibi
1171 2674 1475 2728 appellationem
1504 2677 1776 2716 Romanorum

338 2732 546 2780 tamquam
572 2729 773 2781 propriam
804 2731 1122 2783 peculiaremque
1164 2731 1428 2773 vindicarent.
1470 2731 1594 2770 Conto
1629 2745 1674 2769 ex
1703 2745 1771 2769 co-
