1800 3164
307 173 326 208 1
340 153 414 209 36
843 173 1214 216 CANTAcUzENJ

92 277 287 317 A.c.·350
302 274 483 327 δύναμιν
525 274 776 329 α’ναλαβιὸν,
839 274 948 329 ἔχων
987 276 1059 317 καί
1104 277 1281 330 βασιλέα
1322 275 1394 318 τὸν
1431 277 1626 331 γαμβρὸν
1661 292 1740 319 συ-

261 340 645 397 Βστρατευόμενον,
695 341 995 394 ἐπεστράτευσε
1037 345 1077 383 Γ
1076 342 1418 399 υναικοκάστρῳ,
1466 339 1490 382 ὃ
1529 339 1739 396 φρούριόν

296 408 384 449 ἐστι
441 405 755 461 καρτερώτατον
807 405 889 448 ὑπὸ
943 410 1150 461 βασιλέως
1186 409 1460 462 Ἀνδρονίκου
1516 408 1594 448 τοῦ
1639 408 1736 448 νέου

295 475 569 528 οἰκοδομηθὲν
623 472 770 520 αὐταῖς
821 480 1045 528 κρηπῖσιν,
1102 473 1262 528 ἡμέρας
1316 471 1416 536 ὁδοῦ
1450 475 1578 527 μῆκος
1616 470 1736 514 ἔλατ-

293 555 365 581 τον
393 535 625 594 ἀφεστηκὸς
661 539 978 595 Θεσσαλονίκης.
1026 538 1159 598 εἴχετο
1189 540 1235 581 δὲ
1263 538 1343 581 ὑπὸ
1380 540 1600 595 Τριβαλῶν
1628 536 1774 591 perdi<

292 607 374 647 τῶν
403 600 540 645 ἄλλων
579 602 680 645 αὐτὸ
717 602 905 647 ἑλόντων.
961 606 1038 647 οὐκ
1077 607 1197 659 ὀλίγα
1228 621 1271 648 τε
1310 604 1490 659 ἔβλαπτε
1522 605 1735 646 Θεσσαλο-

292 671 436 724 νίκην,
473 668 673 724 στρατιὰν
705 668 749 711 ἔκ
777 686 821 711 τε
845 671 1066 724 Ῥωμαίων
1109 673 1191 714 τῶν
1228 672 1629 727 προσκεχωρηκότων
1666 668 1740 712 καὶ
1768 693 1777 696 r

299 736 518 789 Τριβαλῶν
546 733 643 788 ἔχον
679 737 1047 791 ἐγκαθιδρυμένην,
1132 739 1287 787 Βὲλκος
1332 739 1379 779 δὲ
1425 734 1446 778 ὅ
1483 739 1560 779 τοῦ
1598 750 1736 792 φρου-

294 802 389 855 ρίου
420 795 586 855 ἅρχων,
617 798 673 851 ὦς
704 798 884 843 ἐπύθετο
915 803 1093 855 βασιλέα
1125 802 1324 857 ἐπιόντα,
1351 807 1444 854 Ῐτοῖς
1484 798 1624 851 ὅπλοις
1651 802 1743 842 δεί-’

252 877 372 915 coac
398 864 457 920 μὴ
492 866 591 924 ἁλῷ,
620 869 788 921 πέμψας
817 869 1087 923 ἐπηγγέλλετο
1120 875 1382 925 προσχωρεῖν
1404 865 1520 911 ἑκών.
1557 868 1734 916 πίστεως
1753 883 1800 912 ro

292 934 340 975 δὲ
368 934 488 974 ἓνεκα
518 934 590 975 καί
619 933 669 974 τὰ
708 935 752 975 ἐν
779 933 947 983 κόλποις
975 931 1074 988 ἅγια
1108 938 1329 990 παρείχετο
1350 968 1361 989 ,
1412 931 1563 989 ὅρκους
1587 948 1737 990 μονον-

291 997 342 1040 οὐ
383 999 491 1053 ὑπὲρ
533 1001 611 1040 τοῦ
648 999 692 1041 τὸ
726 1000 931 1055 φρούριον
973 1001 1224 1056 ἐγχειρίσειν
1263 1000 1557 1057 παρεχόμενος.
1611 1002 1736 1052 βασι-

289 1068 360 1106 λεῖ
381 1080 428 1105 τε
456 1063 593 1106 ἐδόκει
623 1067 839 1118 βέλτιστον
867 1064 911 1107 τὸ
959 1066 1164 1121 φρούριον
1191 1066 1303 1120 ἔχειν
1342 1063 1444 1109 ἄνευ
1485 1063 1622 1122 φόνων
1665 1066 1739 1106 καί
1790 1101 1797 1109 .

287 1127 512 1172 κινδύνων·
555 1132 720 1173 ἐκέλευέ
762 1147 808 1173 τε
848 1134 1006 1179 Βέλκον
1056 1130 1172 1187 ἥκειν
1214 1135 1313 1194 παρ’
1355 1131 1501 1174 αιῖτόν.
1558 1132 1653 1175 ἐπεὶ
1690 1133 1794 1192 δὲ’-

285 1190 359 1250 ἧκε
391 1194 497 1252 πρὸς
526 1196 572 1238 τὸ
603 1195 885 1249 στρατόπεδον
922 1196 1023 1253 πρὸς
1063 1199 1264 1252 βασιλέα,
1307 1194 1459 1253 ὅρκους
1485 1199 1562 1250 μὲν
1590 1195 1736 1253 παρεί-
1755 1201 1800 1244 ¹5

286 1276 386 1316 χετο
415 1263 486 1304 ἐπὶ
518 1264 576 1318 τῷ
602 1266 774 1316 βασιλεῖ
802 1279 845 1305 τε
892 1263 1021 1306 αὐτὸν
1049 1269 1313 1320 προσχωρεῖν
1352 1265 1424 1305 καί
1454 1263 1501 1305 τὸ
1537 1260 1743 1320 φρούριον

291 1327 589 1383 παραδιδόναι·
647 1330 782 1370 ἐδεῖτο
826 1331 873 1371 δὲ
911 1327 970 1384 μὴ
1007 1329 1054 1371 τὸ
1096 1332 1173 1372 νῦν
1205 1328 1302 1383 ἔχον
1340 1325 1526 1384 ἢαῦτὸν
1552 1331 1740 1381 εἰσιέναι,
1780 1385 1784 1388 ⁴

291 1389 321 1447 ἢ
349 1392 541 1450 φρουρὰν
568 1393 763 1448 εἰσάγειν·
818 1396 893 1449 τήν
931 1411 975 1436 τε
1009 1394 1088 1450 γάρ
1123 1395 1272 1437 οὐσίαν
1303 1397 1416 1452 αὐτῷ
1443 1398 1638 1450 πλείστην
1667 1389 1743 1435 οὖ-

292 1475 373 1500 σαν
413 1461 486 1499 καί
523 1461 872 1515 διεσκεδασμένην
906 1462 1156 1502 α’πολεῖσθαι
1184 1460 1266 1502 ὑπὸ
1308 1464 1527 1515 Τριβαλῶν
1559 1463 1741 1514 ὃιαρπα·

292 1527 484 1577 σθεῖσαν,
521 1524 593 1564 καί
618 1523 717 1573 τούς
747 1532 955 1579 συγγενεῖς
997 1528 1112 1583 αύτῷ
1144 1526 1215 1567 καί
1241 1528 1416 1574 οἰκείους
1458 1526 1636 1580 Κράλην
1664 1521 1740 1581 ἄρ·
1753 1544 1800 1571 20

246 1591 368 1644 Βδην
398 1592 645 1646 διαφθερεῖν
673 1589 743 1632 ὃιοὶ
772 1590 847 1645 την
875 1589 978 1645 πρὸς
1012 1590 1141 1632 αὐτὸν
1172 1591 1422 1644 ἀπέχθειαν·
1481 1589 1589 1632 ἀλλὰ
1621 1606 1741 1645 περι-

288 1654 491 1708 μείναντα
528 1655 689 1711 ἦμέρας
722 1658 1043 1710 πεντεκαίδεκα,
1092 1651 1218 1711 ἄχρις
1266 1652 1318 1698 ἂν
1356 1657 1532 1705 οἰκείους
1579 1672 1625 1697 τε
1669 1657 1744 1698 καὶ

288 1718 491 1774 χρήματα
518 1723 860 1776 μεταπέμψηται,
912 1719 1022 1763 οὕτω
1053 1719 1098 1763 τὸ
1139 1721 1346 1777 φρούριον
1374 1720 1736 1778 παραλαμβάνειν.

290 1786 456 1835 τούτοις
478 1787 555 1838 μὲν
573 1782 684 1828 οὖνὸ
708 1785 908 1841 βασιλεύς
925 1789 1132 1841 πεισθείς,
1158 1787 1231 1828 καί
1247 1785 1397 1843 ὅρκους
1427 1789 1499 1829 ἐπὶ
1524 1793 1609 1836 τοῖς
1627 1788 1742 1842 εἰρη-

291 1853 433 1905 μένοις
461 1852 619 1894 ἑκείνου
648 1854 997 1908 παρασχομένου,
1030 1853 1282 1910 ἀνέστρεφεν
1319 1855 1378 1902 εἰς
1422 1854 1738 1908 Θεσσαλονίκην.
1751 1850 1800 1892 25

294 2000 393 2032 socio
420 1999 745 2043 Gynaecocastrum
771 2001 862 2035 abit.
911 2001 1107 2034 Castellum
1125 2006 1180 2034 est
1204 2001 1502 2042 munitissimum,
1526 2002 1572 2036 ab
1597 2000 1739 2035 Andro-

293 2046 378 2078 nico
416 2047 561 2079 iuniore
594 2047 811 2091 imperatore
846 2048 890 2082 ab
916 2049 1004 2092 ipsis
1034 2047 1279 2082 fundamentis
1306 2048 1600 2089 exaedificatum,
1631 2049 1739 2080 unius

293 2102 409 2137 paene
438 2092 514 2125 diei
542 2094 674 2127 itinere
693 2094 950 2128 Thessalonica
970 2095 1116 2127 distans.
1167 2095 1206 2127 Id
1231 2107 1308 2128 cum
1335 2095 1416 2128 aliis
1444 2101 1586 2139 captum
1609 2105 1629 2126 a
1654 2094 1740 2128 Tri-

293 2139 403 2171 ballis
427 2139 646 2180 tenebatur,
673 2146 710 2173 et
730 2142 843 2174 exiis
881 2146 990 2187 atque
1019 2151 1037 2174 e
1074 2141 1239 2174 Romanis
1274 2142 1452 2175 dedititiis
1486 2141 1739 2186 praesidiarios

293 2185 463 2218 habebat.
514 2186 643 2219 Bessus
657 2187 872 2230 praefectus,
898 2188 1054 2221 adventu
1084 2188 1310 2232 imperatoris
1336 2189 1494 2232 cognite,
1523 2192 1668 2228 timens,
1691 2198 1739 2220 ne

292 2234 329 2266 vi
355 2236 563 2275 caperetur,
596 2243 661 2275 per
686 2235 856 2267 nuntium
883 2239 1010 2276 sponte
1039 2233 1086 2267 ad
1119 2246 1199 2268 eum
1222 2245 1259 2266 se
1295 2237 1530 2269 transiturum
1558 2235 1736 2280 promisit.

294 2279 402 2312 Fidei
428 2283 548 2311 autem
572 2278 761 2312 faciendae
796 2287 833 2314 et
865 2291 954 2326 quas
993 2280 1037 2313 de
1075 2282 1168 2314 collo
1197 2291 1387 2325 suspensas
1423 2283 1593 2327 gestabat&
1622 2292 1737 2315 sacras

294 2325 469 2369 reliquias
499 2324 649 2358 adiecit:
675 2332 717 2359 et
736 2332 875 2360 tantum
901 2337 975 2359 non
1001 2328 1151 2368 iuravit,
1191 2329 1374 2361 castellum
1404 2339 1482 2362 sese
1507 2327 1737 2366 traditurum,

294 2373 496 2415 Imperator
526 2373 706 2416 optimum
734 2374 812 2407 fore
847 2380 969 2413 ratus,
1008 2375 1119 2407 nullis
1153 2374 1451 2408 dimicationibus
1488 2386 1528 2408 ac
1566 2374 1737 2408 caedibus

295 2418 335 2452 id
362 2419 545 2461 recipere,
574 2419 723 2452 Bessum
752 2422 912 2456 accersit.
963 2421 1009 2454 Ut
1041 2423 1080 2454 in
1113 2427 1227 2454 castra
1252 2422 1372 2462 venit,
1390 2428 1626 2456 sacramento
1652 2421 1737 2466 qui-

296 2465 376 2498 dem
404 2466 615 2506 confirmat,
641 2465 687 2499 ad
712 2476 793 2499 eum
821 2477 858 2499 se
886 2468 1038 2500 deficere
1075 2469 1334 2513 castellumque
1369 2468 1525 2502 dedere:
1570 2473 1738 2514 precatur

294 2516 428 2550 tamen,
456 2521 502 2544 ne
528 2510 566 2543 in
595 2523 764 2556 praesens
790 2519 853 2546 aut
877 2514 955 2558 ipse
981 2515 1216 2558 ingrediatur,
1243 2520 1305 2547 aut
1326 2517 1546 2558 praesidium
1566 2515 1737 2549 inducat:

296 2570 377 2591 suas
405 2559 499 2590 enim
527 2559 716 2592 facultates
754 2565 790 2593 et
831 2561 1004 2593 maximas
1051 2567 1087 2594 ct
1111 2562 1199 2594 locis
1226 2563 1420 2595 disiunctas
1446 2563 1619 2596 Triballis
1644 2561 1738 2594 ‹liri-

296 2604 484 2650 pieutibus
510 2606 745 2639 amissurum:
774 2612 812 2640 et
836 2607 977 2641 Cralem
1005 2607 1088 2640 odio
1114 2608 1312 2648 incensum,
1340 2615 1508 2653 cognatos
1534 2615 1644 2655 atque
1671 2608 1737 2640 do-

296 2652 462 2685 mesticos
488 2662 572 2684 suos
603 2653 768 2686 funditus
796 2654 1044 2698 perditurum:
1083 2655 1146 2687 sed
1181 2661 1387 2699 exspectato
1424 2655 1484 2688 die
1512 2656 1641 2701 quinto
1670 2655 1737 2688 de-

297 2700 413 2737 cimo,
449 2698 564 2732 donec
599 2700 849 2744 proquinquos
884 2706 920 2734 et
945 2712 1030 2746 opes
1054 2712 1134 2734 suas
1161 2702 1368 2746 collegerit,
1399 2703 1451 2735 sic
1475 2703 1618 2736 demum
1641 2701 1738 2734 illud

299 2750 460 2791 occupem
510 2745 574 2780 llis
601 2748 810 2792 imperator,
832 2747 1034 2782 iuramento
1061 2749 1272 2792 praesertim
1299 2749 1505 2791 accedente,
1533 2759 1741 2794 persuasus,
