1800 3164
507 165 884 210 HISTORIARUM
929 171 1000 212 lv.
1031 175 1099 216 10.
1445 156 1518 231 67

48 267 242 324 ,βάρων,
282 264 462 324 ἧμύνετο
499 270 648 325 πεζὸς,
691 273 767 314 καί
800 274 877 314 τοῦ
903 272 1075 327 πρώτως
1103 273 1225 329 ἐγγύς
1252 278 1523 331 γεγενημένου
1537 275 1624 310 A·C-
1643 275 1724 320 1347

70 333 147 389 τήν
174 334 361 392 κεφαλήν
393 336 574 389 ἀπέτεμε
614 339 673 395 τῷ
700 340 812 394 ξίφει
850 338 1093 394 ἐπιπλήξας.
1148 339 1186 382 οὶ
1217 343 1263 383 δὲ
1291 338 1412 384 ἄλλοι
1441 342 1525 384 δεί-

70 417 223 451 σαντες
247 399 496 457 ὑπεχώρουν
504 437 516 455 ,
547 402 620 445 καί
647 407 729 446 τῶν
762 406 924 447 οἰκείων
946 408 1215 461 στρατιωτῶν
1241 407 1366 450 ἵππον
1383 407 1526 464 ἕτερον

70 467 442 524 προσαγαγόντων,
488 470 658 525 α’παθὴς
711 486 755 512 τε
793 473 920 527 ἐπέβη
963 473 1036 514 καί
1074 471 1152 527 τήν
1191 474 1306 529 νίκην
1331 474 1526 529 καθαράν

29 533 464 590 δπροσεξειργάσατο.
519 535 671 578 αὐτίκα
718 552 764 578 τε
793 535 952 590 ἔπεμπε
989 536 1094 594 πρὸς
1124 541 1303 592 βασιλέα
1339 539 1410 583 τὸν
1438 558 1520 582 πα·

68 603 173 657 τέρα
200 598 298 649 τούς
325 599 402 657 την
430 604 544 656 νίκην
572 603 918 657 ἀπαγγελοῦντας.
958 602 1011 645 τοὶ
1042 603 1114 647 ἴσα
1147 608 1193 648 δὲ
1222 608 1295 648 καί
1322 607 1558 660 βασιλεὺςΒ

69 668 200 709 ἐποίει
231 667 334 722 πρὸς
362 666 435 709 τὸν
462 665 569 710 υἱόν.
624 670 698 710 καί
725 671 944 722 συνέβαινε
973 670 1070 719 τούς
1097 672 1296 726 ἀγγέλους
1323 675 1407 716 τῶν
1426 689 1521 729 τρο-

69 735 206 775 παίων
234 731 338 775 κατὰ
371 735 503 789 μέσην
529 732 605 789 τὴν
632 732 731 777 ὁδὸν
759 732 955 790 α’λληλοις
985 737 1192 794 ύπαντᾷν.
1247 738 1448 792 βασιλεὺς
1478 741 1526 781 δὲ

68 797 174 852 μετὰ
212 798 288 855 την
330 801 446 854 νίκην
487 802 534 841 ἐκ
566 800 770 856 ῙΙἸεσήνης
807 803 868 851 εἰς
899 800 1209 857 Διδυμότειχον
1235 804 1377 846 ἐλθών
1398 838 1409 859 ,
1438 803 1524 847 ἐνό-

0 875 56 908 (Ιο
68 882 170 920 σησε
196 866 293 915 τούς
320 865 503 922 νεφρούς
529 867 598 921 ἐφ’
619 866 839 923 ὗλόκληρον
867 867 1083 922 ἐνιαυτὸν,
1112 869 1246 910 καίτοι
1274 870 1390 926 παρὰ
1422 872 1526 914 πάν-

68 949 120 973 τα
150 930 223 974 τὸν
250 933 343 986 βίον
372 930 475 988 ἄχρι
495 931 589 974 τότε
606 935 813 988 μηδέποτε
832 937 965 990 μηδὲν
990 932 1162 990 χρόνιον
1182 936 1361 991 νοσήσας
1380 970 1391 990 ,
1421 937 1526 980 α’λλὰ

68 999 173 1040 κατὰ
202 1000 395 1054 περίοδον
430 999 577 1054 ὀγδόου
607 996 635 1056 ἢ
663 998 846 1055 ἑβδόμου
887 1003 1085 1043 ἐνιαυτοῦ
1113 1001 1197 1042 ὑπὸ
1227 1003 1416 1059 τριταίου
1445 1022 1525 1045 πυ-

67 1068 196 1121 ρετοῦ
227 1063 478 1120 ὄχλούμενος
497 1101 510 1120 ,
547 1063 651 1122 ἄχρι
680 1069 824 1123 τρίτης
850 1070 1049 1124 περιόδου
1083 1066 1234 1110 αὖτίκα
1263 1068 1524 1124 α’πηλλιέττε-

66 1147 130 1174 το.
187 1132 278 1175 τότε
307 1135 354 1176 δὲ
375 1132 446 1175 καί
473 1133 553 1188 πρὸ
581 1136 654 1190 τῆς
681 1132 823 1190 μάχης
852 1136 938 1177 τῶν
963 1136 1133 1191 νεφρῶν
1162 1136 1279 1191 αὐτῷ
1307 1137 1523 1189 ὀδυνωμέ-

0 1198 168 1250 fi5vwv,
217 1199 322 1253 μετὰ
361 1199 434 1254 τὴν
465 1199 610 1256 μάχην
648 1200 782 1250 εὐθὺς
823 1202 1006 1243 ἐπέκειτο
1036 1202 1239 1256 λαμπρῶς
1268 1199 1315 1243 τὸ
1346 1201 1564 1256 νόσημα.(1

16 1262 22 1273 “
66 1264 200 1308 ἐδόκει
247 1267 294 1308 δὲ
337 1267 412 1308 καί
448 1266 576 1316 αὐτὸς
617 1270 757 1309 αἰτίαν
789 1263 1026 1324 παρασχεῖν
1064 1268 1172 1323 πρὸς
1198 1266 1246 1309 τὸ
1277 1263 1445 1323 ἄλγημα
1473 1269 1528 1308 ου’

66 1331 140 1386 τήν
180 1335 407 1386 τυχοῦσαν.
464 1333 570 1374 κατὰ
610 1332 691 1388 γὰρ
733 1333 809 1388 τὴν
857 1334 998 1389 μάχην
1029 1335 1166 1392 πολλῷ
1205 1330 1526 1389 περιᾷῥεόμενος

65 1397 216 1453 ἱδρῶτι
260 1401 307 1441 ἐκ
343 1400 421 1441 τοῦ
460 1398 566 1441 κατοὶ
606 1399 680 1442 τὸν
717 1400 861 1455 ἀγῶνα
889 1401 1086 1454 μόχθου,
1130 1400 1267 1450 ἄλλως
1294 1397 1421 1442 θέὸτι
1451 1400 1528 1442 καί

64 1470 208 1519 πνῖγος
245 1461 298 1520 ἧν
337 1467 382 1507 ἐν
416 1468 572 1520 θέρους
610 1464 728 1525 ὥρᾳ,
777 1465 829 1508 τὰ
872 1464 977 1508 ὅπλα
1018 1468 1303 1520 ἀποθέμενος,
1355 1467 1526 1520 ἀνέμοις

0 1539 53 1572 20
65 1530 338 1586 ἐνετύγχανεν
365 1531 579 1588 εὕκράτοις
607 1534 682 1575 καί
710 1536 836 1576 πλέον
863 1529 889 1590 ἢ
917 1536 1099 1588 προσῆκε
1128 1531 1366 1587 ψύχουσιν,
1393 1535 1438 1583 ἐξ
1466 1528 1525 1575 ὧν

64 1596 332 1640 ὑπωπτεύετο
371 1600 418 1640 τὸ
463 1600 625 1654 νόσημα
668 1601 864 1644 ἐπιπλέον
905 1601 978 1656 τὴν
1018 1602 1154 1642 αἰτίαν
1193 1605 1327 1654 σχεῖν.
1386 1597 1526 1641 ἐνόσει

63 1665 142 1717 μὲν
171 1658 245 1707 οὖν
285 1663 307 1705 ὅ
336 1664 536 1718 βασιλεύς
563 1665 635 1708 καί
663 1667 822 1722 ἰατρῶν
853 1665 1015 1721 ἐξήρκει
1042 1668 1166 1721 τέχνη
1198 1667 1401 1719 οὐδεμία,
1431 1667 1525 1707 καί-

64 1745 131 1771 τοι
173 1746 219 1785 γε
247 1733 331 1772 τῶν
363 1731 545 1784 μάλιστα
583 1733 818 1786 εὐδοκιμεῖν
848 1730 1082 1774 δοκούντων
1120 1734 1281 1787 ἰατρῶν
1317 1734 1408 1773 ἐκεῖ
1441 1748 1522 1773 πα-

65 1794 249 1851 ρόντων,
282 1792 409 1851 ἄχρις
451 1799 519 1852 ἐφ’
542 1795 688 1852 ἑτέραν
717 1800 914 1839 ἐνιαυτοῦ
942 1797 1198 1852 περιτροπήν
1232 1798 1363 1852 ἐλύθη
1398 1799 1568 1841 αὐτο-Β

0 1858 231 1915 25μάτως,
273 1861 351 1917 τήν
382 1863 520 1905 αἰτίαν
549 1867 736 1907 συνιδεῖν
767 1866 853 1906 τῶν
882 1866 1040 1920 ἰατρῶν
1070 1863 1131 1919 μὴ
1162 1865 1452 1919 δυνηθέντων,
1478 1866 1523 1917 ἐξ

159 1975 191 1997 2.
215 1962 358 2006 πλήξας
384 1965 421 1999 Ρ.

64 2043 194 2089 pitans.
222 2044 314 2077 Tum
333 2045 444 2079 ceteri
461 2046 645 2079 terrefacti
665 2050 761 2079 retro
775 2046 904 2091 pedem
926 2045 1072 2086 referre,
1087 2046 1223 2080 milites
1247 2046 1359 2080 alium
1385 2057 1521 2092 equum

63 2090 246 2125 subiicere
264 2116 274 2132 ‚
324 2091 388 2125 ille
434 2093 718 2137 imperturbatus
764 2093 986 2127 adscendere
1030 2095 1292 2140 victoriamque
1337 2095 1521 2138 complere

65 2142 102 2172 et
125 2137 172 2171 ad
196 2143 384 2182 parentem
408 2140 581 2174 victoriae
607 2142 756 2174 nuntios
781 2142 881 2174 inico
908 2141 1063 2174 mittere.
1114 2140 1212 2173 ldem
1238 2152 1368 2185 parens
1408 2140 1453 2173 ad
1480 2142 1522 2174 ss-

64 2185 154 2218 lium
180 2185 320 2219 facere:
347 2187 565 2233 evenitque,
587 2189 726 2233 ut,qui
751 2189 921 2220 nuntium
949 2187 1206 2232 trophaeorum
1230 2188 1429 2232 portabant
1446 2213 1455 2226 ‚
1482 2190 1521 2221 in

63 2231 183 2266 media
208 2234 265 2266 via
290 2231 361 2266 sibi
387 2240 627 2267 occurrerent.
678 2236 878 2278 Imperator
905 2235 1022 2268 victor
1045 2235 1193 2269 Mesena
1221 2234 1521 2279 Didymotiehum

63 2279 274 2320 reveniens,
301 2290 345 2313 ex
370 2280 519 2314 renibus
545 2292 641 2315 anno
670 2281 810 2326 integro
837 2282 1037 2321 laboravit,
1074 2293 1152 2315 cum
1179 2287 1256 2315 tota
1291 2284 1368 2316 vita
1403 2292 1520 2326 usque

63 2325 173 2359 adid
203 2327 376 2370 temporis
409 2338 597 2374 nunquam
638 2335 884 2373 aegrotasset,
916 2329 980 2363 sed
1015 2329 1132 2363 octavi
1168 2334 1232 2361 aut
1260 2329 1405 2374 septimi
1433 2331 1519 2362 anni

0 2379 2 2430 ἶ
65 2372 218 2418 periodo
262 2374 419 2407 tertiana
459 2375 561 2409 febre
598 2382 809 2417 correptus,
849 2381 932 2423 post
978 2378 1122 2410 tertiam
1157 2378 1400 2410 accessionem
1436 2387 1520 2409 mox

0 2432 3 2467 μ
64 2419 351 2455 convalescebat.
403 2422 496 2455 Tum
522 2433 628 2464 vcro,
656 2433 735 2456 cum
760 2430 844 2457 ante
870 2434 1024 2468 pugnam
1051 2425 1155 2457 dolor
1182 2424 1360 2468 cepisset,
1391 2434 1522 2456 secun-

0 2497 3 2522 >
67 2465 153 2499 dum
180 2478 256 2500 eam
283 2468 404 2501 statim
439 2470 551 2502 crevit
578 2481 805 2514 magnopere.
855 2470 930 2503 Nec
954 2471 1069 2504 levem
1100 2471 1186 2505 huic
1210 2471 1434 2504 incremento
1461 2481 1522 2502 oc-

0 2531 3 2585 ι
67 2514 251 2548 casionem
276 2516 355 2559 ipse
380 2515 524 2550 dedisse
553 2518 648 2550 visus
674 2522 736 2551 est.
788 2518 829 2551 In
855 2530 1048 2564 congressu
1074 2518 1256 2563 siquidem
1284 2518 1330 2551 ob
1359 2517 1521 2550 laborem

67 2561 182 2595 multo
209 2562 340 2595 sudore
366 2573 515 2597 manans
541 2564 723 2610 undique,
753 2565 870 2598 calore
899 2567 1050 2611 insuper
1082 2566 1232 2599 aestatis
1267 2564 1523 2603 intolerabili,

0 2586 4 2654 Ι
69 2605 244 2652 depositis
271 2608 377 2642 armis
403 2611 590 2644 ventulum
615 2613 879 2657 captans‚plus
905 2624 1022 2659 aequo
1050 2625 1087 2647 se
1114 2613 1361 2658 refrigeravit,
1378 2624 1419 2644 ex
1450 2622 1523 2655 quo

69 2655 233 2688 morbum
260 2666 337 2690 esse
365 2659 695 2704 auctum,suspicio
722 2659 802 2693 suit.
854 2660 1074 2704 Aegrotabat
1102 2661 1235 2703 igitur,
1267 2669 1334 2692 uec
1360 2657 1522 2692 medico-

70 2710 169 2742 rum,
188 2713 407 2748 quamquam
433 2706 735 2747 clarissimorum,
762 2706 899 2740 auxilia
926 2707 1124 2753 quidquam
1152 2706 1391 2751 proficiebant
1410 2733 1421 2749 ‚
1456 2703 1520 2735 do-

71 2759 149 2790 nec,
174 2762 268 2785 anno
291 2757 468 2795 vertente,
491 2753 595 2788 dolor
624 2758 876 2789 evanesceret:
905 2765 971 2789 nec
999 2760 1200 2801 potueruut
1222 2755 1300 2795 illi,
1324 2753 1420 2786 unde
1450 2762 1519 2786 ce-
