1794 3158
357 167 432 207 An
474 165 847 221 μ(ιΑΝΤΑουηΝι
879 168 981 228 Lm.
1009 169 1063 209 ιι.
1324 151 1436 225 497

8 268 211 327 ς’·ηἰιίᾳιιίᾰ
233 269 283 309 de
305 282 388 309 uva
426 269 669 325 eoeprimitur
682 301 695 323 ,
720 285 798 312 non
826 271 982 319 hibera,-
1019 285 1119 312 uvas
1149 281 1321 312 recentes
1365 273 1442 311 sic—

9 329 148 379 ''szsque
179 336 258 364 non
288 325 494 365 comedent
518 325 663 365 cunctis
688 325 823 365 diebus
839 354 852 375 ,
892 327 1028 380 quibus
1058 340 1114 366 ex
1143 336 1234 366 voco
1265 327 1439 367 Domino

10 375 294 426 eonsecrantur.
356 379 562 435 Quidquid
586 394 639 419 ex
673 380 791 420 vinea
822 395 899 418 esse
932 390 1083 436 potest,
1127 382 1181 420 ab
1210 397 1290 421 uva
1315 395 1442 437 passa

6 444 131 488 *nsque
158 434 220 473 ad
242 436 413 483 acinum,
442 449 528 474 non
556 435 767 476 comedent.
827 436 949 474 Omni
981 445 1153 491 tempore
1179 439 1442 491 separationis

11 501 102 531 muse
136 491 334 529 novacula
367 504 445 529 non
474 489 658 530 transibit
684 503 766 544 per
789 499 905 545 caput
930 490 1012 530 eius
1043 506 1160 545 usque
1188 493 1246 531 ad
1268 491 1442 547 comple-

11 548 92 587 tum
111 543 228 594 diem,
249 559 324 609 quo
344 544 521 586 Domino
543 554 800 586 consecratur.
844 543 1012 584 Sanctus
1038 545 1113 585 eric
1132 557 1322 587 crescente
1350 561 1443 587 cae·-

10 597 121 637 sarie
145 600 286 653 capitis
314 598 396 638 eius
422 606 496 638 etc.
552 598 736 638 Nazaraei
766 598 926 638 fuerunt
956 600 1146 651 Samson,
1177 607 1224 640 ut
1249 603 1442 655 scriptum

9 659 70 708 cst
100 653 283 693 ludicum
315 668 400 707 cap.
436 654 496 697 13.
525 661 564 693 et
591 653 831 692 Rechabi’tae
849 653 919 692 filii
945 654 1147 706 Ionadab‚
1180 663 1342 709 nepotes
1371 657 1444 696 Re-

10 706 127 761 ehab,
159 708 381 750 Hieremiae
405 723 493 762 cap.
514 708 577 749 53.
612 708 717 747 Bene
747 716 881 747 autem
923 708 999 748 hoc
1030 709 1106 748 illis
1134 723 1278 750 nomen
1310 713 1443 764 impo-

10 761 152 813 nitur3
193 763 416 803 Nazaraeus
443 762 550 803 enim
579 771 694 802 sonat
721 764 863 802 Latine
899 773 1118 818 separatus,
1146 766 1441 822 sanctfficatus:

10 822 52 856 et
81 815 179 857 tales
206 819 381 858 Domino
409 826 641 872 separantur
666 819 1054 872 sanctificanturque.
1089 833 1258 859 PONTAN.

122 871 338 926 Pag.546,
359 888 399 927 7.
423 872 645 928 pietatis
684 874 1164 914 exercitationum.
1222 875 1345 927 Apud
1377 890 1445 916 sa·

16 940 103 966 cros
140 935 320 968 auctores
356 927 494 968 α’σκεῖν
539 938 600 969 est
629 928 753 966 vitam
784 935 960 967 sanctam
990 943 1035 968 ac
1066 929 1290 983 religiosam
1318 929 1443 984 profi-

11 980 101 1021 teri.
160 980 281 1022 Unde
329 976 500 1035 ἄσκησις
544 982 608 1022 vel
654 978 872 1035 α’σκητικὸς
912 980 1004 1034 βίος
1042 998 1116 1036 pro
1163 985 1231 1037 pio
1274 999 1319 1023 ac
1366 985 1443 1024 Dei

9 1035 137 1076 cultui
181 1038 311 1077 dicato
353 1047 471 1091 atque
519 1045 748 1077 consecrato
793 1038 898 1077 vitae
936 1052 1079 1091 genere
1121 1047 1335 1092 usurpatur
1358 1055 1369 1080 ε
1405 1045 1444 1079 et

11 1085 192 1144 α’σκητὴς
221 1090 410 1147 appellari
439 1091 551 1142 solet,
587 1092 655 1146 qui
685 1094 841 1145 pietatis
868 1092 1060 1132 colendae
1087 1093 1219 1132 studio
1245 1109 1286 1134 se
1312 1102 1443 1135 totum

12 1147 271 1200 mancipavit.
326 1151 381 1187 At
409 1163 638 1201 quanquam
656 1145 885 1187 huiusmodi
902 1161 976 1187 vox
1005 1148 1240 1201 plerumque
1268 1151 1315 1188 iis
1339 1150 1444 1188 dun·-

76 1208 117 1240 at
143 1203 359 1253 tribuatur,
384 1206 453 1256 qui
470 1203 520 1242 ad
541 1203 799 1242 monasticam
818 1204 943 1242 vitam
956 1217 998 1242 se
1027 1199 1296 1254 contulerunt,
1324 1205 1443 1256 (unde

34 1258 130 1295 tiam
159 1258 264 1311 apud
293 1258 481 1297 Basilium
508 1258 668 1311 regulae
699 1256 815 1307 illae,
855 1272 953 1310 quas
981 1258 1187 1297 monachis
1225 1259 1442 1310 sanciebat,

38 1308 65 1350 ἃ
95 1310 295 1364 α’σκητικά
325 1313 625 1362 inscribuntur‚)
658 1319 813 1350 certum
842 1319 900 1350 est
926 1319 1073 1361 tamen,
1110 1326 1197 1351 eam
1224 1312 1344 1352 latius
1371 1329 1443 1367 pa-

53 1379 95 1406 re
122 1374 242 1420 atque
274 1367 324 1406 ad
366 1382 432 1407 eos
459 1380 597 1407 omnes
629 1369 749 1405 etiam
777 1368 1004 1419 pertinere,
1032 1367 1100 1420 qui
1128 1370 1283 1407 tametsi
1310 1368 1444 1421 palam

76 1422 232 1474 publice
249 1430 439 1476 concepto
459 1430 553 1462 voto
573 1423 799 1461 monasticis
818 1420 969 1475 legibus
990 1435 1071 1461 sese
1087 1422 1250 1462 minime
1267 1423 1444 1463 obstrin-

13 1477 158 1528 xerint,
188 1484 322 1517 tamen
351 1479 392 1516 in
421 1476 572 1516 mundo
604 1479 657 1515 ita
685 1478 845 1523 vivunt,
879 1483 999 1530 atque
1029 1479 1061 1516 si
1085 1478 1125 1515 in
1156 1480 1443 1517 monasterium

61 1533 292 1572 ncessissent
335 1540 454 1586 atque
509 1533 671 1571 abiectis
709 1529 893 1570 omnibus
936 1529 1206 1585 voluptatibus
1250 1546 1296 1572 ae
1339 1534 1445 1572 vitae

42 1585 176 1627 ulusce
205 1589 309 1627 curis
330 1617 341 1636 ‚
383 1593 488 1627 totos
515 1601 559 1626 se
591 1587 641 1625 ad
677 1587 832 1640 pietatis
862 1586 1015 1625 cultum
1042 1595 1081 1626 et
1109 1587 1337 1627 divinarum
1379 1603 1445 1627 re-

36 1655 103 1681 um
131 1643 427 1682 meditationem
450 1642 672 1682 conferunt.
727 1640 868 1681 Billius
894 1641 1091 1683 observat.
1123 1656 1271 1686 sacrar.
1304 1643 1375 1682 lib.
1409 1655 1446 1683 ι.

59 1711 98 1751 p.
128 1697 194 1748 40.
227 1712 392 1738 Pomm.

119 1754 223 1805 Pag.
239 1751 333 1802 546,
358 1749 418 1805 14.
451 1746 769 1803 κατεπειγούσης
799 1750 858 1791 Μ.

121 1808 223 1860 Pag.
244 1807 335 1856 548,
348 1823 387 1862 9.
415 1807 618 1846 καλοῦντα
647 1806 815 1846 alterum
844 1813 950 1846 recte
978 1816 1057 1847 om.
1085 1804 1145 1846 M.

124 1862 226 1915 Pag.
247 1862 343 1914 548,
364 1862 424 1913 14.
480 1862 722 1901 divinum
763 1863 934 1914 lumen
982 1862 1311 1901 convenisse.
1356 1861 1444 1901 Hoc

85 1916 263 1957 historiis
291 1925 516 1972 martyrum
546 1923 678 1969 patet,
730 1917 770 1954 in
802 1915 947 1969 quibus
974 1928 1161 1970 persaepe
1199 1916 1332 1970 legas,
1378 1928 1446 1956 eos

38 1979 104 2012 nte
132 1974 309 2012 iudicum
344 1971 559 2012 tribunalia
604 1979 643 2010 et
687 1971 789 2010 inter
829 1985 969 2010 manus
1012 1972 1241 2010 carnificum
1285 1970 1445 2010 coelesti

70 2027 186 2067 odam
212 2028 423 2081 splendore
450 2022 709 2067 circumfusos
738 2026 887 2065 fuisse:
940 2040 1022 2082 quo
1048 2028 1159 2079 signo
1199 2027 1309 2065 Deus
1353 2036 1446 2065 suos

57 2096 98 2122 se
126 2088 243 2122 testes
287 2084 441 2137 sibique
472 2088 653 2134 acceptos
684 2083 822 2120 testari
852 2080 992 2123 voluit.
1048 2082 1202 2121 Verum
1244 2079 1345 2134 illud
1383 2081 1447 2120 di-

41 2138 151 2177 inum
185 2138 319 2178 lumen
366 2146 543 2178 creatum
572 2136 773 2189 quoddam
802 2136 936 2175 lumen
966 2132 1040 2175 suit
1059 2165 1071 2187 ,
1114 2151 1195 2175 non
1226 2135 1448 2175 divinitatis

15 2190 151 2245 'psius,
180 2201 225 2233 ut
251 2195 384 2246 inepte
413 2201 452 2232 et
480 2192 638 2230 indocte
665 2190 952 2230 ratiocinantur
993 2188 1055 2230 isti
1086 2190 1270 2230 Graeculi
1293 2204 1304 2229 :
1353 2204 1448 2230 nam

38 2246 235 2301 tquidam
265 2250 439 2303 integros
471 2244 594 2286 llbros
624 2260 669 2285 ea
697 2245 747 2285 de
775 2259 817 2284 re
845 2242 1100 2299 scripserunt.
1130 2259 1305 2285 ΡοΝΤΑΝ.

123 2301 415 2355 Pag.548‚15.
446 2301 734 2342 Antonium
774 2310 963 2340 contra
1001 2301 1291 2340 daemones.
1347 2301 1447 2339 Post

42 2359 251 2410 escriptam
272 2359 391 2397 huius
412 2356 643 2397 sanctissimi
664 2357 740 2395 viri
769 2370 945 2408 pugnam
973 2370 1063 2395 cum
1091 2355 1367 2405 daemonibus,
1391 2356 1448 2394 ita

29 2413 180 2466 egimus
199 2415 238 2451 in
262 2415 344 2452 eius
365 2413 458 2463 vita,
477 2413 589 2450 cuius
609 2416 746 2450 auctor
760 2418 817 2450 est
831 2410 882 2454 D.
897 2410 1158 2450 Athanasius.
1197 2409 1288 2449 Non
1306 2411 1446 2449 oblitus

16 2466 119 2506 Iesus
135 2466 414 2507 colluctationis
436 2466 541 2506 servi
561 2462 633 2514 sui,
652 2466 779 2505 cidem
799 2475 998 2521 protector·
1008 2464 1143 2519 factus
1164 2475 1229 2507 cst.
1260 2465 1448 2517 Denique

35 2536 101 2560 um
134 2523 308 2562 elevaret
339 2524 467 2562 oculos
482 2551 493 2570 ‚
546 2520 653 2573 vidit
685 2521 849 2575 desuper
882 2517 1034 2560 culmen
1068 2522 1222 2574 aperiri
1255 2528 1293 2557 et
1325 2519 1446 2556 diclu-

18 2578 83 2615 ctis
110 2578 271 2616 tenebris
300 2578 457 2617 radium
485 2575 546 2615 ad
569 2591 607 2614 sc
635 2575 730 2614 lucis
766 2571 938 2632 iufltoere.
995 2574 1091 2613 Post
1115 2575 1197 2612 eius
1226 2573 1445 2628 splendori}

71 2641 224 2670 ventum
266 2647 338 2672 nec
358 2633 594 2672 daemonum
635 2631 779 2686 aliquis
825 2630 1026 2686 apparuit
1056 2638 1094 2668 ct
1127 2629 1302 2683 corporis
1330 2625 1447 2667 dolor

40 2687 217 2739 xtemplo
244 2687 394 2727 deletus
425 2696 492 2726 est.
526 2699 696 2725 PONTAN.

130 2740 230 2793 Pag.
252 2742 345 2793 550,
360 2742 400 2781 3.
431 2737 512 2782 ἀπὸ
544 2739 635 2783 add.
662 2741 720 2780 Μ.
749 2754 868 2794 supra
897 2738 967 2778 lin.
1001 2745 1092 2777 ante
1120 2731 1364 2790 οἷφετηριάς.

69 2817 344 2852 Cancacuzenus
371 2816 438 2851 111.
1146 2811 1189 2846 32
