1794 3158
308 131 425 196 424
816 144 1230 186 ANNo'rA'riousss

305 257 392 289 tum
422 247 583 292 sublato
623 248 748 287 fauste
774 245 1035 295 acclamaret,
1067 244 1219 298 aliquot
1258 259 1280 284 e
1324 245 1420 286 locis
1462 247 1743 292 historicorum

305 313 365 344 est
391 305 555 344 discere.
612 301 781 342 Carolus
824 301 1009 352 Sigonius
1052 298 1124 338 lib.
1154 300 1191 340 6.
1238 299 1287 339 de
1314 301 1482 353 imperio
1521 304 1739 355 occident„
1770 308 1778 367 ζ

304 361 374 399 ubi
398 360 448 399 de
477 360 634 398 Iuliano
670 358 779 409 agit:
802 355 923 406 „inde
956 354 1220 394 clamantibus
1248 357 1461 407 universis,
1489 359 1742 411 (proceribus
1773 375 1778 401 ’τ

303 415 478 454 militum
499 416 524 464 ,)
552 421 597 451 ut
626 413 828 463 Augustus
858 417 958 449 esset
976 439 987 460 ,
1017 412 1207 449 assentire
1239 418 1398 450 coactus
1427 420 1485 450 est
1507 442 1520 462 ,
1576 416 1740 467 imposi-
1772 460 1779 473 .

303 477 448 524 tusque
480 477 592 507 scuto
622 467 819 518 pedestri,
852 474 890 504 et
919 466 958 504 in
990 465 1116 503 altum
1151 464 1358 516 sublatus,
1387 467 1538 519 populo
1564 469 1705 509 silente
1723 500 1736 520 ‚

302 525 510 578 Augustus
549 521 916 561 renuntiatus'''etc.
973 521 1148 558 Zonaras
1178 521 1217 558 3.
1244 520 1392 560 Annal.
1421 523 1461 560 in
1492 523 1737 572 Iustiniano,

300 579 371 618 ubi
402 581 482 631 agit
514 577 563 615 de
592 576 785 615 seditione
811 575 1010 630 populari,
1042 583 1129 614 orta
1159 574 1535 629 Constantinopoli:
1566 580 1739 629 „deinde
1772 590 1776 595 '

300 635 342 673 in
378 635 465 672 foro
495 633 782 680 discursantes,
813 632 863 670 de
893 630 971 670 alio
1000 631 1239 683 imperatore
1256 631 1430 670 creando
1451 632 1737 676 deliberarunt.

298 689 354 729 Et
393 687 555 741 quidam
596 688 849 740 imperatoris
877 686 1077 725 Anastasii
1106 692 1317 738 cognatum
1349 686 1569 739 Hypatium
1607 693 1745 740 nacti,
1775 688 1777 693 ’

299 745 449 796 partim
481 743 678 789 invitum,
710 744 856 794 partim
886 743 1006 780 etiam
1035 754 1269 793 persuasum
1289 771 1300 790 ,
1329 741 1370 779 in
1399 743 1459 784 M.
1488 743 1740 786 Constantini

297 799 430 837 forum
459 797 688 844 adducunt,
727 804 846 850 atque
875 796 1014 850 clypeo
1043 797 1083 834 in
1112 795 1281 834 sublime
1311 795 1487 846 elatum,
1526 799 1739 852 imperato-

295 868 384 893 rem
412 852 688 902 consalutant,
718 859 758 890 et
793 858 987 904 occupato
1014 850 1203 889 curriculi
1230 853 1421 902 equestris
1447 852 1627 905 theatro,
1649 856 1738 894 fau·
1763 860 1765 862 ’

296 909 369 947 stis
399 907 600 947 ominibus
627 906 961 960 prosequuntur.''
1005 905 1108 944 Satis
1140 904 1235 944 hinc
1262 912 1399 957 patet,
1427 921 1580 947 morem
1617 910 1741 950 fuisse

294 962 373 1003 hac
401 963 642 1007 caerimonia
669 962 830 1000 creandi
857 963 1140 1015 imperatoreS,
1162 961 1203 999 in
1226 974 1307 1015 quo
1333 961 1507 1016 populus
1537 963 1603 1004 hic
1623 979 1735 1005 exer-

294 1019 419 1057 citum
448 1026 507 1056 est
537 1019 725 1056 imitatus.
756 1031 927 1057 PONTAN.

406 1071 507 1125 Pag.
528 1086 667 1126 ¹9722·
697 1072 1144 1110 acclamationem.
1171 1073 1323 1112 Ponam
1354 1073 1580 1126 exemplum
1606 1071 1736 1115 aeclass

291 1128 517 1169 mationum
547 1127 782 1165 militarium
800 1129 841 1164 in
869 1126 1043 1165 creando
1071 1128 1326 1179 imperatore.
1357 1128 1604 1180 Capitolinus
1627 1139 1739 1183 post-

293 1197 416 1234 quam
445 1183 625 1221 narravit
646 1211 659 1232 ‚
689 1182 1030 1234 quemadmodum
1057 1182 1262 1221 Macrmus
1291 1185 1508 1236 imperator
1543 1199 1659 1225 senex
1688 1187 1737 1224 fi-

291 1236 392 1275 lium
424 1237 723 1276 Diadumenum
760 1236 953 1276 militibus
992 1238 1307 1276 commendasset
1351 1247 1391 1277 et
1426 1239 1501 1278 sibi
1532 1253 1737 1280 successo-

292 1305 379 1330 rem
406 1294 650 1330 nominasset
667 1321 678 1341 ‚
706 1293 984 1340 acclamatum,
1017 1292 1166 1344 inquit,
1207 1293 1389 1332 Macrine
1422 1295 1646 1349 imperator,
1671 1296 1738 1334 dii

291 1355 328 1386 te
351 1356 520 1385 servent.
576 1345 779 1386 Antonine
798 1346 1071 1394 Diadumene,
1106 1347 1168 1384 dii
1197 1357 1232 1386 te
1260 1359 1425 1388 servent.
1453 1351 1609 1404 Iupiter
1634 1352 1736 1405 opti-

290 1415 378 1439 mus
398 1403 595 1440 maximus
606 1400 806 1440 Antonino
827 1403 963 1440 vitam.
992 1401 1234 1441 Antoninum
1261 1404 1442 1443 habemus
1455 1433 1468 1453 ,
1498 1407 1632 1444 omnia
1665 1407 1739 1445 ha-
1772 1403 1777 1411 ’

286 1455 430 1494 bemus.
485 1456 730 1495 Antoninum
757 1456 864 1494 nobis
898 1456 960 1494 dii
986 1456 1188 1495 dederunt.
1243 1459 1464 1498 Antoninus
1498 1460 1638 1513 dignus
1661 1462 1740 1499 im·

281 1512 414 1566 perio.
469 1512 609 1550 Monet
637 1519 770 1550 autem
800 1510 1023 1549 Brissonius
1051 1509 1122 1548 lib.
1157 1511 1447 1564 formularum,
1464 1515 1568 1554 hanc
1611 1515 1739 1555 acela-

287 1567 522 1614 mationem,
540 1566 602 1604 dii
628 1575 663 1604 te
688 1576 843 1604 Servent
857 1595 868 1614 ,
890 1564 1083 1604 militibus
1105 1579 1197 1605 cum
1219 1568 1368 1620 populo
1397 1577 1436 1609 et
1461 1578 1600 1609 senatu
1630 1585 1740 1609 com-

285 1633 453 1658 munem
479 1620 614 1659 fuisse.
633 1621 723 1658 Lib.
741 1635 801 1662 12.
822 1621 922 1659 Cod.
947 1619 1023 1673 leg.
1043 1635 1076 1662 1.
1099 1621 1148 1660 de
1180 1622 1368 1665 Veteran.
1397 1625 1614 1677 imperator
1630 1626 1738 1664 Con-

286 1677 508 1721 stantinus,
543 1690 634 1714 cum
662 1677 860 1714 introisset
890 1676 1083 1728 principia
1100 1705 1111 1726 ,
1143 1683 1183 1715 et
1212 1676 1408 1718 salutatus
1438 1687 1539 1718 esset
1567 1694 1591 1719 a
1619 1695 1736 1734 prae-

284 1729 398 1768 fectis
426 1736 465 1768 et
492 1731 663 1769 tribunis
691 1736 732 1769 et
759 1732 855 1769 viris
883 1732 1218 1783 eminentissimis,
1238 1733 1498 1773 acclamatum
1526 1742 1615 1774 est:
1649 1735 1739 1774 Aa·

281 1794 390 1836 guste
417 1785 688 1833 Constantine,
730 1785 835 1824 Deus
868 1795 903 1824 te
930 1787 1041 1824 nobis
1077 1796 1226 1825 servet.-
1268 1797 1403 1828 vestra
1438 1790 1544 1829 salus
1559 1818 1571 1840 ‚
1602 1799 1738 1830 nostra
1760 1797 1762 1799 ’

281 1840 388 1878 salas
401 1857 414 1877 .-
442 1854 535 1878 vere
557 1840 750 1888 dicimus,
779 1842 902 1879 iurati
916 1842 1094 1882 dicimus.
1126 1856 1302 1881 PONTAN.
1595 1874 1597 1876 -

395 1893 488 1946 Pag
518 1909 608 1948 197,
627 1896 713 1949 5.p
730 1909 935 1949 urpura
964 1905 1015 1934 et
1044 1897 1355 1937 diademate.
1376 1898 1646 1953 Curopalata:
1668 1899 1736 1940 ἐν-

283 1944 436 1987 δύουσι
463 1945 536 1988 τὸν
566 1946 744 1998 σάκκον,
776 1952 953 1989 ιἠιίιιίίιιι·
974 1965 1082 2004 sagn.
1118 1966 1296 1992 PONTAN.

395 2003 500 2055 Pag.
522 2018 613 2058 197,
633 2020 672 2059 7.
704 2003 997 2057 περιτίθεσθαι
1028 2009 1085 2046 Μ.
1115 2021 1195 2060 mg.

388 2057 667 2113 .P.⁶13·¹97›9-.
692 2070 879 2100 sancta
907 2062 1081 2100 missa.
1123 2063 1267 2102 Graeci
1304 2064 1543 2103 sacrificium
1589 2063 1734 2104 missae

280 2118 428 2150 vocant
478 2115 805 2167 μυσταγωγίαν,
846 2115 1127 2167 λειτουργίαν,
1158 2114 1344 2170 τελετήν,
1377 2115 1732 2172 ἱεροτελεστείαν,

278 2162 557 2219 προσφορὰν,
597 2169 780 2219 θυσίαν,
813 2177 853 2209 et
888 2185 981 2210 cum
1018 2172 1225 2223 adiuncto,
1261 2171 1518 2223 ἆναιζαακτον
1548 2173 1732 2224 θυσίαν,

278 2215 395 2270 ἱερὸν
420 2220 492 2259 καί
525 2221 731 2274 φρικῶδες
758 2220 1012 2277 μυστήριον,
1035 2224 1224 2279 ἀγάπην,
1256 2224 1453 2278 σύναξιν,
1485 2228 1729 2279 εὕχαριστί-

278 2286 345 2311 αν.
404 2273 526 2314 Unde
564 2285 696 2316 autem
729 2281 871 2319 missae
899 2281 1140 2321 vocabulum
1172 2281 1351 2331 fluxerit,
1397 2283 1558 2335 plurimi
1595 2284 1728 2323 adhuc

276 2328 479 2380 ignorant.
518 2330 616 2369 Post
644 2333 808 2386 lectum*
832 2337 1109 2388 evangelium,
1137 2336 1259 2376 levita
1287 2338 1592 2377 catechumenos
1621 2339 1728 2377 exire

276 2396 302 2421 e
328 2382 478 2435 templo
507 2385 669 2426 iubebat
695 2389 802 2428 clara
831 2404 943 2434 voce.
999 2392 1129 2431 Testis
1159 2393 1337 2431 Isidorus
1361 2393 1574 2447 etymolog.
1589 2393 1661 2432 lib.
1682 2393 1725 2432 6.

274 2450 366 2490 cap.
386 2437 442 2476 16.
500 2439 628 2479 Missa
652 2471 663 2491 ,
691 2444 822 2497 inquit
838 2475 848 2495 ,
878 2455 1050 2500 tempore
1086 2448 1282 2501 sacr-ficii
1318 2457 1392 2497 est,
1429 2449 1590 2502 qnando
1617 2457 1722 2486 cate-

273 2493 597 2544 chumenisoras
624 2497 850 2548 mittuntur,
887 2502 1085 2541 clamante
1119 2504 1246 2541 levita
1261 2532 1272 2550 ,
1309 2505 1347 2541 si
1368 2505 1454 2555 quis
1478 2504 1720 2542 cateelmme-

271 2560 344 2585 nus
368 2548 581 2595 remansit,
615 2562 736 2590 exeat
753 2556 882 2605 joras
895 2574 906 2594 ,-
941 2565 979 2595 et
1014 2558 1107 2596 inde
1139 2559 1260 2597 missa
1275 2586 1286 2607 ‚
1325 2559 1419 2614 quia
1455 2559 1723 2596 sacramentis

272 2601 417 2639 altaris
448 2603 627 2642 interesse
650 2620 728 2645 non
745 2620 926 2660 possunt,
962 2613 1033 2665 qui
1052 2613 1227 2651 nondum
1252 2613 1472 2664 regenerati
1490 2621 1716 2651 noscuntur.

270 2655 494 2709 Dionysius
535 2673 694 2712 quoque
736 2661 839 2702 libro
867 2666 918 2704 de
944 2666 1084 2706 eccles.
1115 2666 1313 2706 hierarch.
1342 2675 1432 2719 post
1463 2666 1716 2706 Psalmorum

272 2718 412 2750 cantus
451 2717 490 2750 et
520 2726 655 2753 sacrae
685 2717 902 2770 scripturae
930 2721 1140 2761 lectionem
1168 2723 1248 2773 ait,
1290 2717 1370 2771 ἔξω
1402 2720 1617 2774 γίγνεσθαι
1642 2721 1719 2772 τῆς·
