1800 3164
526 177 899 220 fflsTomAmJM
927 180 996 219 lv.
1025 183 1065 227 9.
1426 156 1498 231 59

70 292 167 342 τοῖς,
194 289 302 347 μηδὲ
332 289 412 330 τῶν
443 283 580 330 αλλων
601 285 925 344 κατεφρόνησαν,
959 289 1048 330 ἄλλ’
1076 289 1134 337 εἰς
1159 289 1287 341 μέσον
1315 280 1551 367 προυθη-Α
1566 291 1602 325 C.
1621 291 1703 338 ¹357

68 371 145 396 καν
173 359 261 402 τοῖς
290 349 445 402 αλλοις”
457 356 538 395 τῶν
564 355 788 408 ἐκκλησιῶν
814 352 1068 410 ποοστάταις
1095 351 1318 406 ἐξετάζειν,
1349 354 1424 394 οὐκ
1452 349 1504 395 ἄν

69 435 173 476 αχρι
200 416 400 462 τοσούτου
430 418 477 461 τὸ
507 418 634 461 κακὸν
661 416 970 474 προύχώρησεν,
1002 419 1100 464 ουδὲ
1128 419 1180 462 τὰ
1194 421 1386 474 Χριστοῦ
1412 417 1504 475 διῄ-

12 535 18 540 v
70 501 166 542 ρητο
193 487 297 540 μέλη
330 488 402 527 καί
427 486 739 537 ἐκπεπολέμωτο
769 475 974 565 ἀλληλοις.
1027 482 1054 541 ἢ
1081 485 1185 541 γὰρ,
1219 501 1256 527 ει
1280 485 1414 534 καλῶς
1443 481 1501 526 εἶ-

23 550 58 595 ’ὅ
66 568 155 606 χεν,
185 549 267 592 υπὸ
294 550 458 592 πάντων
486 546 537 592 ἂν
562 551 766 606 ἐστέρχθη
796 567 866 592 και
893 552 1065 604 οὐδεμία
1094 547 1399 608 ἀμφισβητησις
1424 551 1505 605 ἐγί-

71 632 161 659 νετο
180 632 274 672 περι
303 618 385 658 τῶν
415 618 542 658 πᾶσιν
569 615 722 669 ὁμοίως
750 615 1086 671 ωμολογημένων,
1120 612 1161 672 ἢ,
1191 617 1232 658 εὶ
1256 633 1298 658 τι
1324 618 1401 658 τοῦ
1428 628 1546 661 ›ea-D

70 684 154 731 λῶς
179 680 342 736 ἔχοντος
367 682 558 738 ἐφαίνετο
586 680 852 734 ἐκπίπτοντα,
880 684 1006 723 πᾶσιν
1033 682 1186 735 ὁμοίως
1212 681 1347 738 λήθης
1376 699 1509 739 παρε-

70 750 245 806 πέμφθη
270 747 342 790 καί
369 750 485 803 σιγῆς
511 750 645 805 βυθῷ.
704 749 882 803 α’ρχαῖος
909 750 956 810 δὲ
985 747 1007 789 ὅ
1035 746 1186 804 τρόπος
1201 748 1273 790 καί
1289 754 1373 797 τοῖς
1391 748 1504 803 πρώ-

69 829 156 863 τοις
181 815 258 856 w&
285 810 523 868 εὗαγγελιόυ
558 811 707 869 κη’ρυξι
735 814 1016 870 τετιμημένος.
1071 817 1144 856 καί
1168 812 1245 870 γὰρ
1278 813 1351 856 καί
1375 816 1505 856 Παῦ-

0 879 61 922 *10
72 883 142 929 λος
168 881 374 922 ἐκοινοῦτο
401 886 485 928 τοῖς
513 879 757 929 α’ποστόλοις
782 879 828 923 τὸ
862 880 1116 936 εὐαγγέλιον,
1146 879 1353 933 δεδοικώς,
1386 896 1505 936 φησι,

68 944 127 1001 μή
149 949 210 996 εἷς
233 944 350 988 κενὸν
372 948 526 1002 τρέχει,
554 945 583 987 ἃ
598 945 657 1002 μη
678 945 782 1003 φίλα
802 949 1086 1001 καταγγέλλων
1102 949 1199 1004 θεῷ,
1228 947 1360 989 καίτοι
1379 961 1425 1000 γε
1445 948 1506 995 εἷς

69 1014 209 1068 τρίτον
237 1009 417 1064 οὖρανὸν
445 1009 644 1067 ἆρπαγεὶς
662 1014 734 1054 καί
758 1012 1104 1068 μυσταγωγηθείς
1125 1011 1176 1056 τοὶ
1199 1008 1377 1068 ἆῤῥητα.
1434 1011 1509 1054 καὶ

5 1094 13 1108 ·
67 1080 238 1132 βασιλεῖ’
262 1077 341 1132 γὰρ
384 1080 440 1135 τῷ
479 1077 629 1136 πρώτῳ
668 1078 971 1133 Παλαιολὸγων
998 1078 1181 1135 Μιχαὴλ
1212 1080 1332 1121 τοῦτο
1365 1082 1506 1121 τετολ-

67 1144 249 1199 μημένον
278 1145 329 1186 οὖ
355 1141 619 1201 συνήνεγκεν,
638 1140 743 1186 ἀλλὰ
771 1150 915 1200 χεῖρον
940 1147 1078 1199 γέγονε
1106 1143 1152 1187 τὸ
1184 1144 1346 1201 ῥῆγμα,
1379 1144 1451 1186 καί
1476 1143 1504 1200 ἤ

0 1207 57 1254 ’15
71 1206 291 1259 διάστασις
323 1212 613 1266 χαλεπωτέρα.
681 1212 735 1252 δι’
767 1208 796 1252 ἃ
825 1212 921 1252 οὐδὲ
955 1210 1078 1261 αὐτὸς
1111 1209 1246 1264 οἴομαι
1276 1212 1500 1266 πεισθησε-
1514 1219 1555 1254 V.
1570 1220 1636 1264 59⁰

69 1279 177 1319 σθαί
198 1291 298 1318 ποτε
325 1278 421 1331 πρίν
450 1275 733 1332 οἰκουμενικὴν
761 1274 935 1320 σύνοδον
959 1278 1259 1333 ἀθροισθεῖσαν
1285 1275 1330 1319 τὸ
1356 1278 1502 1319 δοκοῦν
1513 1283 1627 1329 2736

69 1338 259 1398 ἀσφαλὲς
296 1342 597 1399 ἀποφήνασθαι
638 1341 737 1398 περὶ
762 1341 837 1398 τήν
864 1346 1026 1395 πίστιν,
1072 1342 1349 1398 ἐπιχειρήσειν
1379 1341 1506 1392 αὖτός

68 1423 115 1450 τε
147 1410 367 1463 προσέχειν
395 1407 700 1462 καινοτομίαις,
747 1426 816 1450 και
846 1407 919 1463 βια
924 1411 1074 1459 ζεσθαι
1113 1425 1212 1458 τους
1240 1406 1415 1461 ἄλλους,
1457 1409 1506 1450 οὗ

70 1471 142 1515 διὰ
172 1475 244 1529 τὴν
270 1474 488 1529 ἐκκλησίαν
513 1470 636 1527 μόνον
677 1490 747 1516 και
775 1472 821 1516 τό
851 1478 1120 1529 Χριστιανῶν
1149 1473 1261 1518 ἅπαν
1288 1474 1508 1530 πλήρωμα,

0 1523 178 1583 ποᾶλλὰ
211 1541 284 1582 καί
317 1541 372 1581 δι’
409 1542 484 1593 ἐμὲ
523 1538 668 1582 αὐτόν.
706 1542 779 1583 καί
815 1541 893 1596 γὰρ
923 1537 1059 1591 οὕτως
1085 1540 1185 1596 ἔχω,
1219 1541 1276 1591 ὥς
1301 1544 1404 1584 πᾶσι
1431 1542 1509 1594 μὲν

71 1605 415 1662 πεισθησόμενος,
447 1603 553 1649 ἅττα
581 1604 635 1649 ἂν
661 1606 742 1649 υπὸ
772 1610 911 1663 κοινῆς
950 1605 1114 1664 γνώμης
1152 1625 1233 1651 των
1277 1609 1509 1664 ἆρχιεοέων

70 1673 171 1728 περι
195 1675 270 1727 τῆς
297 1673 472 1723 πίστεως
504 1675 837 1730 ἑπιψηφισθειή,
896 1674 1045 1716 τούτου
1077 1677 1122 1717 δὲ
1152 1674 1338 1728 ἆπόιτος,
1371 1689 1510 1716 καινο-

70 1739 196 1796 τομίᾳ
235 1739 412 1796 ου’δεμιᾷ
447 1739 647 1794 προσέξει).
715 1738 858 1794 οἴομαι
898 1743 945 1783 δὲ
973 1740 1048 1784 καί
1084 1739 1183 1790 τοὺς
1209 1740 1434 1797 ἀρχιερέας
1461 1736 1511 1780 ἅ-

167 1838 199 1883 4.
228 1840 354 1877 κακῶς
379 1839 417 1874 Ρ.
510 1841 565 1874 23.
591 1841 786 1885 προσέξων
810 1841 846 1875 P.

0 1882 3 1908 Ι

0 1933 3 1964 ῃ
73 1917 365 1963 vilipendissent‚
391 1918 454 1951 sed
480 1919 519 1951 in
544 1917 703 1951 medium
727 1918 773 1952 ab
798 1918 950 1951 aliarum
976 1918 1206 1952 ecclesiarum
1223 1919 1423 1952 rectoribus
1438 1919 1512 1953 ‹lis-

74 1965 281 1998 cutiendam
315 1966 610 2009 proposuissent,
652 1970 792 1999 tantum
818 1966 903 1998 mali
930 1977 1003 1999 non
1027 1965 1265 2005 vidissemus,
1293 1976 1412 2012 neque
1438 1967 1513 2000 dis-

73 2016 188 2046 tracta
231 2012 369 2046 Christi
407 2011 568 2045 membra
603 2012 675 2045 sibi
715 2012 852 2046 bellum
886 2012 1101 2046 intestinum
1141 2012 1370 2046 indixissent.
1438 2014 1513 2047 Aut

74 2060 172 2092 enim
206 2063 247 2091 ut
270 2069 359 2102 pura
386 2064 472 2103 puta
495 2058 540 2091 ab
567 2059 741 2092 universis
778 2060 914 2104 absque
939 2059 1180 2104 refragatione
1205 2064 1349 2105 accepta
1372 2059 1514 2100 fuisset,

73 2106 225 2151 (quippe
250 2117 357 2151 quam
383 2107 579 2139 communis
606 2117 798 2139 consensus
823 2106 1085 2152 approbasset‚)
1110 2111 1173 2139 aut
1199 2106 1229 2138 si
1256 2117 1275 2138 a
1301 2111 1397 2140 recto
1423 2118 1514 2140 non-

73 2151 170 2190 nihil
193 2151 310 2192 devia,
336 2153 382 2185 ob
409 2153 576 2186 omnibus
602 2153 805 2199 aequaliter
830 2153 1006 2187 oblivioni
1041 2154 1190 2199 altoque
1226 2152 1373 2186 silentio
1412 2165 1514 2187 man—

75 2198 159 2232 data
182 2199 318 2232 fuisset.
365 2200 477 2234 Vetus
517 2204 572 2234 est
603 2199 665 2232 hic
702 2211 778 2233 mos
811 2205 848 2234 et
871 2210 890 2231 a
916 2199 1040 2244 primis
1065 2200 1249 2255 Evangelii
1274 2199 1513 2253 praeconibus

75 2246 115 2279 in
148 2246 263 2290 pretio
303 2245 460 2280 habitus.
520 2247 610 2280 Nam
636 2251 672 2280 et
706 2246 849 2281 Paulus
882 2248 1110 2292 quantumvis
1137 2247 1174 2279 in
1198 2247 1346 2280 tertium
1374 2248 1514 2280 coelum

76 2296 199 2337 raptus
232 2298 270 2326 et
301 2303 428 2326 arcana
453 2294 623 2338 mysteria
650 2293 812 2334 edoctus,
837 2283 1070 2338 Evangelium
1096 2305 1200 2327 suum
1227 2304 1305 2326 cum
1330 2294 1514 2338 Apostolis

76 2339 363 2379 communicavit,
389 2341 595 2381 „Timens,”
622 2341 762 2385 inquit,
787 2351 857 2380 „ne
875 2342 913 2374 in
937 2351 1086 2374 vacuum
1102 2351 1253 2379 curram,
1281 2341 1516 2381 annuntians,

78 2395 172 2429 quae
197 2386 272 2418 Deo
298 2397 372 2420 non
396 2387 570 2432 placeutl'
620 2387 720 2430 Quin
742 2391 779 2419 et
796 2380 911 2431 primo
927 2398 970 2421 ex
990 2387 1212 2433 Palaeologis
1234 2388 1514 2431 imperatoribus

77 2431 248 2466 Michaeli
273 2432 333 2466 hic
357 2444 462 2467 ausus
487 2445 560 2467 non
588 2433 746 2477 profuit.
770 2433 927 2467 deterius
952 2434 1047 2468 euim
1073 2434 1226 2468 schisma
1261 2440 1299 2468 et
1332 2435 1513 2480 pernicio-

78 2478 153 2516 sius
184 2484 415 2513 consecutum
450 2486 504 2514 est
528 2479 730 2514 dissidium.
778 2479 900 2523 Quare
928 2491 994 2515 nec
1017 2481 1106 2514 mihi
1137 2480 1335 2526 aliquando
1362 2492 1517 2526 persua-

80 2525 157 2559 deri
180 2527 312 2572 patiar,
340 2531 393 2566 ut,
418 2532 610 2572 antequam
636 2533 845 2572 congregata
871 2527 1028 2572 synodus
1053 2528 1299 2568 oecumenica,
1337 2539 1430 2574 quae
1456 2539 1514 2560 se-

80 2580 164 2605 cure
192 2572 370 2607 credenda
394 2575 478 2614 siut,
503 2574 685 2614 decernat,
711 2575 820 2607 etiam
844 2574 921 2619 ipse
945 2576 1121 2609 novitates
1151 2581 1336 2608 consecter
1363 2580 1400 2608 et
1425 2575 1516 2608 alios

80 2617 127 2650 nd
148 2618 186 2652 id
215 2630 356 2664 cogam:
394 2620 505 2667 idque
528 2632 602 2655 non
636 2626 784 2666 propter
807 2621 995 2654 ecclesiam
1035 2627 1071 2654 et
1106 2621 1375 2655 universitatem
1413 2622 1517 2654 Chri-

80 2664 278 2699 suanorum
302 2667 428 2708 modo,
463 2667 526 2701 sed
556 2673 591 2701 et
616 2674 763 2713 propter
787 2679 842 2701 me
867 2668 995 2714 ipsum.
1043 2668 1184 2703 Etenim
1221 2668 1272 2701 sic
1307 2679 1384 2701 sum
1418 2679 1515 2700 com-

80 2716 246 2764 pei-atus,
270 2717 311 2746 ut
334 2714 478 2748 credere
502 2715 612 2748 veiim
636 2715 778 2754 omnia,
803 2726 895 2759 quae
919 2726 1108 2748 commune
1135 2715 1387 2759 episcoporum
1415 2714 1515 2746 iudi-

81 2756 175 2791 cium
211 2762 248 2793 et
282 2762 461 2796 sententia
487 2761 533 2797 de
557 2760 628 2797 fide
654 2762 908 2797 constituerit:
938 2766 1036 2797 extra
1062 2761 1128 2796 hoc
1154 2759 1247 2795 nulii
1273 2772 1330 2795 me
1358 2762 1513 2800 novitati
