<?xml version="1.0" encoding="UTF-8"?>
<!DOCTYPE html PUBLIC "-//W3C//DTD XHTML 1.0 Transitional//EN"
    "http://www.w3.org/TR/xhtml1/DTD/xhtml1-transitional.dtd">
<html xmlns="http://www.w3.org/1999/xhtml" xml:lang="en" lang="en">
 <head>
  <title>
</title>
<meta http-equiv="Content-Type" content="text/html;charset=utf-8" />
  <meta name='ocr-system' content='tesseract 3.04.00' />
  <meta name='ocr-capabilities' content='ocr_page ocr_carea ocr_par ocr_line ocrx_word'/>
</head>
<body>
  <div class='ocr_page' id='page_1' title='image "./corpusscriptorum25niebuoft_0558.png"; bbox 0 0 1794 3158; ppageno 0'>
   <div class='ocr_carea' id='block_1_1' title="bbox 342 130 1316 199">
    <p class='ocr_par' dir='ltr' id='par_1_1' title="bbox 342 130 1316 199">
     <span class='ocr_line' id='line_1_1' title="bbox 342 130 1316 199; baseline 0.005 -13"><span class='ocrx_word' id='word_1_1' title='bbox 342 130 452 199; x_wconf 66' lang='lat'>548</span> <span class='ocrx_word' id='word_1_2' title='bbox 849 149 1267 191; x_wconf 76' lang='lat' dir='ltr'>ANNOTATloNFs</span> <span class='ocrx_word' id='word_1_3' title='bbox 1312 156 1316 157; x_wconf 57' lang='grc'><em>’</em></span> 
     </span>
    </p>
   </div>
   <div class='ocr_carea' id='block_1_2' title="bbox 296 253 1794 2787">
    <p class='ocr_par' dir='ltr' id='par_1_2' title="bbox 296 253 1794 2719">
     <span class='ocr_line' id='line_1_2' title="bbox 336 253 1773 310; baseline 0.001 -17"><span class='ocrx_word' id='word_1_4' title='bbox 336 254 582 308; x_wconf 79' lang='lat' dir='ltr'>principatus</span> <span class='ocrx_word' id='word_1_5' title='bbox 603 253 887 293; x_wconf 84' lang='lat' dir='ltr'>ecclesiasticus</span> <span class='ocrx_word' id='word_1_6' title='bbox 914 261 953 292; x_wconf 91' lang='lat' dir='ltr'>et</span> <span class='ocrx_word' id='word_1_7' title='bbox 983 267 1079 292; x_wconf 87' lang='lat' dir='ltr'>cura</span> <span class='ocrx_word' id='word_1_8' title='bbox 1107 255 1286 292; x_wconf 90' lang='lat' dir='ltr'>omnium</span> <span class='ocrx_word' id='word_1_9' title='bbox 1306 253 1557 293; x_wconf 86' lang='lat' dir='ltr'>ecclesiarum</span> <span class='ocrx_word' id='word_1_10' title='bbox 1587 254 1773 310; x_wconf 80' lang='lat' dir='ltr'>episcopo</span> 
     </span>
     <span class='ocr_line' id='line_1_3' title="bbox 336 308 1775 362; baseline 0.002 -14"><span class='ocrx_word' id='word_1_11' title='bbox 336 309 776 362; x_wconf 74' lang='lat' dir='ltr'>Constantinopolitano</span> <span class='ocrx_word' id='word_1_12' title='bbox 805 309 1018 349; x_wconf 86' lang='lat' dir='ltr'>deferatur.</span> <span class='ocrx_word' id='word_1_13' title='bbox 1074 308 1249 347; x_wconf 89' lang='lat' dir='ltr'>Conatus</span> <span class='ocrx_word' id='word_1_14' title='bbox 1277 309 1438 361; x_wconf 89' lang='lat' dir='ltr'>quidem</span> <span class='ocrx_word' id='word_1_15' title='bbox 1475 316 1535 348; x_wconf 89' lang='lat' dir='ltr'>est</span> <span class='ocrx_word' id='word_1_16' title='bbox 1561 310 1775 351; x_wconf 77' lang='lat' dir='ltr'>Anatolins</span> 
     </span>
     <span class='ocr_line' id='line_1_4' title="bbox 335 363 1774 417; baseline 0.001 -14"><span class='ocrx_word' id='word_1_17' title='bbox 335 364 798 416; x_wconf 84' lang='lat' dir='ltr'>Constantinopolitanus</span> <span class='ocrx_word' id='word_1_18' title='bbox 839 365 1002 403; x_wconf 89' lang='lat' dir='ltr'>antistes</span> <span class='ocrx_word' id='word_1_19' title='bbox 1042 378 1232 402; x_wconf 89' lang='lat' dir='ltr'>canonem</span> <span class='ocrx_word' id='word_1_20' title='bbox 1278 363 1476 417; x_wconf 84' lang='lat' dir='ltr'>quendam</span> <span class='ocrx_word' id='word_1_21' title='bbox 1515 365 1554 403; x_wconf 89' lang='lat' dir='ltr'>in</span> <span class='ocrx_word' id='word_1_22' title='bbox 1591 366 1774 405; x_wconf 83' lang='lat' dir='ltr'>Concilio</span> 
     </span>
     <span class='ocr_line' id='line_1_5' title="bbox 336 419 1772 472; baseline 0.001 -14"><span class='ocrx_word' id='word_1_23' title='bbox 336 420 648 458; x_wconf 80' lang='lat' dir='ltr'>calchedonensi</span> <span class='ocrx_word' id='word_1_24' title='bbox 680 420 849 458; x_wconf 85' lang='lat' dir='ltr'>condere</span> <span class='ocrx_word' id='word_1_25' title='bbox 878 420 915 457; x_wconf 92' lang='lat' dir='ltr'>in</span> <span class='ocrx_word' id='word_1_26' title='bbox 945 420 1130 472; x_wconf 79' lang='lat' dir='ltr'>gratiam,</span> <span class='ocrx_word' id='word_1_27' title='bbox 1160 419 1415 458; x_wconf 88' lang='lat' dir='ltr'>commodum</span> <span class='ocrx_word' id='word_1_28' title='bbox 1436 426 1474 457; x_wconf 93' lang='lat' dir='ltr'>et</span> <span class='ocrx_word' id='word_1_29' title='bbox 1494 421 1772 471; x_wconf 85' lang='lat' dir='ltr'>praeeminen-</span> 
     </span>
     <span class='ocr_line' id='line_1_6' title="bbox 332 473 1773 515; baseline 0.001 -3"><span class='ocrx_word' id='word_1_30' title='bbox 332 476 430 513; x_wconf 84' lang='lat' dir='ltr'>tiam</span> <span class='ocrx_word' id='word_1_31' title='bbox 459 489 552 513; x_wconf 87' lang='lat' dir='ltr'>suae</span> <span class='ocrx_word' id='word_1_32' title='bbox 597 473 723 513; x_wconf 87' lang='lat' dir='ltr'>sedis:</span> <span class='ocrx_word' id='word_1_33' title='bbox 782 489 922 514; x_wconf 90' lang='lat' dir='ltr'>verum</span> <span class='ocrx_word' id='word_1_34' title='bbox 954 476 994 512; x_wconf 91' lang='lat' dir='ltr'>in</span> <span class='ocrx_word' id='word_1_35' title='bbox 1017 488 1063 512; x_wconf 88' lang='lat' dir='ltr'>co</span> <span class='ocrx_word' id='word_1_36' title='bbox 1095 488 1248 512; x_wconf 87' lang='lat' dir='ltr'>canone</span> <span class='ocrx_word' id='word_1_37' title='bbox 1277 488 1356 512; x_wconf 92' lang='lat' dir='ltr'>non</span> <span class='ocrx_word' id='word_1_38' title='bbox 1387 473 1528 512; x_wconf 82' lang='lat' dir='ltr'>tribuit</span> <span class='ocrx_word' id='word_1_39' title='bbox 1557 474 1773 515; x_wconf 78' lang='lat' dir='ltr'>Anatolius</span> 
     </span>
     <span class='ocr_line' id='line_1_7' title="bbox 332 528 1775 582; baseline 0.003 -16"><span class='ocrx_word' id='word_1_40' title='bbox 332 544 423 567; x_wconf 86' lang='lat' dir='ltr'>cum</span> <span class='ocrx_word' id='word_1_41' title='bbox 454 531 534 567; x_wconf 87' lang='lat' dir='ltr'>suis</span> <span class='ocrx_word' id='word_1_42' title='bbox 565 529 722 568; x_wconf 87' lang='lat' dir='ltr'>asseclis</span> <span class='ocrx_word' id='word_1_43' title='bbox 763 530 912 582; x_wconf 85' lang='lat' dir='ltr'>primas</span> <span class='ocrx_word' id='word_1_44' title='bbox 959 531 1141 582; x_wconf 89' lang='lat' dir='ltr'>episcopo</span> <span class='ocrx_word' id='word_1_45' title='bbox 1183 528 1656 581; x_wconf 83' lang='lat' dir='ltr'>Constantinopolitano,</span> <span class='ocrx_word' id='word_1_46' title='bbox 1701 530 1775 570; x_wconf 74' lang='lat' dir='ltr'>sed</span> 
     </span>
     <span class='ocr_line' id='line_1_8' title="bbox 331 584 1794 636; baseline 0.002 -15"><span class='ocrx_word' id='word_1_47' title='bbox 331 585 545 622; x_wconf 82' lang='lat' dir='ltr'>Romano:</span> <span class='ocrx_word' id='word_1_48' title='bbox 592 584 782 623; x_wconf 89' lang='lat' dir='ltr'>secundas</span> <span class='ocrx_word' id='word_1_49' title='bbox 830 585 957 623; x_wconf 84' lang='lat' dir='ltr'>defert</span> <span class='ocrx_word' id='word_1_50' title='bbox 999 584 1479 636; x_wconf 80' lang='lat' dir='ltr'>Constantinopolitano,</span> <span class='ocrx_word' id='word_1_51' title='bbox 1528 598 1601 622; x_wconf 89' lang='lat' dir='ltr'>nec</span> <span class='ocrx_word' id='word_1_52' title='bbox 1643 585 1794 624; x_wconf 64' lang='lat' dir='ltr'>desert*</span> 
     </span>
     <span class='ocr_line' id='line_1_9' title="bbox 330 638 1770 688; baseline 0.003 -12"><span class='ocrx_word' id='word_1_53' title='bbox 330 639 389 677; x_wconf 89' lang='lat' dir='ltr'>illi</span> <span class='ocrx_word' id='word_1_54' title='bbox 419 653 557 678; x_wconf 83' lang='lat' dir='ltr'>curam</span> <span class='ocrx_word' id='word_1_55' title='bbox 588 641 767 678; x_wconf 89' lang='lat' dir='ltr'>omnium</span> <span class='ocrx_word' id='word_1_56' title='bbox 797 639 1052 678; x_wconf 85' lang='lat' dir='ltr'>ecclesiarum</span> <span class='ocrx_word' id='word_1_57' title='bbox 1081 641 1203 677; x_wconf 89' lang='lat' dir='ltr'>totius</span> <span class='ocrx_word' id='word_1_58' title='bbox 1235 639 1373 678; x_wconf 90' lang='lat' dir='ltr'>mundi</span> <span class='ocrx_word' id='word_1_59' title='bbox 1394 667 1406 688; x_wconf 91' lang='lat'>‚</span> <span class='ocrx_word' id='word_1_60' title='bbox 1434 645 1480 677; x_wconf 91' lang='lat' dir='ltr'>ut</span> <span class='ocrx_word' id='word_1_61' title='bbox 1508 638 1628 678; x_wconf 84' lang='lat' dir='ltr'>Anna</span> <span class='ocrx_word' id='word_1_62' title='bbox 1657 654 1770 680; x_wconf 90' lang='lat' dir='ltr'>com·</span> 
     </span>
     <span class='ocr_line' id='line_1_10' title="bbox 329 693 1770 746; baseline 0.003 -15"><span class='ocrx_word' id='word_1_63' title='bbox 329 695 553 732; x_wconf 86' lang='lat' dir='ltr'>miniscitur</span> <span class='ocrx_word' id='word_1_64' title='bbox 574 723 584 741; x_wconf 86' lang='grc'>.,</span> <span class='ocrx_word' id='word_1_65' title='bbox 615 695 683 733; x_wconf 90' lang='lat' dir='ltr'>sed</span> <span class='ocrx_word' id='word_1_66' title='bbox 710 695 860 746; x_wconf 90' lang='lat' dir='ltr'>Ponti,</span> <span class='ocrx_word' id='word_1_67' title='bbox 893 694 1040 745; x_wconf 87' lang='lat' dir='ltr'>Asiae,</span> <span class='ocrx_word' id='word_1_68' title='bbox 1079 695 1287 733; x_wconf 81' lang='lat' dir='ltr'>Thraciae.</span> <span class='ocrx_word' id='word_1_69' title='bbox 1344 693 1501 732; x_wconf 86' lang='lat' dir='ltr'>Deinde</span> <span class='ocrx_word' id='word_1_70' title='bbox 1541 708 1668 734; x_wconf 88' lang='lat' dir='ltr'>canon</span> <span class='ocrx_word' id='word_1_71' title='bbox 1701 695 1770 735; x_wconf 85' lang='lat' dir='ltr'>ille</span> 
     </span>
     <span class='ocr_line' id='line_1_11' title="bbox 328 747 1770 803; baseline 0.002 -17"><span class='ocrx_word' id='word_1_72' title='bbox 328 747 447 800; x_wconf 87' lang='lat' dir='ltr'>plane</span> <span class='ocrx_word' id='word_1_73' title='bbox 475 751 727 801; x_wconf 83' lang='lat' dir='ltr'>surreptitius</span> <span class='ocrx_word' id='word_1_74' title='bbox 756 757 828 797; x_wconf 64' lang='lat' dir='ltr'>est,</span> <span class='ocrx_word' id='word_1_75' title='bbox 861 749 1010 788; x_wconf 88' lang='lat' dir='ltr'>nullius</span> <span class='ocrx_word' id='word_1_76' title='bbox 1040 751 1229 788; x_wconf 83' lang='lat' dir='ltr'>momenti</span> <span class='ocrx_word' id='word_1_77' title='bbox 1257 756 1296 788; x_wconf 92' lang='lat' dir='ltr'>et</span> <span class='ocrx_word' id='word_1_78' title='bbox 1324 748 1494 795; x_wconf 81' lang='lat' dir='ltr'>roboris,</span> <span class='ocrx_word' id='word_1_79' title='bbox 1515 749 1662 802; x_wconf 84' lang='lat' dir='ltr'>quippe</span> <span class='ocrx_word' id='word_1_80' title='bbox 1680 763 1770 803; x_wconf 86' lang='lat' dir='ltr'>apo-</span> 
     </span>
     <span class='ocr_line' id='line_1_12' title="bbox 327 803 1771 858; baseline 0.002 -17"><span class='ocrx_word' id='word_1_81' title='bbox 327 803 489 842; x_wconf 83' lang='lat' dir='ltr'>stolicae</span> <span class='ocrx_word' id='word_1_82' title='bbox 516 804 618 842; x_wconf 86' lang='lat' dir='ltr'>sedis</span> <span class='ocrx_word' id='word_1_83' title='bbox 648 804 783 857; x_wconf 83' lang='lat' dir='ltr'>legatis</span> <span class='ocrx_word' id='word_1_84' title='bbox 805 805 1050 854; x_wconf 82' lang='lat' dir='ltr'>absentibus,</span> <span class='ocrx_word' id='word_1_85' title='bbox 1068 818 1146 842; x_wconf 90' lang='lat' dir='ltr'>non</span> <span class='ocrx_word' id='word_1_86' title='bbox 1178 806 1263 843; x_wconf 91' lang='lat' dir='ltr'>sine</span> <span class='ocrx_word' id='word_1_87' title='bbox 1293 811 1380 843; x_wconf 88' lang='lat' dir='ltr'>astu</span> <span class='ocrx_word' id='word_1_88' title='bbox 1399 803 1581 843; x_wconf 88' lang='lat' dir='ltr'>conditus</span> <span class='ocrx_word' id='word_1_89' title='bbox 1601 805 1640 843; x_wconf 89' lang='lat' dir='ltr'>in</span> <span class='ocrx_word' id='word_1_90' title='bbox 1662 819 1771 858; x_wconf 87' lang='lat' dir='ltr'>prae-</span> 
     </span>
     <span class='ocr_line' id='line_1_13' title="bbox 296 858 1771 911; baseline 0.002 -15"><span class='ocrx_word' id='word_1_91' title='bbox 296 887 306 894; x_wconf 90' lang='lat'><em>.</em></span> <span class='ocrx_word' id='word_1_92' title='bbox 327 858 519 897; x_wconf 87' lang='lat' dir='ltr'>iudicium</span> <span class='ocrx_word' id='word_1_93' title='bbox 541 862 752 911; x_wconf 77' lang='lat' dir='ltr'>praecipue</span> <span class='ocrx_word' id='word_1_94' title='bbox 787 859 1080 898; x_wconf 78' lang='lat' dir='ltr'>Alexandrinae</span> <span class='ocrx_word' id='word_1_95' title='bbox 1110 859 1313 898; x_wconf 78' lang='lat' dir='ltr'>ecclesiae.</span> <span class='ocrx_word' id='word_1_96' title='bbox 1371 859 1568 909; x_wconf 86' lang='lat' dir='ltr'>Quocirca</span> <span class='ocrx_word' id='word_1_97' title='bbox 1593 859 1718 899; x_wconf 89' lang='lat' dir='ltr'>altero</span> <span class='ocrx_word' id='word_1_98' title='bbox 1745 874 1771 901; x_wconf 82' lang='lat' dir='ltr'>a</span> 
     </span>
     <span class='ocr_line' id='line_1_14' title="bbox 325 913 1772 966; baseline 0.003 -15"><span class='ocrx_word' id='word_1_99' title='bbox 325 914 488 952; x_wconf 88' lang='lat' dir='ltr'>condito</span> <span class='ocrx_word' id='word_1_100' title='bbox 530 928 683 953; x_wconf 87' lang='lat' dir='ltr'>canone</span> <span class='ocrx_word' id='word_1_101' title='bbox 715 914 803 964; x_wconf 91' lang='lat' dir='ltr'>die,</span> <span class='ocrx_word' id='word_1_102' title='bbox 835 916 969 953; x_wconf 88' lang='lat' dir='ltr'>statim</span> <span class='ocrx_word' id='word_1_103' title='bbox 1002 914 1270 953; x_wconf 85' lang='lat' dir='ltr'>reclamarunt</span> <span class='ocrx_word' id='word_1_104' title='bbox 1299 913 1536 966; x_wconf 88' lang='lat' dir='ltr'>apostolicae</span> <span class='ocrx_word' id='word_1_105' title='bbox 1568 914 1670 954; x_wconf 85' lang='lat' dir='ltr'>sedis</span> <span class='ocrx_word' id='word_1_106' title='bbox 1710 914 1772 956; x_wconf 43' lang='lat' dir='ltr'>leq</span> 
     </span>
     <span class='ocr_line' id='line_1_15' title="bbox 325 968 1770 1022; baseline 0.003 -16"><span class='ocrx_word' id='word_1_107' title='bbox 325 970 421 1020; x_wconf 82' lang='lat' dir='ltr'>gati,</span> <span class='ocrx_word' id='word_1_108' title='bbox 454 983 582 1022; x_wconf 83' lang='lat' dir='ltr'>neque</span> <span class='ocrx_word' id='word_1_109' title='bbox 615 968 700 1008; x_wconf 90' lang='lat' dir='ltr'>ullo</span> <span class='ocrx_word' id='word_1_110' title='bbox 740 969 860 1008; x_wconf 90' lang='lat' dir='ltr'>modo</span> <span class='ocrx_word' id='word_1_111' title='bbox 880 999 892 1020; x_wconf 93' lang='lat'>,</span> <span class='ocrx_word' id='word_1_112' title='bbox 932 969 1041 1022; x_wconf 87' lang='lat' dir='ltr'>qnod</span> <span class='ocrx_word' id='word_1_113' title='bbox 1073 984 1143 1022; x_wconf 84' lang='lat' dir='ltr'>per</span> <span class='ocrx_word' id='word_1_114' title='bbox 1172 983 1368 1008; x_wconf 87' lang='lat' dir='ltr'>summam</span> <span class='ocrx_word' id='word_1_115' title='bbox 1393 968 1702 1008; x_wconf 88' lang='lat' dir='ltr'>fraudulentiam</span> <span class='ocrx_word' id='word_1_116' title='bbox 1729 978 1770 1010; x_wconf 88' lang='lat' dir='ltr'>et</span> 
     </span>
     <span class='ocr_line' id='line_1_16' title="bbox 325 1023 1771 1078; baseline 0.002 -17"><span class='ocrx_word' id='word_1_117' title='bbox 325 1025 514 1063; x_wconf 86' lang='lat' dir='ltr'>iniuriam</span> <span class='ocrx_word' id='word_1_118' title='bbox 545 1031 678 1062; x_wconf 87' lang='lat' dir='ltr'>actum</span> <span class='ocrx_word' id='word_1_119' title='bbox 703 1025 831 1063; x_wconf 87' lang='lat' dir='ltr'>fuerat</span> <span class='ocrx_word' id='word_1_120' title='bbox 851 1054 862 1074; x_wconf 90' lang='lat'>,</span> <span class='ocrx_word' id='word_1_121' title='bbox 911 1023 1107 1078; x_wconf 77' lang='lat' dir='ltr'>suffragiis</span> <span class='ocrx_word' id='word_1_122' title='bbox 1147 1032 1186 1063; x_wconf 88' lang='lat' dir='ltr'>et</span> <span class='ocrx_word' id='word_1_123' title='bbox 1227 1038 1389 1063; x_wconf 89' lang='lat' dir='ltr'>assensu</span> <span class='ocrx_word' id='word_1_124' title='bbox 1419 1038 1492 1063; x_wconf 88' lang='lat' dir='ltr'>suo</span> <span class='ocrx_word' id='word_1_125' title='bbox 1531 1025 1771 1078; x_wconf 85' lang='lat' dir='ltr'>comproba-</span> 
     </span>
     <span class='ocr_line' id='line_1_17' title="bbox 323 1078 1768 1133; baseline 0.002 -17"><span class='ocrx_word' id='word_1_126' title='bbox 323 1086 444 1118; x_wconf 85' lang='lat' dir='ltr'>runt:</span> <span class='ocrx_word' id='word_1_127' title='bbox 482 1080 531 1118; x_wconf 86' lang='lat' dir='ltr'>de</span> <span class='ocrx_word' id='word_1_128' title='bbox 566 1094 646 1132; x_wconf 87' lang='lat' dir='ltr'>quo</span> <span class='ocrx_word' id='word_1_129' title='bbox 675 1080 857 1119; x_wconf 88' lang='lat' dir='ltr'>consulat</span> <span class='ocrx_word' id='word_1_130' title='bbox 879 1109 891 1129; x_wconf 93' lang='lat'>,</span> <span class='ocrx_word' id='word_1_131' title='bbox 920 1081 989 1133; x_wconf 84' lang='lat' dir='ltr'>qui</span> <span class='ocrx_word' id='word_1_132' title='bbox 1025 1080 1142 1132; x_wconf 89' lang='lat' dir='ltr'>plura</span> <span class='ocrx_word' id='word_1_133' title='bbox 1171 1081 1299 1133; x_wconf 84' lang='lat' dir='ltr'>cupit,</span> <span class='ocrx_word' id='word_1_134' title='bbox 1324 1078 1636 1118; x_wconf 88' lang='lat' dir='ltr'>illustrissimum</span> <span class='ocrx_word' id='word_1_135' title='bbox 1666 1080 1768 1119; x_wconf 86' lang='lat' dir='ltr'>Car-</span> 
     </span>
     <span class='ocr_line' id='line_1_18' title="bbox 323 1133 1770 1186; baseline 0.003 -15"><span class='ocrx_word' id='word_1_136' title='bbox 323 1133 497 1172; x_wconf 86' lang='lat' dir='ltr'>dinalem</span> <span class='ocrx_word' id='word_1_137' title='bbox 524 1135 741 1173; x_wconf 75' lang='lat' dir='ltr'>Bai-onium</span> <span class='ocrx_word' id='word_1_138' title='bbox 774 1143 868 1174; x_wconf 89' lang='lat' dir='ltr'>tom.</span> <span class='ocrx_word' id='word_1_139' title='bbox 890 1135 930 1174; x_wconf 83' lang='grc'>6.</span> <span class='ocrx_word' id='word_1_140' title='bbox 958 1135 1176 1174; x_wconf 87' lang='lat' dir='ltr'>Annalium</span> <span class='ocrx_word' id='word_1_141' title='bbox 1216 1148 1321 1174; x_wconf 93' lang='lat' dir='ltr'>anno</span> <span class='ocrx_word' id='word_1_142' title='bbox 1348 1134 1496 1173; x_wconf 82' lang='lat' dir='ltr'>Christi</span> <span class='ocrx_word' id='word_1_143' title='bbox 1533 1133 1626 1186; x_wconf 84' lang='lat'>451.</span> <span class='ocrx_word' id='word_1_144' title='bbox 1684 1135 1770 1175; x_wconf 80' lang='lat' dir='ltr'>Nec</span> 
     </span>
     <span class='ocr_line' id='line_1_19' title="bbox 322 1189 1769 1243; baseline 0.003 -17"><span class='ocrx_word' id='word_1_145' title='bbox 322 1189 460 1239; x_wconf 79' lang='lat' dir='ltr'>refert,</span> <span class='ocrx_word' id='word_1_146' title='bbox 496 1190 603 1242; x_wconf 87' lang='lat' dir='ltr'>quod</span> <span class='ocrx_word' id='word_1_147' title='bbox 628 1190 836 1229; x_wconf 86' lang='lat' dir='ltr'>Anatolius</span> <span class='ocrx_word' id='word_1_148' title='bbox 872 1191 909 1229; x_wconf 89' lang='lat' dir='ltr'>in</span> <span class='ocrx_word' id='word_1_149' title='bbox 938 1191 1189 1243; x_wconf 84' lang='lat' dir='ltr'>supposititio</span> <span class='ocrx_word' id='word_1_150' title='bbox 1220 1189 1288 1229; x_wconf 90' lang='lat' dir='ltr'>illo</span> <span class='ocrx_word' id='word_1_151' title='bbox 1316 1203 1468 1228; x_wconf 89' lang='lat' dir='ltr'>canone</span> <span class='ocrx_word' id='word_1_152' title='bbox 1499 1203 1540 1228; x_wconf 89' lang='lat' dir='ltr'>se</span> <span class='ocrx_word' id='word_1_153' title='bbox 1570 1190 1690 1230; x_wconf 82' lang='lat' dir='ltr'>refert</span> <span class='ocrx_word' id='word_1_154' title='bbox 1714 1191 1769 1231; x_wconf 85' lang='lat' dir='ltr'>ad</span> 
     </span>
     <span class='ocr_line' id='line_1_20' title="bbox 322 1245 1768 1299; baseline 0.001 -16"><span class='ocrx_word' id='word_1_155' title='bbox 322 1258 514 1283; x_wconf 86' lang='lat' dir='ltr'>canonem</span> <span class='ocrx_word' id='word_1_156' title='bbox 564 1245 731 1284; x_wconf 89' lang='lat' dir='ltr'>Coneilii</span> <span class='ocrx_word' id='word_1_157' title='bbox 783 1245 1213 1299; x_wconf 87' lang='lat' dir='ltr'>Constantinopolitani</span> <span class='ocrx_word' id='word_1_158' title='bbox 1261 1252 1421 1284; x_wconf 88' lang='lat' dir='ltr'>centum</span> <span class='ocrx_word' id='word_1_159' title='bbox 1472 1246 1768 1299; x_wconf 82' lang='lat' dir='ltr'>quinquaginta</span> 
     </span>
     <span class='ocr_line' id='line_1_21' title="bbox 321 1301 1771 1354; baseline 0.002 -17"><span class='ocrx_word' id='word_1_160' title='bbox 321 1301 598 1352; x_wconf 88' lang='lat' dir='ltr'>episcoporum</span> <span class='ocrx_word' id='word_1_161' title='bbox 633 1301 707 1339; x_wconf 91' lang='lat' dir='ltr'>sub</span> <span class='ocrx_word' id='word_1_162' title='bbox 741 1301 967 1340; x_wconf 87' lang='lat' dir='ltr'>Theodosio</span> <span class='ocrx_word' id='word_1_163' title='bbox 1011 1315 1183 1354; x_wconf 80' lang='lat' dir='ltr'>magno:</span> <span class='ocrx_word' id='word_1_164' title='bbox 1233 1315 1327 1339; x_wconf 89' lang='lat' dir='ltr'>nam</span> <span class='ocrx_word' id='word_1_165' title='bbox 1361 1314 1491 1352; x_wconf 89' lang='lat' dir='ltr'>neque</span> <span class='ocrx_word' id='word_1_166' title='bbox 1516 1301 1590 1340; x_wconf 89' lang='lat' dir='ltr'>iste</span> <span class='ocrx_word' id='word_1_167' title='bbox 1635 1315 1771 1340; x_wconf 89' lang='lat' dir='ltr'>canon·</span> 
     </span>
     <span class='ocr_line' id='line_1_22' title="bbox 320 1354 1771 1410; baseline 0.002 -18"><span class='ocrx_word' id='word_1_168' title='bbox 320 1354 488 1408; x_wconf 82' lang='lat' dir='ltr'>largitur</span> <span class='ocrx_word' id='word_1_169' title='bbox 511 1362 669 1394; x_wconf 83' lang='lat' dir='ltr'>tantum</span> <span class='ocrx_word' id='word_1_170' title='bbox 701 1358 885 1410; x_wconf 85' lang='lat' dir='ltr'>episcopo</span> <span class='ocrx_word' id='word_1_171' title='bbox 922 1356 1380 1408; x_wconf 86' lang='lat' dir='ltr'>Constantinopolitano,</span> <span class='ocrx_word' id='word_1_172' title='bbox 1419 1362 1614 1408; x_wconf 87' lang='lat' dir='ltr'>quantum</span> <span class='ocrx_word' id='word_1_173' title='bbox 1645 1355 1771 1395; x_wconf 72' lang='lat' dir='ltr'>fabu-</span> 
     </span>
     <span class='ocr_line' id='line_1_23' title="bbox 321 1408 1766 1462; baseline 0.002 -15"><span class='ocrx_word' id='word_1_174' title='bbox 321 1408 429 1449; x_wconf 89' lang='lat' dir='ltr'>latur</span> <span class='ocrx_word' id='word_1_175' title='bbox 473 1410 621 1460; x_wconf 81' lang='lat' dir='ltr'>Anna3</span> <span class='ocrx_word' id='word_1_176' title='bbox 647 1411 838 1450; x_wconf 79' lang='lat' dir='ltr'>secundas</span> <span class='ocrx_word' id='word_1_177' title='bbox 880 1412 988 1448; x_wconf 87' lang='lat' dir='ltr'>enim</span> <span class='ocrx_word' id='word_1_178' title='bbox 1022 1411 1230 1461; x_wconf 85' lang='lat' dir='ltr'>concedit,</span> <span class='ocrx_word' id='word_1_179' title='bbox 1266 1424 1346 1448; x_wconf 91' lang='lat' dir='ltr'>non</span> <span class='ocrx_word' id='word_1_180' title='bbox 1382 1411 1544 1462; x_wconf 88' lang='lat' dir='ltr'>primas.</span> <span class='ocrx_word' id='word_1_181' title='bbox 1604 1411 1766 1451; x_wconf 85' lang='lat' dir='ltr'>Deinde</span> 
     </span>
     <span class='ocr_line' id='line_1_24' title="bbox 316 1465 1765 1517; baseline 0.002 -15"><span class='ocrx_word' id='word_1_182' title='bbox 316 1467 412 1517; x_wconf 85' lang='lat' dir='ltr'>qnia</span> <span class='ocrx_word' id='word_1_183' title='bbox 432 1472 470 1504; x_wconf 89' lang='lat' dir='ltr'>et</span> <span class='ocrx_word' id='word_1_184' title='bbox 500 1466 571 1503; x_wconf 86' lang='lat' dir='ltr'>iste</span> <span class='ocrx_word' id='word_1_185' title='bbox 603 1479 728 1504; x_wconf 83' lang='lat' dir='ltr'>canon</span> <span class='ocrx_word' id='word_1_186' title='bbox 758 1480 803 1505; x_wconf 80' lang='lat' dir='ltr'>ex</span> <span class='ocrx_word' id='word_1_187' title='bbox 838 1465 977 1504; x_wconf 90' lang='lat' dir='ltr'>eodem</span> <span class='ocrx_word' id='word_1_188' title='bbox 1005 1466 1233 1504; x_wconf 87' lang='lat' dir='ltr'>ambitionis</span> <span class='ocrx_word' id='word_1_189' title='bbox 1259 1465 1374 1504; x_wconf 86' lang='lat' dir='ltr'>fonte</span> <span class='ocrx_word' id='word_1_190' title='bbox 1400 1467 1577 1505; x_wconf 86' lang='lat' dir='ltr'>manavit</span> <span class='ocrx_word' id='word_1_191' title='bbox 1597 1480 1609 1504; x_wconf 71' lang='grc' dir='ltr'><strong><em>ε</em></strong></span> <span class='ocrx_word' id='word_1_192' title='bbox 1641 1473 1679 1505; x_wconf 86' lang='lat' dir='ltr'>et</span> <span class='ocrx_word' id='word_1_193' title='bbox 1701 1466 1765 1506; x_wconf 88' lang='lat' dir='ltr'>vel</span> 
     </span>
     <span class='ocr_line' id='line_1_25' title="bbox 319 1518 1768 1574; baseline 0.001 -16"><span class='ocrx_word' id='word_1_194' title='bbox 319 1520 362 1558; x_wconf 90' lang='lat' dir='ltr'>in</span> <span class='ocrx_word' id='word_1_195' title='bbox 391 1519 459 1559; x_wconf 90' lang='lat' dir='ltr'>illo</span> <span class='ocrx_word' id='word_1_196' title='bbox 489 1519 658 1560; x_wconf 87' lang='lat' dir='ltr'>concilio</span> <span class='ocrx_word' id='word_1_197' title='bbox 686 1535 766 1559; x_wconf 89' lang='lat' dir='ltr'>non</span> <span class='ocrx_word' id='word_1_198' title='bbox 794 1529 851 1560; x_wconf 87' lang='lat' dir='ltr'>est</span> <span class='ocrx_word' id='word_1_199' title='bbox 891 1520 1100 1570; x_wconf 81' lang='lat' dir='ltr'>conditus,</span> <span class='ocrx_word' id='word_1_200' title='bbox 1144 1519 1209 1559; x_wconf 90' lang='lat' dir='ltr'>vel</span> <span class='ocrx_word' id='word_1_201' title='bbox 1238 1521 1270 1559; x_wconf 92' lang='lat' dir='ltr'>si</span> <span class='ocrx_word' id='word_1_202' title='bbox 1299 1521 1340 1558; x_wconf 93' lang='lat' dir='ltr'>in</span> <span class='ocrx_word' id='word_1_203' title='bbox 1372 1518 1442 1558; x_wconf 93' lang='lat' dir='ltr'>illo</span> <span class='ocrx_word' id='word_1_204' title='bbox 1475 1520 1659 1560; x_wconf 88' lang='lat' dir='ltr'>conditus</span> <span class='ocrx_word' id='word_1_205' title='bbox 1686 1529 1768 1574; x_wconf 74' lang='lat' dir='ltr'>est,</span> 
     </span>
     <span class='ocr_line' id='line_1_26' title="bbox 319 1572 1766 1629; baseline 0.002 -16"><span class='ocrx_word' id='word_1_206' title='bbox 319 1589 343 1613; x_wconf 88' lang='lat' dir='ltr'>a</span> <span class='ocrx_word' id='word_1_207' title='bbox 371 1576 523 1627; x_wconf 68' lang='lat' dir='ltr'>paucis,</span> <span class='ocrx_word' id='word_1_208' title='bbox 555 1590 636 1614; x_wconf 88' lang='lat' dir='ltr'>non</span> <span class='ocrx_word' id='word_1_209' title='bbox 664 1578 749 1616; x_wconf 90' lang='lat' dir='ltr'>sine</span> <span class='ocrx_word' id='word_1_210' title='bbox 775 1575 916 1615; x_wconf 87' lang='lat' dir='ltr'>fraude</span> <span class='ocrx_word' id='word_1_211' title='bbox 945 1583 983 1614; x_wconf 92' lang='lat' dir='ltr'>et</span> <span class='ocrx_word' id='word_1_212' title='bbox 1012 1575 1168 1614; x_wconf 87' lang='lat' dir='ltr'>fallacia</span> <span class='ocrx_word' id='word_1_213' title='bbox 1200 1575 1384 1614; x_wconf 83' lang='lat' dir='ltr'>conditus</span> <span class='ocrx_word' id='word_1_214' title='bbox 1414 1581 1498 1623; x_wconf 85' lang='lat' dir='ltr'>est,</span> <span class='ocrx_word' id='word_1_215' title='bbox 1529 1590 1659 1629; x_wconf 91' lang='lat' dir='ltr'>neque</span> <span class='ocrx_word' id='word_1_216' title='bbox 1688 1572 1766 1616; x_wconf 50' lang='lat' dir='ltr'>unss</span> 
     </span>
     <span class='ocr_line' id='line_1_27' title="bbox 319 1630 1768 1685; baseline 0.002 -17"><span class='ocrx_word' id='word_1_217' title='bbox 319 1645 441 1683; x_wconf 89' lang='lat' dir='ltr'>quam</span> <span class='ocrx_word' id='word_1_218' title='bbox 468 1645 491 1669; x_wconf 88' lang='lat' dir='ltr'>a</span> <span class='ocrx_word' id='word_1_219' title='bbox 519 1638 603 1669; x_wconf 85' lang='lat' dir='ltr'>tota</span> <span class='ocrx_word' id='word_1_220' title='bbox 634 1632 787 1685; x_wconf 86' lang='lat' dir='ltr'>synodo</span> <span class='ocrx_word' id='word_1_221' title='bbox 816 1639 886 1670; x_wconf 87' lang='lat' dir='ltr'>aut</span> <span class='ocrx_word' id='word_1_222' title='bbox 914 1631 1099 1683; x_wconf 85' lang='lat' dir='ltr'>pontifice</span> <span class='ocrx_word' id='word_1_223' title='bbox 1140 1631 1314 1669; x_wconf 82' lang='lat' dir='ltr'>Damaso</span> <span class='ocrx_word' id='word_1_224' title='bbox 1356 1630 1549 1683; x_wconf 89' lang='lat' dir='ltr'>probatus</span> <span class='ocrx_word' id='word_1_225' title='bbox 1567 1661 1578 1681; x_wconf 89' lang='lat'><em>‚</em></span> <span class='ocrx_word' id='word_1_226' title='bbox 1623 1639 1668 1670; x_wconf 85' lang='lat' dir='ltr'>ut</span> <span class='ocrx_word' id='word_1_227' title='bbox 1697 1646 1768 1671; x_wconf 82' lang='lat' dir='ltr'>co-.</span> 
     </span>
     <span class='ocr_line' id='line_1_28' title="bbox 318 1685 1766 1737; baseline 0.002 -14"><span class='ocrx_word' id='word_1_228' title='bbox 318 1687 431 1737; x_wconf 88' lang='lat' dir='ltr'>piose</span> <span class='ocrx_word' id='word_1_229' title='bbox 462 1686 634 1724; x_wconf 86' lang='lat' dir='ltr'>ostendit</span> <span class='ocrx_word' id='word_1_230' title='bbox 662 1688 857 1726; x_wconf 89' lang='lat' dir='ltr'>Baronius</span> <span class='ocrx_word' id='word_1_231' title='bbox 883 1693 984 1724; x_wconf 86' lang='lat' dir='ltr'>tom.</span> <span class='ocrx_word' id='word_1_232' title='bbox 1020 1685 1060 1736; x_wconf 89' lang='lat'>4.</span> <span class='ocrx_word' id='word_1_233' title='bbox 1088 1685 1236 1724; x_wconf 86' lang='lat' dir='ltr'>Annal.</span> <span class='ocrx_word' id='word_1_234' title='bbox 1265 1699 1373 1724; x_wconf 89' lang='lat' dir='ltr'>anno</span> <span class='ocrx_word' id='word_1_235' title='bbox 1403 1685 1553 1724; x_wconf 86' lang='lat' dir='ltr'>Christi</span> <span class='ocrx_word' id='word_1_236' title='bbox 1586 1686 1679 1726; x_wconf 76' lang='lat'>581.</span> <span class='ocrx_word' id='word_1_237' title='bbox 1710 1688 1766 1726; x_wconf 84' lang='lat' dir='ltr'>Et</span> 
     </span>
     <span class='ocr_line' id='line_1_29' title="bbox 317 1740 1766 1794; baseline 0.002 -16"><span class='ocrx_word' id='word_1_238' title='bbox 317 1748 450 1778; x_wconf 87' lang='lat' dir='ltr'>tamen</span> <span class='ocrx_word' id='word_1_239' title='bbox 469 1742 681 1788; x_wconf 83' lang='lat' dir='ltr'>G1·aeci‚et</span> <span class='ocrx_word' id='word_1_240' title='bbox 706 1744 746 1780; x_wconf 86' lang='lat' dir='ltr'>in</span> <span class='ocrx_word' id='word_1_241' title='bbox 777 1742 838 1781; x_wconf 88' lang='lat' dir='ltr'>his</span> <span class='ocrx_word' id='word_1_242' title='bbox 868 1742 1080 1794; x_wconf 84' lang='lat' dir='ltr'>praecipue</span> <span class='ocrx_word' id='word_1_243' title='bbox 1098 1740 1231 1790; x_wconf 89' lang='lat' dir='ltr'>Nilus,</span> <span class='ocrx_word' id='word_1_244' title='bbox 1262 1754 1395 1779; x_wconf 89' lang='lat' dir='ltr'>arcem</span> <span class='ocrx_word' id='word_1_245' title='bbox 1432 1754 1527 1779; x_wconf 87' lang='lat' dir='ltr'>suae</span> <span class='ocrx_word' id='word_1_246' title='bbox 1553 1754 1695 1780; x_wconf 86' lang='lat' dir='ltr'>causae</span> <span class='ocrx_word' id='word_1_247' title='bbox 1723 1743 1766 1781; x_wconf 87' lang='lat' dir='ltr'>in</span> 
     </span>
     <span class='ocr_line' id='line_1_30' title="bbox 318 1795 1759 1850; baseline 0.001 -16"><span class='ocrx_word' id='word_1_248' title='bbox 318 1795 381 1834; x_wconf 87' lang='lat' dir='ltr'>his</span> <span class='ocrx_word' id='word_1_249' title='bbox 411 1796 606 1849; x_wconf 80' lang='lat' dir='ltr'>figmentis</span> <span class='ocrx_word' id='word_1_250' title='bbox 640 1803 678 1835; x_wconf 88' lang='lat' dir='ltr'>et</span> <span class='ocrx_word' id='word_1_251' title='bbox 705 1797 935 1850; x_wconf 87' lang='lat' dir='ltr'>imposturis</span> <span class='ocrx_word' id='word_1_252' title='bbox 963 1795 1173 1835; x_wconf 89' lang='lat' dir='ltr'>collocant.</span> <span class='ocrx_word' id='word_1_253' title='bbox 1205 1796 1288 1835; x_wconf 89' lang='lat' dir='ltr'>Nec</span> <span class='ocrx_word' id='word_1_254' title='bbox 1316 1796 1407 1835; x_wconf 92' lang='lat' dir='ltr'>ideo</span> <span class='ocrx_word' id='word_1_255' title='bbox 1434 1796 1638 1835; x_wconf 85' lang='lat' dir='ltr'>Romanus</span> <span class='ocrx_word' id='word_1_256' title='bbox 1654 1811 1759 1850; x_wconf 87' lang='lat' dir='ltr'>pon-</span> 
     </span>
     <span class='ocr_line' id='line_1_31' title="bbox 317 1851 1759 1905; baseline 0.003 -17"><span class='ocrx_word' id='word_1_257' title='bbox 317 1851 412 1889; x_wconf 81' lang='lat' dir='ltr'>tifex</span> <span class='ocrx_word' id='word_1_258' title='bbox 440 1853 657 1903; x_wconf 83' lang='lat' dir='ltr'>primatum</span> <span class='ocrx_word' id='word_1_259' title='bbox 686 1866 708 1890; x_wconf 87' lang='lat' dir='ltr'>a</span> <span class='ocrx_word' id='word_1_260' title='bbox 737 1851 914 1892; x_wconf 88' lang='lat' dir='ltr'>conciliis</span> <span class='ocrx_word' id='word_1_261' title='bbox 950 1859 1020 1890; x_wconf 83' lang='lat' dir='ltr'>aut</span> <span class='ocrx_word' id='word_1_262' title='bbox 1047 1852 1099 1890; x_wconf 86' lang='lat' dir='ltr'>ab</span> <span class='ocrx_word' id='word_1_263' title='bbox 1135 1851 1442 1904; x_wconf 87' lang='lat' dir='ltr'>imperatoribus</span> <span class='ocrx_word' id='word_1_264' title='bbox 1472 1851 1620 1898; x_wconf 83' lang='lat' dir='ltr'>habet,</span> <span class='ocrx_word' id='word_1_265' title='bbox 1664 1854 1759 1905; x_wconf 83' lang='lat' dir='ltr'>quia</span> 
     </span>
     <span class='ocr_line' id='line_1_32' title="bbox 319 1906 1759 1960; baseline 0.002 -17"><span class='ocrx_word' id='word_1_266' title='bbox 319 1906 485 1944; x_wconf 89' lang='lat' dir='ltr'>concilia</span> <span class='ocrx_word' id='word_1_267' title='bbox 519 1914 557 1944; x_wconf 90' lang='lat' dir='ltr'>et</span> <span class='ocrx_word' id='word_1_268' title='bbox 579 1908 838 1960; x_wconf 84' lang='lat' dir='ltr'>imperatores</span> <span class='ocrx_word' id='word_1_269' title='bbox 860 1937 870 1956; x_wconf 91' lang='lat'>,</span> <span class='ocrx_word' id='word_1_270' title='bbox 910 1907 1148 1946; x_wconf 88' lang='lat' dir='ltr'>nominatim</span> <span class='ocrx_word' id='word_1_271' title='bbox 1181 1907 1425 1946; x_wconf 88' lang='lat' dir='ltr'>lustinianus</span> <span class='ocrx_word' id='word_1_272' title='bbox 1443 1935 1455 1956; x_wconf 96' lang='lat'>,</span> <span class='ocrx_word' id='word_1_273' title='bbox 1494 1913 1691 1946; x_wconf 85' lang='lat' dir='ltr'>testantur</span> <span class='ocrx_word' id='word_1_274' title='bbox 1718 1914 1759 1946; x_wconf 83' lang='lat' dir='ltr'>et</span> 
     </span>
     <span class='ocr_line' id='line_1_33' title="bbox 318 1961 1760 2015; baseline 0.002 -16"><span class='ocrx_word' id='word_1_275' title='bbox 318 1961 514 2000; x_wconf 86' lang='lat' dir='ltr'>definiunt</span> <span class='ocrx_word' id='word_1_276' title='bbox 542 1962 582 2000; x_wconf 91' lang='lat' dir='ltr'>in</span> <span class='ocrx_word' id='word_1_277' title='bbox 615 1964 695 2001; x_wconf 91' lang='lat' dir='ltr'>suis</span> <span class='ocrx_word' id='word_1_278' title='bbox 726 1963 894 2003; x_wconf 81' lang='lat' dir='ltr'>decretis</span> <span class='ocrx_word' id='word_1_279' title='bbox 923 1969 963 2001; x_wconf 85' lang='lat' dir='ltr'>et</span> <span class='ocrx_word' id='word_1_280' title='bbox 988 1962 1157 2015; x_wconf 86' lang='lat' dir='ltr'>legibus,</span> <span class='ocrx_word' id='word_1_281' title='bbox 1173 1962 1398 2001; x_wconf 83' lang='lat' dir='ltr'>Romanum</span> <span class='ocrx_word' id='word_1_282' title='bbox 1423 1961 1648 2012; x_wconf 72' lang='lat' dir='ltr'>pontificem</span> <span class='ocrx_word' id='word_1_283' title='bbox 1675 1976 1760 2002; x_wconf 86' lang='lat' dir='ltr'>esse</span> 
     </span>
     <span class='ocr_line' id='line_1_34' title="bbox 318 2017 1758 2072; baseline 0.001 -18"><span class='ocrx_word' id='word_1_284' title='bbox 318 2017 500 2055; x_wconf 89' lang='lat' dir='ltr'>omnium</span> <span class='ocrx_word' id='word_1_285' title='bbox 532 2018 723 2070; x_wconf 89' lang='lat' dir='ltr'>primum,</span> <span class='ocrx_word' id='word_1_286' title='bbox 756 2020 849 2072; x_wconf 91' lang='lat' dir='ltr'>quia</span> <span class='ocrx_word' id='word_1_287' title='bbox 877 2018 939 2057; x_wconf 85' lang='lat' dir='ltr'>his</span> <span class='ocrx_word' id='word_1_288' title='bbox 965 2017 1233 2057; x_wconf 86' lang='lat' dir='ltr'>sanctionibus</span> <span class='ocrx_word' id='word_1_289' title='bbox 1259 2031 1341 2056; x_wconf 89' lang='lat' dir='ltr'>non</span> <span class='ocrx_word' id='word_1_290' title='bbox 1374 2017 1560 2057; x_wconf 86' lang='lat' dir='ltr'>tribuunt</span> <span class='ocrx_word' id='word_1_291' title='bbox 1587 2017 1642 2056; x_wconf 89' lang='lat' dir='ltr'>illi</span> <span class='ocrx_word' id='word_1_292' title='bbox 1671 2017 1758 2070; x_wconf 89' lang='lat' dir='ltr'>pri-</span> 
     </span>
     <span class='ocr_line' id='line_1_35' title="bbox 316 2071 1755 2127; baseline 0.001 -18"><span class='ocrx_word' id='word_1_293' title='bbox 316 2084 426 2110; x_wconf 89' lang='lat' dir='ltr'>mam</span> <span class='ocrx_word' id='word_1_294' title='bbox 454 2079 494 2110; x_wconf 85' lang='lat' dir='ltr'>et</span> <span class='ocrx_word' id='word_1_295' title='bbox 532 2086 755 2126; x_wconf 88' lang='lat' dir='ltr'>supremam</span> <span class='ocrx_word' id='word_1_296' title='bbox 797 2079 1049 2127; x_wconf 85' lang='lat' dir='ltr'>potestatem,</span> <span class='ocrx_word' id='word_1_297' title='bbox 1086 2072 1154 2112; x_wconf 91' lang='lat' dir='ltr'>sed</span> <span class='ocrx_word' id='word_1_298' title='bbox 1199 2073 1403 2113; x_wconf 86' lang='lat' dir='ltr'>declarant</span> <span class='ocrx_word' id='word_1_299' title='bbox 1450 2079 1490 2111; x_wconf 88' lang='lat' dir='ltr'>et</span> <span class='ocrx_word' id='word_1_300' title='bbox 1534 2071 1755 2123; x_wconf 84' lang='lat' dir='ltr'>definiunt,</span> 
     </span>
     <span class='ocr_line' id='line_1_36' title="bbox 317 2126 1754 2181; baseline 0.002 -17"><span class='ocrx_word' id='word_1_301' title='bbox 317 2127 417 2179; x_wconf 91' lang='lat' dir='ltr'>quid</span> <span class='ocrx_word' id='word_1_302' title='bbox 446 2126 504 2166; x_wconf 88' lang='lat' dir='ltr'>illi</span> <span class='ocrx_word' id='word_1_303' title='bbox 543 2128 632 2167; x_wconf 87' lang='lat' dir='ltr'>iure</span> <span class='ocrx_word' id='word_1_304' title='bbox 675 2129 813 2169; x_wconf 88' lang='lat' dir='ltr'>divino</span> <span class='ocrx_word' id='word_1_305' title='bbox 851 2130 1068 2181; x_wconf 82' lang='lat' dir='ltr'>competit:</span> <span class='ocrx_word' id='word_1_306' title='bbox 1103 2128 1223 2181; x_wconf 90' lang='lat' dir='ltr'>idque</span> <span class='ocrx_word' id='word_1_307' title='bbox 1262 2128 1371 2181; x_wconf 90' lang='lat' dir='ltr'>quod</span> <span class='ocrx_word' id='word_1_308' title='bbox 1403 2128 1490 2166; x_wconf 85' lang='lat' dir='ltr'>iure</span> <span class='ocrx_word' id='word_1_309' title='bbox 1530 2127 1669 2166; x_wconf 86' lang='lat' dir='ltr'>divino</span> <span class='ocrx_word' id='word_1_310' title='bbox 1695 2127 1754 2167; x_wconf 87' lang='lat' dir='ltr'>illi</span> 
     </span>
     <span class='ocr_line' id='line_1_37' title="bbox 315 2181 1755 2237; baseline 0.002 -18"><span class='ocrx_word' id='word_1_311' title='bbox 315 2183 520 2233; x_wconf 81' lang='lat' dir='ltr'>competit,</span> <span class='ocrx_word' id='word_1_312' title='bbox 552 2192 776 2237; x_wconf 86' lang='lat' dir='ltr'>competere</span> <span class='ocrx_word' id='word_1_313' title='bbox 793 2185 912 2223; x_wconf 86' lang='lat' dir='ltr'>etiam</span> <span class='ocrx_word' id='word_1_314' title='bbox 942 2182 1084 2222; x_wconf 88' lang='lat' dir='ltr'>volunt</span> <span class='ocrx_word' id='word_1_315' title='bbox 1113 2184 1200 2222; x_wconf 87' lang='lat' dir='ltr'>iure</span> <span class='ocrx_word' id='word_1_316' title='bbox 1229 2197 1318 2232; x_wconf 88' lang='lat' dir='ltr'>suo,</span> <span class='ocrx_word' id='word_1_317' title='bbox 1350 2182 1425 2222; x_wconf 87' lang='lat' dir='ltr'>hoc</span> <span class='ocrx_word' id='word_1_318' title='bbox 1453 2189 1537 2230; x_wconf 85' lang='lat' dir='ltr'>est,</span> <span class='ocrx_word' id='word_1_319' title='bbox 1567 2181 1755 2222; x_wconf 86' lang='lat' dir='ltr'>ecclesia-</span> 
     </span>
     <span class='ocr_line' id='line_1_38' title="bbox 315 2237 1767 2293; baseline 0.003 -19"><span class='ocrx_word' id='word_1_320' title='bbox 315 2238 414 2275; x_wconf 85' lang='lat' dir='ltr'>stico</span> <span class='ocrx_word' id='word_1_321' title='bbox 443 2243 483 2275; x_wconf 84' lang='lat' dir='ltr'>et</span> <span class='ocrx_word' id='word_1_322' title='bbox 508 2237 642 2285; x_wconf 81' lang='lat' dir='ltr'>civili,</span> <span class='ocrx_word' id='word_1_323' title='bbox 676 2246 880 2293; x_wconf 88' lang='lat' dir='ltr'>tamquam</span> <span class='ocrx_word' id='word_1_324' title='bbox 907 2240 1005 2277; x_wconf 87' lang='lat' dir='ltr'>iuris</span> <span class='ocrx_word' id='word_1_325' title='bbox 1030 2238 1155 2278; x_wconf 86' lang='lat' dir='ltr'>divini</span> <span class='ocrx_word' id='word_1_326' title='bbox 1185 2239 1430 2291; x_wconf 88' lang='lat' dir='ltr'>interprete,</span> <span class='ocrx_word' id='word_1_327' title='bbox 1474 2245 1518 2276; x_wconf 90' lang='lat' dir='ltr'>ut</span> <span class='ocrx_word' id='word_1_328' title='bbox 1546 2250 1593 2276; x_wconf 88' lang='lat' dir='ltr'>eo</span> <span class='ocrx_word' id='word_1_329' title='bbox 1622 2239 1767 2279; x_wconf 67' lang='lat' dir='ltr'>minus</span> 
     </span>
     <span class='ocr_line' id='line_1_39' title="bbox 317 2292 1755 2347; baseline 0.001 -17"><span class='ocrx_word' id='word_1_330' title='bbox 317 2292 535 2330; x_wconf 85' lang='lat' dir='ltr'>auctoritas</span> <span class='ocrx_word' id='word_1_331' title='bbox 568 2300 606 2331; x_wconf 87' lang='lat' dir='ltr'>et</span> <span class='ocrx_word' id='word_1_332' title='bbox 636 2301 810 2345; x_wconf 88' lang='lat' dir='ltr'>potestas</span> <span class='ocrx_word' id='word_1_333' title='bbox 848 2294 915 2333; x_wconf 88' lang='lat' dir='ltr'>illa</span> <span class='ocrx_word' id='word_1_334' title='bbox 954 2294 1144 2347; x_wconf 86' lang='lat' dir='ltr'>primaria</span> <span class='ocrx_word' id='word_1_335' title='bbox 1186 2295 1226 2332; x_wconf 87' lang='lat' dir='ltr'>in</span> <span class='ocrx_word' id='word_1_336' title='bbox 1261 2293 1429 2331; x_wconf 88' lang='lat' dir='ltr'>dubium</span> <span class='ocrx_word' id='word_1_337' title='bbox 1468 2292 1519 2331; x_wconf 91' lang='lat' dir='ltr'>ab</span> <span class='ocrx_word' id='word_1_338' title='bbox 1559 2293 1755 2345; x_wconf 82' lang='lat' dir='ltr'>improbis</span> 
     </span>
     <span class='ocr_line' id='line_1_40' title="bbox 315 2347 1754 2401; baseline 0.001 -15"><span class='ocrx_word' id='word_1_339' title='bbox 315 2347 495 2386; x_wconf 82' lang='lat' dir='ltr'>revocari</span> <span class='ocrx_word' id='word_1_340' title='bbox 527 2349 664 2399; x_wconf 86' lang='lat' dir='ltr'>possit.</span> <span class='ocrx_word' id='word_1_341' title='bbox 721 2350 808 2388; x_wconf 89' lang='lat' dir='ltr'>Non</span> <span class='ocrx_word' id='word_1_342' title='bbox 846 2351 954 2388; x_wconf 90' lang='lat' dir='ltr'>enim</span> <span class='ocrx_word' id='word_1_343' title='bbox 991 2349 1166 2401; x_wconf 87' lang='lat' dir='ltr'>pontifex</span> <span class='ocrx_word' id='word_1_344' title='bbox 1197 2349 1400 2388; x_wconf 88' lang='lat' dir='ltr'>Romanus</span> <span class='ocrx_word' id='word_1_345' title='bbox 1428 2348 1578 2400; x_wconf 88' lang='lat' dir='ltr'>accepit</span> <span class='ocrx_word' id='word_1_346' title='bbox 1604 2349 1754 2399; x_wconf 87' lang='lat' dir='ltr'>prima-</span> 
     </span>
     <span class='ocr_line' id='line_1_41' title="bbox 317 2402 1754 2456; baseline 0.001 -16"><span class='ocrx_word' id='word_1_347' title='bbox 317 2407 405 2440; x_wconf 90' lang='lat' dir='ltr'>tum</span> <span class='ocrx_word' id='word_1_348' title='bbox 433 2415 458 2441; x_wconf 89' lang='lat' dir='ltr'>a</span> <span class='ocrx_word' id='word_1_349' title='bbox 488 2402 665 2443; x_wconf 90' lang='lat' dir='ltr'>conciliis</span> <span class='ocrx_word' id='word_1_350' title='bbox 694 2412 763 2442; x_wconf 85' lang='lat' dir='ltr'>aut</span> <span class='ocrx_word' id='word_1_351' title='bbox 791 2405 1096 2456; x_wconf 85' lang='lat' dir='ltr'>imperatoribus</span> <span class='ocrx_word' id='word_1_352' title='bbox 1115 2433 1126 2454; x_wconf 94' lang='lat'>,</span> <span class='ocrx_word' id='word_1_353' title='bbox 1155 2403 1224 2442; x_wconf 87' lang='lat' dir='ltr'>sed</span> <span class='ocrx_word' id='word_1_354' title='bbox 1254 2404 1305 2442; x_wconf 90' lang='lat' dir='ltr'>ab</span> <span class='ocrx_word' id='word_1_355' title='bbox 1335 2403 1404 2442; x_wconf 89' lang='lat' dir='ltr'>illo</span> <span class='ocrx_word' id='word_1_356' title='bbox 1421 2432 1432 2452; x_wconf 92' lang='lat'>,</span> <span class='ocrx_word' id='word_1_357' title='bbox 1463 2404 1532 2455; x_wconf 89' lang='lat' dir='ltr'>qui</span> <span class='ocrx_word' id='word_1_358' title='bbox 1566 2402 1688 2441; x_wconf 84' lang='lat' dir='ltr'>Petro</span> <span class='ocrx_word' id='word_1_359' title='bbox 1713 2409 1754 2442; x_wconf 81' lang='lat' dir='ltr'>et</span> 
     </span>
     <span class='ocr_line' id='line_1_42' title="bbox 317 2456 1753 2498; baseline 0 -3"><span class='ocrx_word' id='word_1_360' title='bbox 317 2456 607 2497; x_wconf 87' lang='lat' dir='ltr'>successoribus</span> <span class='ocrx_word' id='word_1_361' title='bbox 635 2461 759 2498; x_wconf 82' lang='lat' dir='ltr'>sancti</span> <span class='ocrx_word' id='word_1_362' title='bbox 785 2459 896 2498; x_wconf 87' lang='lat' dir='ltr'>Petri</span> <span class='ocrx_word' id='word_1_363' title='bbox 925 2460 966 2496; x_wconf 90' lang='lat' dir='ltr'>in</span> <span class='ocrx_word' id='word_1_364' title='bbox 995 2458 1117 2497; x_wconf 89' lang='lat' dir='ltr'>Petro</span> <span class='ocrx_word' id='word_1_365' title='bbox 1145 2459 1270 2497; x_wconf 87' lang='lat' dir='ltr'>dixit:</span> <span class='ocrx_word' id='word_1_366' title='bbox 1304 2459 1364 2497; x_wconf 85' lang='grc' dir='ltr'>Τιι</span> <span class='ocrx_word' id='word_1_367' title='bbox 1386 2471 1426 2496; x_wconf 79' lang='lat' dir='ltr'>es</span> <span class='ocrx_word' id='word_1_368' title='bbox 1454 2459 1593 2496; x_wconf 74' lang='lat' dir='ltr'>Petrus</span> <span class='ocrx_word' id='word_1_369' title='bbox 1621 2467 1661 2496; x_wconf 85' lang='lat' dir='ltr'>et</span> <span class='ocrx_word' id='word_1_370' title='bbox 1687 2472 1753 2496; x_wconf 77' lang='lat' dir='ltr'>sn-</span> 
     </span>
     <span class='ocr_line' id='line_1_43' title="bbox 309 2511 1753 2567; baseline 0.001 -18"><span class='ocrx_word' id='word_1_371' title='bbox 309 2525 389 2566; x_wconf 81' lang='lat' dir='ltr'>per·</span> <span class='ocrx_word' id='word_1_372' title='bbox 406 2514 511 2551; x_wconf 77' lang='lat' dir='ltr'>hanc</span> <span class='ocrx_word' id='word_1_373' title='bbox 527 2522 693 2566; x_wconf 53' lang='lat' dir='ltr'>petram*</span> <span class='ocrx_word' id='word_1_374' title='bbox 710 2521 788 2553; x_wconf 89' lang='lat' dir='ltr'>etc.</span> <span class='ocrx_word' id='word_1_375' title='bbox 817 2521 891 2552; x_wconf 73' lang='lat' dir='ltr'>etc,</span> <span class='ocrx_word' id='word_1_376' title='bbox 911 2527 1028 2567; x_wconf 78' lang='lat' dir='ltr'>pasce</span> <span class='ocrx_word' id='word_1_377' title='bbox 1046 2528 1136 2552; x_wconf 80' lang='lat' dir='ltr'>oves</span> <span class='ocrx_word' id='word_1_378' title='bbox 1149 2528 1268 2552; x_wconf 77' lang='lat' dir='ltr'>meaS.</span> <span class='ocrx_word' id='word_1_379' title='bbox 1300 2513 1421 2563; x_wconf 88' lang='lat' dir='ltr'>Quod</span> <span class='ocrx_word' id='word_1_380' title='bbox 1447 2511 1547 2551; x_wconf 88' lang='lat' dir='ltr'>nulli</span> <span class='ocrx_word' id='word_1_381' title='bbox 1578 2525 1623 2550; x_wconf 85' lang='lat' dir='ltr'>ex</span> <span class='ocrx_word' id='word_1_382' title='bbox 1640 2512 1753 2551; x_wconf 88' lang='lat' dir='ltr'>Con-</span> 
     </span>
     <span class='ocr_line' id='line_1_44' title="bbox 316 2566 1785 2622; baseline 0.001 -18"><span class='ocrx_word' id='word_1_383' title='bbox 316 2566 686 2619; x_wconf 71' lang='lat' dir='ltr'>stantinopolitanis</span> <span class='ocrx_word' id='word_1_384' title='bbox 709 2569 943 2622; x_wconf 85' lang='lat' dir='ltr'>patriarchis</span> <span class='ocrx_word' id='word_1_385' title='bbox 985 2568 1147 2607; x_wconf 83' lang='lat' dir='ltr'>dictum.</span> <span class='ocrx_word' id='word_1_386' title='bbox 1208 2568 1314 2607; x_wconf 86' lang='lat' dir='ltr'>Haec</span> <span class='ocrx_word' id='word_1_387' title='bbox 1352 2569 1384 2606; x_wconf 90' lang='lat' dir='ltr'>si</span> <span class='ocrx_word' id='word_1_388' title='bbox 1415 2567 1527 2606; x_wconf 90' lang='lat' dir='ltr'>Nilus</span> <span class='ocrx_word' id='word_1_389' title='bbox 1551 2567 1751 2606; x_wconf 84' lang='lat' dir='ltr'>advertis·</span> <span class='ocrx_word' id='word_1_390' title='bbox 1780 2594 1785 2597; x_wconf 91' lang='lat'><em>-</em></span> 
     </span>
     <span class='ocr_line' id='line_1_45' title="bbox 316 2622 1761 2677; baseline 0.001 -18"><span class='ocrx_word' id='word_1_391' title='bbox 316 2628 391 2672; x_wconf 90' lang='lat' dir='ltr'>set,</span> <span class='ocrx_word' id='word_1_392' title='bbox 419 2622 552 2661; x_wconf 90' lang='lat' dir='ltr'>minus</span> <span class='ocrx_word' id='word_1_393' title='bbox 579 2623 756 2665; x_wconf 85' lang='lat' dir='ltr'>fortassis</span> <span class='ocrx_word' id='word_1_394' title='bbox 784 2624 1023 2677; x_wconf 85' lang='lat' dir='ltr'>ineptiarum</span> <span class='ocrx_word' id='word_1_395' title='bbox 1051 2623 1091 2661; x_wconf 91' lang='lat' dir='ltr'>in</span> <span class='ocrx_word' id='word_1_396' title='bbox 1123 2622 1260 2662; x_wconf 92' lang='lat' dir='ltr'>libello</span> <span class='ocrx_word' id='word_1_397' title='bbox 1289 2636 1359 2662; x_wconf 92' lang='lat' dir='ltr'>suo</span> <span class='ocrx_word' id='word_1_398' title='bbox 1387 2622 1437 2661; x_wconf 92' lang='lat' dir='ltr'>de</span> <span class='ocrx_word' id='word_1_399' title='bbox 1454 2624 1626 2675; x_wconf 88' lang='lat' dir='ltr'>primatu</span> <span class='ocrx_word' id='word_1_400' title='bbox 1645 2637 1761 2676; x_wconf 51' lang='lat' dir='ltr'>pon-2</span> 
     </span>
     <span class='ocr_line' id='line_1_46' title="bbox 314 2675 673 2719; baseline 0.014 -4"><span class='ocrx_word' id='word_1_401' title='bbox 314 2676 429 2717; x_wconf 83' lang='lat' dir='ltr'>tificis</span> <span class='ocrx_word' id='word_1_402' title='bbox 462 2675 673 2719; x_wconf 84' lang='lat' dir='ltr'>effudisset.</span> 
     </span>
    </p>

    <p class='ocr_par' dir='ltr' id='par_1_3' title="bbox 426 2730 1758 2787">
     <span class='ocr_line' id='line_1_47' title="bbox 426 2730 1758 2787; baseline 0.001 -15"><span class='ocrx_word' id='word_1_403' title='bbox 426 2730 510 2772; x_wconf 89' lang='lat' dir='ltr'>Alii</span> <span class='ocrx_word' id='word_1_404' title='bbox 540 2734 684 2775; x_wconf 78' lang='lat' dir='ltr'>Graeci</span> <span class='ocrx_word' id='word_1_405' title='bbox 719 2733 798 2775; x_wconf 83' lang='lat' dir='ltr'>alia</span> <span class='ocrx_word' id='word_1_406' title='bbox 825 2735 891 2776; x_wconf 84' lang='lat' dir='ltr'>via</span> <span class='ocrx_word' id='word_1_407' title='bbox 928 2739 966 2772; x_wconf 88' lang='lat' dir='ltr'>et</span> <span class='ocrx_word' id='word_1_408' title='bbox 1002 2734 1158 2772; x_wconf 87' lang='lat' dir='ltr'>ratione</span> <span class='ocrx_word' id='word_1_409' title='bbox 1197 2733 1413 2786; x_wconf 86' lang='lat' dir='ltr'>primatum</span> <span class='ocrx_word' id='word_1_410' title='bbox 1442 2732 1493 2772; x_wconf 84' lang='lat' dir='ltr'>ad</span> <span class='ocrx_word' id='word_1_411' title='bbox 1531 2745 1572 2773; x_wconf 87' lang='lat' dir='ltr'>se</span> <span class='ocrx_word' id='word_1_412' title='bbox 1610 2745 1758 2787; x_wconf 79' lang='lat' dir='ltr'>rapere·</span> 
     </span>
    </p>
   </div>
  </div>
 </body>
</html>
