1794 3158
425 142 498 183 An
537 141 905 184 CANTAcanNJ
945 142 1046 181 Lm.
1071 142 1105 179 1.
1383 119 1454 192 39
1469 137 1486 169 1

27 252 148 290 „tura
174 243 289 284 nobis
315 246 590 299 ingeneratum
617 246 872 286 desiderium.
928 244 1005 283 Sed
1032 246 1127 298 quia
1153 242 1324 296 cognitio
1355 248 1494 281 nostra

52 314 216 341 necesse
239 307 299 340 est
326 315 396 354 per
424 315 562 341 sensus
589 302 640 340 ad
667 302 846 340 animum
873 302 1021 347 veniat,
1051 299 1255 353 quomodo
1285 311 1358 335 nec
1374 296 1494 335 simul

53 356 190 394 omnia
219 356 399 396 sensibus
430 359 665 410 percipere,
710 357 766 395 sic
791 369 865 394 nec
900 356 1036 393 omnia
1063 354 1203 393 eodem
1231 360 1411 405 tempore
1441 352 1494 390 si-

47 409 135 449 mul
161 424 399 464 cognoscere
416 426 642 465 possumus.
698 412 840 464 Itaque
852 410 1068 465 perfectam
1094 410 1359 463 coguitionem
1380 407 1492 461 quasi

50 464 247 518 gradatim
276 468 538 519 acquirimus.
596 479 775 507 rouun-

162 521 266 573 Pag.
286 520 356 572 44,
373 521 414 561 5.
437 521 631 585 P“75,M·
658 536 738 574 mg.

161 575 266 628 Pag.
282 575 352 627 44,
369 577 407 616 5.
435 590 635 629 κρατησει
661 576 782 616 scrib.
810 589 855 614 ex
886 574 942 614 M.

159 631 264 684 Pag.
281 630 408 685 44,9.
437 628 745 682 συγκαταδύσει
777 632 837 670 Μ.
869 637 990 670 recte.

159 686 264 739 Pag.
279 685 351 737 44,
377 701 437 741 ¹9·
457 683 543 725 ἴδοι
565 687 620 727 Μ.

155 741 262 793 Pag.
277 741 345 791 44,
363 755 429 780 20.
447 741 521 791 τῆς
553 737 711 781 ἑαυτοῦ
744 742 804 780 Μ.
834 753 914 792 mg.
946 739 1038 782 add.
1067 745 1156 792 post
1175 737 1326 791 μέτρῳ,

158 794 263 849 Pag.
276 795 346 847 45,
366 795 428 835 15.
451 792 599 840 ov’nM.
621 796 714 838 add.
734 802 826 835 ante
838 789 906 849 “fut
938 809 1061 849 supra
1089 795 1178 842 fin„
1207 795 1354 832 omisso
1385 784 1490 829 oino-

49 847 246 901 σχέσθαι.

158 904 262 958 Pag.
277 904 348 955 45,
370 905 433 947 16.
466 905 587 946 ἕνεκα
614 906 674 949 Μ.

132 995 135 1003 .
155 960 259 1012 Pag·
279 962 350 1010 45,
370 976 433 1016 ¹7·
462 976 487 1000 ιι
498 971 664 1001 netum
690 959 924 1001 Domini.
973 959 1190 1013 Loquitur,
1221 965 1268 997 ut
1290 953 1427 996 David
1443 953 1496 991 de*

45 1013 166 1054 Saule
194 1019 424 1065 consuevit,
455 1016 528 1056 lib.
558 1018 656 1070 Reg.
697 1031 734 1056 ι.
781 1017 1022 1069 Interpretes
1056 1014 1280 1056 bibliorum
1303 1012 1489 1065 frequen-

44 1070 196 1109 tissime
225 1085 364 1110 vocem
393 1073 588 1111 Graecam
614 1067 787 1124 χριστὸς
819 1074 1086 1110 retinuerunt.
1141 1069 1203 1108 Ut
1242 1083 1273 1110 ι.
1307 1068 1486 1119 Regum:

43 1124 275 1179 Loquimini
305 1141 439 1166 cor-am
467 1126 559 1166 Deo
599 1135 637 1165 et
668 1127 809 1165 christo
852 1128 947 1168 eius.
1005 1126 1061 1164 ln·
1090 1123 1258 1165 Psalmis
1284 1137 1296 1161 ι
1354 1122 1487 1160 Nolite

43 1188 205 1231 tangere
232 1182 392 1221 chnkcos
415 1196 533 1222 meos.
559 1181 747 1220 Salvavit
767 1181 960 1220 Dominus
985 1181 1170 1219 christum
1195 1193 1319 1217 suum.
1367 1177 1490 1228 Apud

43 1234 197 1274 Lucam
223 1236 273 1274 de
303 1237 489 1276 Simeone
510 1251 524 1276 ε
573 1237 667 1276 Νοη
699 1237 874 1275 visumm
907 1251 947 1274 se
969 1244 1158 1284 mortem,
1191 1234 1271 1272 nisi
1285 1233 1399 1287 prius
1426 1234 1488 1270 vi-

35 1290 154 1337 der-ec
186 1292 367 1330 christum
402 1292 597 1331 Domini:
640 1298 679 1330 et
716 1292 930 1330 sexcenties
968 1289 1077 1328 alibi.
1147 1290 1308 1327 Dicitur
1351 1295 1486 1326 autem

41 1340 89 1383 τὸ
139 1355 273 1385 unctus
307 1347 478 1387 Domini
528 1354 598 1386 aut
637 1347 798 1384 christus
839 1345 1010 1384 Domini
1055 1358 1149 1383 cum
1194 1343 1489 1396 significatione

42 1402 231 1451 maxima,
260 1409 320 1441 est
348 1410 387 1441 et
414 1402 584 1441 verbum
620 1402 912 1454 gravissimum.
940 1414 1112 1442 romum.

151 1456 255 1508 Pag.
273 1456 345 1506 45,
364 1459 430 1497 23.
464 1453 531 1496 τὸν
559 1457 634 1495 τοῦ
664 1455 827 1495 δικαίου
858 1457 918 1494 Μ.
950 1470 1051 1508 mg.‚
1083 1461 1176 1493 text.
1202 1451 1287 1491 τῶν
1301 1450 1489 1491 δικαίων.

152 1511 255 1564 Pag.
274 1511 344 1562 46,
368 1527 429 1554 11.
458 1513 584 1563 dign
596 1513 721 1550 itate
756 1525 846 1549 sua
877 1511 1067 1550 orbari.
1109 1509 1156 1547 Id
1171 1507 1384 1560 praecipue
1403 1515 1487 1546 tra-

39 1565 118 1659 gici
144 1574 286 1618 poetae
313 1567 430 1606 nobis
457 1567 611 1620 egregie
637 1572 795 1618 ponunt
822 1573 917 1604 ante
947 1564 1110 1610 oculos,
1151 1563 1250 1601 dum
1278 1562 1419 1602 heroas
1448 1570 1488 1601 et

73 1622 230 1660 eminas
258 1635 329 1660 sua
358 1622 576 1661 infortunia
617 1621 964 1673 tristissimamque
982 1649 996 1671 ,
1029 1627 1068 1658 et
1097 1619 1238 1657 beatae
1281 1618 1487 1669 quondam

42 1689 89 1715 ac
119 1674 223 1714 felici
263 1675 382 1729 longe
430 1677 630 1730 disparem
673 1675 947 1714 conditionem
985 1673 1241 1727 deplorantes
1277 1672 1488 1715 inducunt.

39 1730 236 1784 Exempla
279 1731 405 1771 multa
443 1730 714 1784 suppeditabit
756 1744 862 1768 unus
889 1730 1118 1781 Euripides.
1174 1728 1260 1766 Nec
1301 1734 1384 1766 tam
1426 1728 1486 1766 iu-

23 1785 222 1824 cundum
252 1794 337 1836 est,
368 1802 414 1826 ex
443 1788 589 1826 afflicto
628 1799 675 1824 ac
708 1785 867 1838 perdito
894 1785 1057 1824 beatum
1075 1813 1087 1833 ,
1133 1797 1256 1835 quam
1298 1782 1487 1820 acerbum

39 1854 86 1879 ac
114 1839 369 1892 luctuosum,
419 1856 464 1881 ex
493 1842 611 1880 beato
661 1841 852 1879 miserum
893 1847 933 1879 et
974 1839 1251 1879 calamitosum
1300 1837 1485 1876 evadere.

40 1895 191 1935 Seneca
215 1897 266 1936 de
296 1896 585 1950 tranquillitate
611 1897 750 1943 animi,
781 1909 869 1948 cap.
885 1894 947 1936 8.:
992 1894 1252 1933 Tolerabilius
1284 1901 1364 1942 est,
1401 1893 1487 1939 ‚fiz-

41 1951 230 2006 ciliusqne
252 1967 330 1991 non
353 1953 586 2008 acquirere,
602 1965 722 2006 qnam
745 1952 936 1989 amittere.
969 1950 1143 2004 Ideoque
1166 1949 1343 1987 laetiores
1369 1945 1487 1985 vide-

39 2005 115 2056 bis,
133 2021 229 2061 quos
247 2022 445 2063 nunquam
455 2009 629 2059 fortuna
650 2007 840 2060 respexit,
860 2020 979 2059 quam
997 2019 1091 2060 qnos
1110 2004 1289 2044 deser-ait.
1312 2015 1481 2041 PONTAN.

151 2062 260 2113 Pag.
276 2062 344 2113 46,
372 2064 431 2102 13.
462 2064 613 2111 mori,
651 2074 798 2116 quam
825 2062 1051 2100 servire„
1101 2060 1324 2098 Enumerat
1344 2055 1480 2095 Valer.

38 2115 148 2153 Max.
190 2115 258 2157 lib.
289 2119 331 2157 3.
359 2132 447 2170 cap.
481 2131 518 2158 2.
563 2117 613 2155 de
653 2114 915 2165 fortitudine,
961 2116 1009 2154 P.
1042 2115 1252 2163 Crassum,
1295 2113 1365 2166 qui
1393 2127 1485 2150 cum

31 2170 261 2212 Aristonico
288 2172 440 2211 bellum
479 2173 521 2211 in
563 2173 659 2211 Asia
696 2171 828 2224 gessit,
862 2171 1120 2223 Scipionem,
1150 2169 1336 2222 Pompeii
1374 2181 1485 2206 soce-

40 2239 156 2275 rum,
201 2227 395 2268 Catonem
423 2229 668 2267 Uticensem.
725 2225 884 2276 Quibus
927 2225 1029 2264 adde
1056 2238 1103 2264 ex
1130 2225 1321 2263 Suetonio
1351 2223 1483 2261 Otho-

41 2292 152 2320 nem.
206 2282 371 2322 Primus
410 2283 524 2322 hoste
551 2282 760 2330 lacessito,
788 2280 840 2320 ab
870 2294 917 2319 eo
952 2287 1012 2320 est
1043 2280 1298 2329 interfectus,
1340 2277 1483 2330 reliqui

41 2349 112 2374 sua
142 2352 266 2377 manu
295 2353 431 2378 necem
459 2339 534 2377 sibi
566 2336 793 2376 intulerunt
811 2365 823 2386 ,
852 2350 901 2375 ne
944 2337 1157 2375 servirent.
1214 2335 1293 2373 Sed
1322 2334 1487 2371 Catonis

39 2391 196 2432 facinus
223 2408 315 2432 cum
348 2393 400 2432 ab
429 2392 518 2431 aliis
536 2423 549 2442 ,
590 2400 677 2431 tum
706 2393 826 2430 etiam
855 2405 878 2429 a
906 2390 1098 2430 Cicerone
1127 2388 1287 2428 laudem
1315 2389 1482 2428 invenit.

40 2446 163 2487 Putat
190 2450 314 2499 enim,
346 2462 438 2487 cum
466 2449 501 2487 ei
533 2446 806 2486 incredibilem
832 2446 1038 2485 tribuisset
1070 2453 1212 2484 natura
1239 2444 1487 2497 gravitatem,

43 2514 213 2555 eamque
241 2505 324 2556 ipse
348 2511 537 2556 perpetua
559 2503 780 2541 constantia
806 2501 1045 2547 roborasset,
1082 2513 1317 2552 semperque
1334 2498 1374 2537 iri
1402 2512 1487 2551 pro·

43 2560 174 2608 posito
196 2565 456 2611 susceptoque
487 2557 652 2596 consilio
673 2558 965 2610 permansisset,
985 2569 1121 2595 necem
1143 2556 1274 2607 potius
1296 2554 1369 2592 sibi
1399 2567 1487 2592 con-

46 2613 239 2662 sciscere,
273 2627 393 2663 quam
432 2614 593 2668 tyranni
622 2613 802 2652 Caesaris
834 2611 991 2652 vultum
1018 2613 1191 2664 aspicere
1220 2609 1414 2650 debuisse.
1456 2622 1488 2650 ι.

46 2665 97 2705 de
122 2667 205 2707 Off.
239 2681 411 2707 ron'rm.

157 2721 343 2774 Pag.46‚
361 2722 423 2762 16.
464 2725 645 2777 quavis
675 2737 808 2777 aqua
836 2724 1022 2773 stygia.
1080 2719 1171 2772 Ipsa
1195 2723 1305 2773 styge
1328 2726 1386 2758 est
1410 2717 1485 2756 illis
