1800 3164
347 167 416 222 50
874 180 1246 224 CANTACUZENJ

134 285 221 320 A-C-
245 287 326 332 ¹347
343 287 389 326 δὲ
417 279 468 339 ἦν
496 279 663 338 ἄμαχον
693 282 738 325 τὸ
769 281 924 335 κακὸν,
962 279 1019 331 ὦς
1060 281 1166 335 μήτε
1207 283 1372 322 δίαιταν
1411 281 1646 335 μηδεμίαν,
1675 279 1779 333 μήτε

341 350 489 405 ῥώμην
528 349 721 401 σώματος
762 351 993 403 δυνηθῆναι
1039 347 1266 401 ἀντισχεῖν.
1327 345 1460 388 πάντα
1503 344 1584 400 γὰρ
1627 346 1780 398 ὁμοίως

340 415 518 472 καθῄρει
561 414 632 455 καί
671 411 826 470 ἰσχυρὰ
863 417 934 455 καί
973 413 1131 468 ἀσθενῆ
1162 414 1359 465 σώματα,
1406 413 1480 453 καί
1517 409 1556 452 οἱ
1594 413 1779 464 μάλιστα

341 479 673 535 θεραπευόμενοι
717 479 872 532 ὁμοίως
919 480 1179 533 ἀπέθνησκον
1222 485 1307 527 τοῖς
1359 475 1655 533 α’πορωτὰτοις.
1727 472 1776 517 ἄ-

339 562 458 588 νοσον
499 548 575 598 μὲν
617 546 695 601 γὰρ
726 540 777 599 ἦν
811 547 940 587 έκεῖνο
980 540 1026 586 τὸ
1072 542 1160 592 ἔτος
1195 543 1458 585 παντάπασιν
1494 544 1553 591 εἷς
1589 540 1664 590 τὰς
1705 537 1800 583 ‹ia-e

297 614 412 659 (ἶλας
444 614 680 659 ἀσθενείας.
739 613 778 652 εἰ
804 612 851 652 δέ
877 628 937 660 τις
965 613 1038 652 καί
1065 612 1298 665 προέκαμνέ
1332 626 1389 662 τι,
1424 608 1559 651 πάντα
1589 609 1647 658 εἷς
1672 608 1776 649 ἐκεῖ·

336 693 381 719 νο
405 679 599 730 κατέληγε
621 675 665 718 τὸ
691 677 866 733 νόσημα,
889 678 959 718 καί
977 674 1068 719 οὔτε
1091 679 1244 732 ἰατρῶν
1265 676 1425 730 ἐξήρκει
1443 678 1566 730 τέχνη
1584 676 1775 727 ου’δεμία,

336 738 429 783 οὔτε
452 739 679 797 παρόμοιον
695 745 822 784 πᾶσιν
843 739 909 797 ἦν,
930 744 1020 784 ἀλλ’
1045 741 1082 783 οἱ
1105 745 1184 795 μὲν
1208 742 1358 782 αὕτίκα
1382 741 1483 782 οὐδὲ
1507 738 1612 795 πρὸς
1631 738 1772 795 βραχὺ

335 809 575 862 ἆντέχοντες
597 807 841 862 αὐθημερὸν
861 808 1133 863 ἀπέθνησκον,
1164 807 1262 848 ἔνιοι
1286 807 1331 847 δὲ
1347 808 1419 848 καί
1437 805 1653 861 αὖθωρόν·
1683 801 1774 849 ὅσοι

332 875 378 915 δὲ
406 874 476 915 ἐπὶ
501 876 622 916 δυσίν
650 875 838 927 ἀντεῖχον
867 869 894 927 ἢ
925 875 1061 927 τρισίν
1090 874 1284 927 ἡμέραις,
1329 874 1473 926 πρῶτα
1500 873 1578 924 μὲν
1611 873 1800 927 πυρετῷι

332 941 567 993 κατείχοντο
606 939 866 997 λαβροτάτῳ,
906 941 979 981 καί
1017 941 1060 988 ἐς
1099 938 1174 993 την
1211 936 1397 993 κεφαλὴν
1433 939 1512 978 τοῦ
1541 936 1773 992 νοσήματος

330 1006 614 1057 ἐμπίπτοντος,
645 1005 811 1062 ἀφωνία
839 1007 1078 1058 κατείχοντο
1121 1003 1194 1045 καί
1225 1005 1476 1060 α’ναισθησίᾳ
1504 1000 1609 1058 πρὸς
1636 1001 1771 1044 πάντα

330 1070 383 1111 τὰ
413 1069 623 1124 γινόμενα,
654 1068 889 1126 καί-ὤσπερ
922 1069 1022 1127 πρὸς
1050 1067 1181 1112 ὕπνον
1210 1071 1482 1126 κατεφέροντο
1510 1066 1666 1122 βαθύν.
1719 1063 1771 1123 ἢν

332 1136 378 1176 δέ
412 1152 489 1176 που
531 1135 816 1191 ἀνανήψειαν,
860 1138 1122 1192 φθέγγεσθαι
1150 1137 1226 1188 μὲν
1255 1135 1500 1189 ἐβούλοντο,
1530 1136 1773 1189 δυσκίνητος

287 1202 381 1243 Βδὲ
408 1200 433 1256 ἦ
462 1204 630 1255 γλῶσσα
659 1198 710 1257 ἧν
741 1205 813 1244 καί
843 1202 1119 1257 α’διάρθρωτα
1147 1201 1198 1244 τὰ
1227 1201 1358 1242 πολλὰ
1386 1202 1652 1257 ἐφθέγγοντο,
1686 1202 1800 1243 τῶνι

194 1276 234 1312 V.
252 1272 428 1324 586περί
453 1267 499 1311 τὸ
529 1270 633 1310 ἰνίον
663 1268 821 1323 νεύρων
850 1270 1161 1324 νεκρωθέντων,
1191 1270 1263 1309 καί
1289 1267 1467 1321 τάχιστα
1496 1266 1769 1322 ἀπέθνησκον.

328 1333 481 1389 ἑτέροις
511 1336 557 1376 δὲ
586 1335 663 1376 οὐκ
690 1337 749 1383 εἰς
774 1333 850 1388 τὴν
881 1333 1097 1389 κεφαλὴν,
1138 1330 1228 1375 ἀλλ’
1262 1335 1321 1382 εἰς
1348 1331 1421 1374 τὸν
1451 1330 1664 1385 πνεύμονα
1695 1334 1771 1386 ἐμ-

327 1402 477 1443 πίπτον
506 1399 551 1442 τὸ
580 1399 717 1454 κακὸν,
751 1398 961 1456 φλόγωσίς
994 1415 1038 1440 τε
1067 1395 1119 1454 ἦν
1146 1399 1299 1441 αὐτίκα
1328 1396 1434 1453 πρὸς
1459 1397 1510 1440 τά
1539 1397 1670 1452 ἔνδον,
1699 1400 1774 1440 καί

326 1464 518 1521 δριμείας
560 1468 737 1508 ἐνεποίει
779 1464 1011 1519 ἀλγηδόνας
1050 1467 1146 1520 περὶ
1188 1463 1237 1507 τὰ
1273 1463 1428 1519 στήθη·
1493 1462 1688 1520 ὖ’φαιμόν
1723 1481 1769 1506 τε

323 1532 498 1574 πτύελον
539 1532 774 1587 ἀνέπεμπον
813 1532 886 1572 καί
921 1535 1087 1584 πνεῦμα
1128 1526 1282 1572 ἄτοπον
1313 1530 1395 1571 α’πό
1441 1533 1524 1572 τῶν
1550 1529 1670 1572 ἔνδον
1697 1529 1800 1572 nala

322 1599 535 1646 δυσῶδες·
591 1594 618 1653 ἢ
645 1613 690 1639 τε
720 1598 885 1654 φάρυγξ
917 1597 988 1638 καί
1022 1597 1047 1650 ἦ
1076 1598 1243 1651 γλῶσσα
1273 1594 1651 1651 καταξηραινόμενα
1682 1595 1764 1638 ὑπὸ

318 1666 398 1704 τοῦ
426 1663 643 1716 καύσονος,
673 1665 833 1716 μέλανα
861 1661 934 1704 καί
960 1661 1181 1717 αἱματώδη
1210 1658 1338 1718 ἦσαν·
1393 1665 1466 1704 καί
1491 1662 1620 1704 ποτὸν
1647 1663 1695 1704 τό
1723 1679 1767 1705 τε
1798 1694 1800 1696 -

317 1729 442 1770 πλέον
469 1728 541 1770 καί
566 1727 612 1770 τὸ
643 1727 818 1771 ἔλασσον
848 1730 892 1770 ἐν
919 1728 1047 1785 ὁμοίῳ
1079 1727 1371 1783 καθειστήκει·
1427 1731 1500 1770 καί
1517 1726 1541 1783 ἢ
1561 1728 1768 1784 οἶγρυπνάι

402 1808 431 1841 7.
458 1797 530 1830 οὐκ
557 1795 664 1842 ἤρκει
688 1797 735 1829 Μ.
763 1809 829 1842 mg.
937 1810 969 1842 9.
994 1795 1234 1840 α’ντίσχονιες
1256 1797 1305 1829 Μ.
1332 1807 1400 1841 mg.

318 1860 381 1888 est.
434 1855 493 1887 Sic
522 1860 643 1887 autem
670 1860 746 1887 erat
771 1855 973 1888 incurabile
999 1854 1131 1887 malum
1149 1880 1158 1894 ‚
1184 1858 1225 1887 ut
1248 1866 1367 1899 neque
1394 1855 1468 1887 ulla
1486 1854 1766 1901 diaeta‚neque

316 1901 429 1935 robur
453 1902 613 1946 corporis
640 1907 763 1945 posset
787 1903 978 1940 resistere,
1006 1912 1085 1934 cum
1108 1902 1249 1941 omnia,
1277 1911 1393 1946 aeque
1417 1901 1556 1942 valida,
1583 1907 1623 1935 ut
1646 1901 1765 1935 imbe-

316 1949 401 1980 cilla
427 1959 588 1993 corpora,
618 1953 881 1991 prosterneret,
902 1948 1038 1993 quique
1067 1948 1222 1980 maxima
1245 1949 1406 1994 impensa
1427 1948 1665 1988 curabantur,
1690 1959 1764 1981 non

315 2005 431 2034 secus,
457 2006 498 2028 ac
521 1995 768 2038 pauperrimi,
796 1994 1056 2028 moriebantur.
1082 1995 1127 2027 Et
1150 1995 1298 2028 vacabat
1323 1994 1469 2040 quidem
1499 2006 1518 2027 a
1545 1994 1680 2028 morbis
1705 2006 1764 2028 ce-

302 2042 401 2074 -teris
441 2053 555 2073 annus
592 2041 665 2074 ille.
715 2041 858 2085 Quodsi
899 2042 979 2087 quis
1013 2041 1121 2073 etiam
1160 2047 1243 2074 ante
1278 2042 1503 2086 aliquantum
1537 2047 1763 2086 aegrotaret,

316 2089 436 2120 omnia
472 2089 510 2120 in
545 2086 639 2119 illud
662 2086 780 2120 morbi
807 2098 917 2131 genus
943 2099 980 2121 se
1005 2088 1261 2121 exonerabant„
1310 2088 1498 2121 Mussabar
1523 2099 1577 2121 ars
1602 2088 1763 2121 medico—

316 2145 395 2167 rum
423 2138 508 2166 tota.
561 2133 636 2166 Nec
666 2133 836 2166 similiter
865 2145 988 2167 omnes
1015 2134 1232 2179 occupabat,
1271 2135 1334 2168 sed
1362 2134 1425 2167 alii
1459 2134 1607 2180 quidem
1641 2135 1761 2168 conti-

303 2191 388 2213 ,nuo
426 2191 494 2213 nec
531 2180 678 2223 paulum
717 2179 914 2220 durantes,
950 2183 1029 2225 ipso
1068 2181 1150 2220 die,
1186 2181 1332 2226 quidam
1359 2181 1435 2225 ipsa
1464 2181 1553 2215 hora
1576 2181 1762 2226 ponebant

317 2228 465 2259 animas.
515 2226 710 2271 Quotquot
747 2231 868 2259 autem
900 2227 1051 2260 biduum
1099 2228 1302 2262 triduumve
1340 2228 1578 2268 restitissent,
1603 2228 1760 2272 primum

315 2273 462 2319 quidem
490 2272 620 2305 febrim
658 2271 845 2306 habebant
871 2274 1138 2314 acutissimam,
1175 2279 1210 2307 et
1246 2273 1372 2307 morbo
1406 2280 1513 2319 caput
1546 2273 1759 2314 invadente,

317 2320 478 2365 elingues
517 2324 554 2352 et
591 2319 638 2350 ad
663 2320 802 2358 omnia,
828 2330 921 2365 quae
948 2321 1099 2362 fierent,
1131 2321 1268 2365 stupidi
1293 2319 1559 2362 reddebantur,
1591 2332 1633 2354 ac
1658 2321 1760 2354 velut

304 2377 442 2399 rsomno
468 2364 647 2410 profundo
674 2364 973 2399 absorbebantur.
1024 2367 1087 2400 Sin
1117 2368 1209 2400 forte
1235 2366 1280 2400 ad
1305 2377 1342 2399 se
1367 2367 1546 2409 redirent,
1572 2367 1676 2414 loqui
1698 2368 1759 2401 ni-

315 2413 486 2447 tebantur
522 2412 578 2446 ini
613 2411 787 2457 quidem,
811 2411 874 2444 sed
910 2412 1142 2447 haerescente
1181 2414 1323 2458 lingua,
1355 2415 1469 2448 multa
1501 2415 1758 2455 inat-timiam,

306 2460 434 2493 -nervis
459 2460 497 2491 in
533 2458 704 2502 occipitio
731 2459 928 2499 emortuis,
963 2459 1204 2503 promebant,
1240 2466 1276 2494 et
1301 2462 1535 2506 exspirabant
1559 2462 1756 2494 celerrime.
1791 2483 1793 2486 ι

314 2506 406 2539 Aliis
431 2516 504 2539 non
529 2506 567 2538 in
592 2508 719 2550 caput,
737 2516 861 2538 verum
888 2506 926 2538 in
954 2507 1142 2549 pulmones
1166 2509 1300 2540 malum
1330 2508 1516 2547 incidens,
1541 2518 1623 2540 mox
1651 2518 1758 2551 prae·
1795 2539 1800 2551 -,

316 2552 438 2586 cordia
472 2552 739 2591 inflammabat,
776 2556 813 2584 et
845 2551 987 2585 dolores
1024 2559 1146 2586 acutos
1180 2554 1313 2588 circum
1338 2561 1464 2598 pectus
1500 2553 1694 2594 afferebat,
1720 2557 1758 2587 et

269 2608 274 2619 ’
314 2604 419 2644 sputa
445 2599 619 2642 sanguine
656 2604 819 2631 contacta
863 2599 1083 2639 eiiciebant,
1113 2605 1222 2645 atque
1253 2612 1272 2633 e
1305 2599 1503 2634 visceribus
1530 2601 1677 2644 spiritus
1701 2605 1758 2633 te·
1794 2618 1797 2622 ⁴

314 2650 409 2679 trum
442 2646 536 2679 foras
574 2644 720 2680 odorem
753 2645 932 2679 volvebat.
980 2646 1116 2679 Fauces
1151 2652 1197 2679 ‹tt›
1221 2647 1343 2688 lingua
1367 2647 1486 2679 calore
1514 2651 1755 2685 exaruerant,

315 2693 416 2738 nigra
443 2697 478 2726 et
503 2692 634 2724 suffusa
658 2692 850 2736 sanguiue:
877 2702 942 2724 nec
965 2692 1046 2736 plus
1067 2692 1322 2738 proficiebant,
1353 2693 1381 2726 si
1412 2693 1700 2738 multum„q11am
1725 2692 1757 2725 si
1796 2727 1800 2737 ,ι

316 2751 443 2786 parum
476 2737 656 2773 biberent.
706 2738 839 2773 Somno
876 2738 930 2771 uti
965 2739 1066 2772 nullo
1091 2745 1260 2784 poterant
1294 2745 1331 2773 et
1375 2738 1619 2786 undequaque
1645 2750 1754 2785 auge·
1796 2767 1800 2771 .

1101 2799 1112 2812 ·
1795 2794 1800 2798 .
