1800 3164
611 591 1464 646 ANNOTATIONES

989 716 1082 760 AD

322 837 438 900 ΙΟ.
500 835 1168 899 CANTACUZENI
1226 836 1755 899 I-IISTORIAS.

1086 983 1164 992 --ι

745 1077 823 1118 AD
855 1078 1073 1118 LIBRUM
1106 1078 1348 1118 PRIMUM.

426 1186 529 1242 Pag.
551 1201 593 1241 7,
614 1188 655 1228 8.
692 1187 786 1230 Vol.
814 1188 855 1227 I.
891 1188 953 1229 ed.
984 1187 1117 1231 Bonn.
1151 1187 1349 1241 πρότερος
1379 1187 1473 1227 add.
1502 1195 1594 1228 ante
1619 1184 1760 1241 μάχης

317 1255 453 1296 margo
484 1244 571 1283 cod.
603 1245 854 1283 Monacensis
875 1274 887 1291 ‚
930 1245 1044 1283 cuius
1070 1244 1259 1284 lectiones
1291 1243 1343 1282 ad
1369 1243 1469 1284 duos
1499 1244 1623 1284 libros
1650 1246 1783 1300 prio—0

316 1311 380 1338 res
406 1299 472 1337 hic
500 1299 731 1339 inserendas
759 1299 1001 1340 curavimus.

427 1354 526 1407 Pag.
558 1353 601 1405 8,
631 1355 674 1394 5.
709 1353 798 1393 ἄλλ’
831 1349 918 1393 ἔστι
947 1354 1018 1392 καί
1033 1350 1133 1405 περὶ
1157 1349 1325 1394 ἐκείνων
1354 1352 1483 1391 διπλᾶ
1498 1352 1755 1404 λογίζεσθαι,

316 1404 502 1461 καθάπερ
542 1406 616 1448 καί
654 1408 753 1460 περὶ
791 1409 875 1448 ταῖν
904 1406 1131 1447 Εὐκλείδου
1175 1405 1316 1462 φασίν.
1375 1408 1506 1453 Locus
1531 1408 1761 1448 tenebrico-

317 1463 410 1514 sior,
445 1478 564 1517 quem
594 1464 650 1503 sic
677 1463 956 1516 explicandum
987 1465 1145 1516 opinor.
1203 1464 1286 1513 Qui
1313 1462 1465 1502 bellum
1492 1465 1598 1503 inter
1639 1477 1760 1503 avum

317 1525 358 1557 et
401 1527 585 1572 nepotem
621 1526 801 1571 gestum,
845 1533 939 1558 cum
977 1518 1171 1557 haberent
1215 1526 1421 1570 perspecta
1472 1525 1511 1557 et
1554 1526 1759 1571 comperta

319 1574 478 1625 omnia,
520 1575 677 1627 scriptis
705 1581 840 1613 tamen
871 1588 952 1612 non
983 1573 1342 1620 commendarunt,
1375 1587 1515 1612 eorum
1547 1574 1758 1613 consilium

318 1628 381 1667 vel
411 1628 576 1669 laudare
621 1630 734 1679 licet,
782 1627 848 1668 vel
875 1629 1187 1681 reprehendere,
1223 1629 1324 1667 sicut
1344 1628 1394 1667 de
1421 1628 1602 1668 Euclidis
1628 1636 1758 1668 secta-

318 1683 473 1724 toribus
490 1685 718 1725 dictitatur:
751 1697 894 1737 nempe
921 1683 1011 1722 illos
1037 1684 1174 1722 solitos
1206 1682 1334 1722 διπλᾶ
1359 1681 1611 1735 λογίζεσθαι.
1654 1682 1760 1724 Nam

319 1738 508 1779 Euclides
541 1740 607 1780 ille
650 1741 893 1793 Megarensis
921 1746 1042 1791 atque
1069 1738 1310 1789 Socraticus,
1334 1740 1518 1792 princeps
1554 1745 1593 1777 et
1619 1752 1761 1792 parens

320 1793 653 1848 philosophorum
681 1795 947 1848 quorumdam
975 1793 1066 1842 fuit,
1098 1795 1182 1848 qui,
1220 1794 1328 1846 quod
1364 1795 1629 1847 disputatores
1661 1808 1760 1834 con-

321 1850 481 1889 tentiosi
510 1859 640 1890 essent
670 1858 710 1890 et
742 1850 783 1888 in
821 1850 1131 1889 contradicendo
1159 1849 1304 1897 liberi,
1335 1845 1538 1902 ἐριστικοί
1568 1856 1662 1888 sunt
1687 1852 1761 1902 ap-

320 1904 482 1957 pellati,
527 1913 574 1945 ut
600 1906 716 1946 docet
745 1906 942 1946 Laertius.
997 1905 1072 1944 Est
1110 1912 1244 1944 autem
1278 1905 1621 1944 contentiosorum
1647 1905 1760 1958 inge-

320 1961 435 1999 nium
463 1961 660 2014 probare,
690 1975 794 2016 quae
828 1961 894 2000 alii
925 1960 1177 2013 improbent,
1208 1966 1247 1999 et
1288 1959 1531 2014 improbare,
1563 1972 1666 2012 quae
1693 1959 1762 1998 alii

323 2016 506 2067 probent.
561 2017 699 2056 Placet
727 2016 833 2056 enim
862 2015 1077 2056 articulum
1104 2016 1188 2054 τῶν
1218 2029 1361 2067 genere
1388 2014 1524 2065 virili,
1567 2013 1618 2053 de
1641 2014 1763 2054 disci-
1787 2047 1789 2062 2

324 2069 444 2122 pulis,
475 2085 555 2110 non
592 2072 643 2111 de
671 2072 867 2126 dogmatis
906 2070 1109 2111 Euclideis
1144 2071 1346 2122 accipere,
1382 2077 1429 2109 ut
1455 2083 1644 2122 personas
1669 2067 1790 2109 cums

325 2127 504 2176 personis
533 2130 665 2179 potius
679 2156 700 2178 ‚.
721 2142 844 2181 quam
885 2140 1075 2180 personas
1110 2139 1202 2164 cum
1230 2139 1274 2163 re
1304 2138 1536 2178 comparare
1562 2124 1764 2164 videatur.
1787 2168 1789 2175 Α

327 2178 458 2218 Porro
485 2177 529 2219 τὸ
559 2180 723 2221 ἐκείνων
760 2183 811 2222 ad
840 2182 1094 2222 Andronicus
1128 2181 1387 2233 imperatores
1433 2182 1507 2228 (ut
1538 2193 1673 2219 sensus
1699 2180 1764 2229 sit,
1787 2186 1791 2197 ¹

329 2235 552 2286 quaesitum
581 2250 663 2275 esse
695 2237 747 2276 ab
780 2238 882 2287 illis,
923 2244 1014 2275 uter
1041 2236 1188 2275 horum
1229 2234 1335 2275 bello
1365 2248 1524 2274 causam
1564 2242 1604 2274 et
1644 2231 1792 2287 origi-{2

328 2301 423 2327 nem
450 2289 646 2341 attulerit,
695 2300 734 2331 et
761 2293 803 2331 in
832 2300 1043 2345 utramque
1075 2297 1233 2345 partem
1258 2290 1309 2329 de
1335 2291 1383 2329 iis
1414 2289 1607 2343 disputari
1635 2299 1791 2344 possm}

329 2344 432 2382 sicut
460 2343 511 2382 de
539 2344 719 2385 Euclidis
757 2347 914 2401 placitis
955 2345 1082 2399 solet,)
1119 2355 1212 2400 apte
1253 2345 1394 2384 referri
1427 2358 1544 2399 posse
1576 2336 1793 2384 arbitror-⁴²

329 2410 504 2440 RONTAN.

441 2452 545 2505 Pag·
569 2451 608 2501 8,
642 2451 684 2492 6.
739 2452 1028 2500 ἀπαλλάττων.
1083 2454 1254 2508 Corrigo
1300 2447 1594 2493 ἀπαλλάττειν.
1651 2447 1767 2492 Cete-
1799 2499 1800 2507 ἵ

330 2519 423 2546 rum
460 2508 502 2545 in
541 2514 727 2548 contextu
756 2511 908 2551 Graeco
948 2526 1056 2551 nunc
1099 2510 1264 2564 quidem
1307 2507 1557 2547 emendando
1596 2506 1800 2559 multamgj}

330 2575 495 2615 operam
526 2575 607 2600 non
636 2576 867 2605 consumam
887 2581 899 2605 ε
947 2580 1194 2620 quamquam
1220 2571 1279 2604 est
1307 2563 1523 2602 mendosus
1550 2561 1768 2602 admodum

330 2623 371 2656 et
396 2617 670 2669 interpunctus
697 2618 1042 2672 negligentissime.
1085 2633 1258 2661 Pon-rm.
1775 2618 1784 2646 ἶ·

442 2671 544 2723 Pag.
576 2671 620 2719 8,
649 2684 692 2724 9.
747 2673 819 2711 καί
857 2670 924 2713 ὅτε
961 2673 1040 2727 γάρ
1080 2673 1130 2716 τὰ
1163 2670 1279 2713 κοινὰ
1330 2671 1524 2718 διετέλεις
1558 2639 1800 2729 πράττων,ξῇ

332 2723 517 2781 σωΐηρῖα
542 2727 627 2774 ῑθῖς
656 2723 895 2780 πράγμασιν
933 2724 1062 2781 ἦσθα.
1118 2731 1181 2770 De
1218 2727 1351 2769 officio
1395 2729 1530 2782 magni
1561 2725 1796 2766 domesticiffi

1784 2601 1800 2662 ,ξω
