1800 3164
190 105 212 163 T
550 122 927 165 HlsTomARUM
968 124 1039 163 iv.
1070 123 1135 167 15.
1421 121 1439 156 1
1454 102 1524 158 03

96 217 341 281 ἀπήλλαξαν
370 222 629 280 τραυμάτων.
676 221 727 280 ἦν
755 227 802 268 δὲ
829 224 892 268 ἔτι
918 223 1000 267 timi
1028 223 1101 280 την
1128 222 1422 280 θανατηφόρον
1465 224 1528 265 δί-
1540 226 1577 261 Α.
1594 228 1630 263 C.
1647 228 1733 275 ¹349

96 305 186 345 νην.
243 290 265 332 ὅ
295 292 342 333 δὲ
373 292 457 334 τῶν
481 290 679 345 Ἰακώβου
706 290 965 348 αἱρεσιωταῗν
992 288 1237 348 α’ρχιερεὺς,
1270 289 1402 332 καίτοι
1427 288 1526 346 πρό-

94 371 213 412 τερον
250 355 321 398 διὰ
359 355 406 399 τὸ
451 359 550 413 περὶ
586 356 662 412 τὴν
688 355 812 409 δόξαν
852 359 1134 413 διαφέρεσθαι
1178 356 1375 411 ἀπεχθῶς
1420 355 1562 411 πρὸςΒ

93 422 246 474 ἐκεῖνον
275 420 385 477 ἔχων
417 423 491 465 καί
506 422 640 480 ἡδέως
658 419 710 466 ἂν
740 422 843 466 ἰδών
871 423 1206 479 διεφθαρμένον,
1227 422 1283 473 ὥς
1311 420 1424 477 παρὰ
1458 419 1526 464 δὸ-

30 486 166 539 ’ῑὲξαν
203 483 310 530 εἶδεν
348 486 525 546 ὕστερον
563 491 854 542 διασωθέντα,
893 486 943 531 οὗ
982 489 1198 543 δυνάμεως
1241 487 1527 543 ἀνθρωπίνης,

89 556 209 603 θείας
237 554 284 595 δὲ
312 550 420 596 εἶναι
447 554 498 598 τὰ
519 558 768 610 γεγενημένα
803 555 985 610 οἰηθείς,
1015 553 1070 603 (ὃς
1099 554 1257 611 ἀθλητῇ
1287 569 1332 595 τε
1361 558 1528 608 προσεῖυ

51 618 54 620 ’
87 633 163 674 χεν
197 619 240 670 ἐξ
284 620 471 674 ἐκείνου,
511 623 584 663 καί
622 623 760 663 πᾶσαν
795 621 977 676 προσῆγε
1005 619 1129 674 τιμην
1159 619 1231 662 καί
1264 617 1493 674 θεραπείαν
1514 650 1526 671 ,

88 700 158 726 και
195 701 280 727 των
321 686 567 742 ἒπιτηδειων
604 686 679 742 τήν
716 688 921 741 χορηγίαν
965 687 1139 727 ἐποιεῖτο
1172 686 1399 740 φιλοτίμως
1430 686 1528 725 καθ’

26 800 27 803 Ἴ
89 746 188 793 ὅσον
213 749 366 807 χρόνον
399 753 627 806 ἑδεσμεῖτο.
661 754 734 794 καί
762 749 869 805 μετα
896 751 1048 807 χρόνον
1081 747 1155 792 οὗκ
1185 750 1321 805 ὀλίγον
1350 751 1528 804 Σειχοῦν

28 829 76 859 to
87 815 160 870 τήν
184 815 331 872 ψυχήν
359 814 671 874 απορρήξαντος
687 819 838 871 βιαίως
859 849 870 870 ,
893 814 1020 866 αὐτὸς
1044 815 1114 859 τὸν
1142 814 1408 872 πατριάρχην
1437 817 1525 872 ἐξῃ-

85 886 193 924 τεῖτο
226 881 341 938 παρα
375 882 584 936 Σουλτοὶν,
612 900 683 926 και
712 885 828 938 ἐξῆγε
857 885 936 924 τοῦ
957 881 1244 938 δεσμωτηρίου
1274 898 1342 923 και
1370 898 1446 936 την
1475 899 1525 923 α-

85 947 202 990 δειαν
227 950 305 990 τοῦ
329 947 678 1002 ἐμπολιτεύεσθαι
718 950 774 1007 τσῦ
816 950 1084 1004 Χριστιανῶν
1122 947 1405 1004 θρησκεύματι
1445 963 1523 988 πα-

83 1015 258 1067 estjam.
292 1008 344 1069 ἧν
369 1014 451 1069 γὰρ
487 1015 562 1070 δή,
596 1011 737 1071 ὥσπερ
769 1012 952 1070 ἔφημεν,
985 1013 1008 1055 ὅ
1039 1012 1226 1056 Σουλτάν
1255 1014 1328 1055 οὐκ
1359 1011 1560 1055 οἴκοθενῦ

81 1077 152 1119 ἐπὶ
178 1076 250 1121 τὸν
291 1077 473 1134 διωγμὸν
512 1083 794 1135 κεκινημένος,
838 1076 929 1122 ἄλλ’
955 1076 1039 1121 ὖπὸ
1079 1081 1256 1133 Σειχοῦν
1296 1078 1369 1120 καί
1407 1079 1522 1132 παρὰ

21 1141 245 1198 ιῦγναὶμην
276 1141 537 1199 ἒναγόμενος.
597 1143 662 1186 διὸ
699 1146 772 1187 καί
799 1143 907 1198 μετα
936 1143 1011 1200 τῆν
1041 1146 1199 1187 ἐκείνου
1226 1142 1423 1198 τελευτὴν
1452 1143 1523 1185 εὖ·

78 1207 160 1259 θ’ὐς
196 1210 435 1265 ἐπέπαυτο,
473 1212 648 1264 α’τιμιάν
676 1209 806 1263 μόνον
833 1202 1100 1266 Χριστιανῶν
1133 1205 1522 1265 κατεψηφισμένος,

80 1277 152 1330 τῆς
190 1290 235 1317 τε
277 1269 404 1330 ἄλλης
446 1275 726 1326 ἰσοπολιτείας
765 1282 852 1325 τοῖς
894 1274 1124 1332 βαρβάροις
1159 1277 1211 1318 ου’
1234 1274 1519 1329 μεταδιδούς,

77 1341 170 1383 ἀλλ’
189 1342 235 1383 ἐν
267 1340 530 1396 δοριαλώτων
571 1335 683 1395 ἄγων
709 1342 836 1398 μοίρᾳ
863 1344 937 1383 καί
961 1340 1163 1397 ἐπίσημόν
1191 1358 1233 1384 τι
1261 1343 1416 1399 χρῶμα
1442 1343 1535 1397 φέ--

16 1407 18 1410 ’
78 1423 166 1463 ρειν
205 1408 251 1448 ἐν
285 1412 376 1455 ταῖς
403 1410 566 1458 στολαῖς
594 1406 905 1463 προστεταχιός,
945 1403 1089 1450 ἴνέἶεν
1117 1409 1163 1450 ἐκ
1191 1410 1268 1450 τοῦ
1293 1407 1519 1463 χρώματος

76 1473 298 1528 κατάδηλοι
329 1466 442 1521 ὄντες
453 1475 725 1527 Χριστιανοί,
746 1471 845 1516 τινὰ
871 1473 1108 1527 ὀνειδισμὸν
1138 1475 1183 1516 ἐκ
1209 1471 1357 1516 τούτου
1388 1488 1519 1528 προσ-

74 1540 291 1594 τρίβεσθαι
337 1536 521 1591 οἰόμενος
562 1535 716 1588 αὐτοῖς.
799 1544 885 1588 τοῖς
924 1540 970 1581 δὲ
1002 1541 1078 1581 οὐκ
1117 1539 1360 1594 ἀτιμότερον
1388 1541 1518 1581 ἐκεῖνο

74 1605 192 1646 δοκεῖ·
216 1603 260 1646 τὸ
286 1606 462 1659 χρῶμα,
497 1599 525 1659 ἢ
552 1607 635 1647 τῶν
664 1606 844 1647 Παύλου
876 1604 946 1647 διὰ
970 1605 1157 1662 Χριστὸν
1177 1606 1425 1659 στιγμάτων,
1456 1601 1518 1653 οἷς

74 1668 203 1719 αὐτὸς
232 1668 555 1722 ἐκαλλωπίζετο,
584 1670 666 1723 ,,τιὶ
696 1673 900 1725 στίγματα
937 1672 1016 1713 τοῦ
1041 1672 1189 1726 κυρίου
1227 1669 1346 1726 ἡμῶν
1377 1668 1518 1725 Ἰησοῦ

73 1737 266 1791 Χριστοῦ
292 1735 337 1777 ἐν
367 1735 424 1792 τῷ
451 1733 618 1788 σώματί
639 1738 745 1790 μου”
773 1737 903 1790 λέγων
929 1739 1212 1793 ,,περιφέρω.”
1238 1736 1440 1792 Λάζαρος
1469 1737 1559 1780 δὲΙ)

73 1861 121 1894 tis
147 1865 242 1901 erat,
275 1870 354 1893 cum
383 1860 625 1894 Iacobitarum
654 1861 863 1905 episcopus,
891 1870 1107 1906 quamquam
1131 1861 1230 1905 prius
1255 1861 1303 1894 ob
1332 1871 1514 1896 sacrorum

73 1907 318 1941 diversitatem
346 1917 427 1939 eum
469 1907 605 1941 odisset
637 1907 944 1953 interfectumque
969 1907 1342 1951 cupivissct,praeter
1369 1908 1515 1952 opinio-

72 1965 156 1988 nem
191 1958 367 1987 servatum
405 1954 656 1998 conspiciens,
689 1965 756 1988 nec
790 1954 967 1987 humanae
1003 1953 1067 1992 id,
1102 1954 1164 1986 scd
1200 1954 1344 1988 divinae
1367 1955 1513 1989 virtutis

70 2006 342 2033 monumentum
370 2000 597 2040 existimans,
628 2012 671 2034 ex
698 2011 740 2034 eo
765 2006 806 2034 ut
828 2000 999 2034 athletam
1029 2000 1219 2044 complecti
1244 2002 1417 2046 omnique
1444 2001 1512 2035 ho-

0 2052 2 2082 l
70 2058 158 2081 noi-e
181 2052 219 2080 et
243 2046 470 2081 observantia
494 2048 631 2088 colere,
659 2053 696 2081 et
719 2047 880 2081 studiose
907 2049 1053 2086 victum,
1078 2047 1247 2091 quamdiu
1289 2049 1325 2080 in
1355 2048 1511 2082 vinculis

0 2093 3 2125 ἰ
69 2094 167 2134 suit,
190 2093 462 2129 subministrare
486 2095 618 2139 coepit.
644 2095 694 2127 Ac
718 2099 799 2139 post
823 2093 1055 2129 intervallum
1081 2094 1223 2138 longius
1250 2093 1415 2127 Sicliunti
1442 2094 1510 2127 ab-

0 2144 2 2165 ¹
70 2146 175 2185 rupta
201 2142 338 2181 anima,
373 2142 451 2186 ipse
480 2140 718 2185 patriarcham
743 2151 763 2172 a
790 2140 942 2173 Sultano
971 2140 1220 2183 impetratum,
1255 2151 1274 2172 e
1301 2151 1442 2174 carcere
1467 2152 1510 2174 e-

71 2187 196 2227 duxit,
220 2187 284 2233 qui
310 2193 346 2220 et
374 2188 603 2222 Christianae
629 2187 814 2231 religionis
840 2185 1013 2220 colendae
1039 2190 1254 2230 potestatem
1283 2187 1395 2220 (ledit.
1424 2189 1509 2221 Erat

71 2244 225 2279 namque
259 2234 451 2276 Sultanus,
477 2240 517 2267 ut
543 2235 753 2275 docuimus,
777 2243 850 2267 non
887 2244 949 2266 sua
981 2239 1110 2277 sponte
1148 2233 1193 2266 ad
1220 2235 1505 2277 persecutionem

69 2290 288 2326 propensus,
324 2281 385 2314 sed
420 2292 439 2313 a
476 2281 648 2314 Sicliuntc
682 2280 739 2313 vel
772 2280 899 2314 nolens
931 2291 973 2312 eo
1012 2279 1271 2313 inducebatur:
1307 2281 1440 2314 idcirco
1469 2287 1504 2314 ct

69 2332 152 2371 post
176 2327 314 2360 obitum
345 2328 443 2361 illius
469 2330 589 2360 statim
615 2328 787 2367 cessavit,
821 2332 858 2360 et
883 2326 1031 2359 infamia
1059 2326 1246 2360 dumtaxat
1280 2327 1504 2360 Christianos

70 2372 260 2409 damnavit.
307 2374 395 2407 Nam
421 2374 587 2407 civilibus
613 2386 672 2408 eos
692 2374 940 2407 functionibus
963 2372 1158 2406 excludens
1185 2378 1294 2419 atque
1325 2376 1363 2407 in
1389 2375 1507 2418 capti-

69 2431 193 2455 vorum
218 2421 295 2454 loco
321 2420 481 2461 liabens,
516 2422 604 2455 certi
631 2421 759 2454 coloris
785 2422 958 2454 vestitum
991 2429 1055 2463 pro
1083 2421 1184 2464 siguo
1217 2425 1353 2465 gestare
1379 2422 1503 2461 iussit,

70 2466 170 2500 unde
205 2478 268 2512 pro
303 2467 519 2501 Christianis
559 2473 859 2511 agnoscerentur,
898 2465 1080 2513 quoddam
1114 2467 1286 2512 probrum
1324 2468 1398 2501 illis
1438 2467 1505 2500 hac

71 2513 209 2547 ratione
242 2525 280 2548 se
315 2515 516 2550 inusturum
553 2515 758 2549 arbitratus.
814 2515 945 2548 Verum
983 2513 1070 2558 ipsis
1108 2514 1207 2548 color
1238 2515 1300 2546 ille
1339 2525 1413 2548 non
1450 2518 1505 2546 est

69 2561 166 2593 visus
204 2561 493 2604 ignominiosior,
529 2573 656 2621 (μιειηιυ
673 2561 781 2595 Paulo
810 2567 956 2606 propter
974 2561 1162 2594 -Christum
1200 2560 1384 2604 siwigmata
1421 2561 1506 2604 qui-

71 2606 139 2638 bus
173 2607 488 2642 condecorabatur.
514 2610 656 2654 „Egoss’
692 2608 833 2653 inquit,
872 2609 1062 2652 „stigmata
1095 2608 1239 2640 Domini
1278 2608 1390 2640 nostri
1425 2608 1503 2639 lesu

72 2650 206 2687 Christi
231 2655 267 2688 in
292 2666 439 2699 corpore
465 2666 543 2688 mco
582 2660 694 2700 porto
701 2655 721 2669 '¹
753 2655 905 2687 lazarus
943 2666 1062 2699 poi-re,
1091 2659 1232 2687 sauctae
1257 2653 1413 2687 ‹ivitatis
1440 2663 1503 2696 pa-

71 2697 247 2743 triarcha,
279 2711 357 2737 cum
391 2707 473 2748 post
508 2702 786 2748 flagellationem
822 2702 996 2736 creditum
1030 2701 1101 2736 sibi
1125 2711 1265 2747 gregem
1299 2700 1360 2734 diu
1386 2700 1503 2744 pavis-
