1794 3158
341 97 451 171 398
845 114 1258 156 ANNoTATmNES

336 219 455 257 etiam
483 215 775 271 magistratibus
802 216 982 267 imperat.
1013 215 1150 254 Cicero
1172 229 1209 259 2.
1233 215 1282 256 de
1303 216 1409 258 Offi:
1443 217 1565 272 Leges
1593 227 1681 259 sunt
1708 220 1769 260 in-

334 282 472 312 ventae
485 303 496 321 ‚
530 287 628 328 quae
650 286 734 310 cum
764 271 938 309 omnibus
971 285 1054 309 una
1073 279 1190 325 atque
1213 272 1351 311 eadem
1391 287 1484 312 voce
1515 274 1772 329 loquerentur.

335 328 440 366 Cum
467 328 673 375 omnibus,
696 325 849 378 inquit,
879 338 972 379 ergo
1000 328 1121 366 etiam
1151 340 1244 366 cum
1270 328 1470 368 iudicibus
1496 335 1536 368 et
1561 331 1772 384 magistra-

338 382 456 425 tibus.
488 395 653 423 Pom-AN.
1605 399 1607 401 ’

441 438 543 488 Pag.
565 435 635 489 69,
656 435 716 475 15.
748 433 1046 489 quibuscum
1090 436 1316 488 agebam.
1344 438 1515 492 Magnus
1533 438 1770 481 domesticus

331 499 371 531 et
396 493 694 538 Protostrator‚
725 497 771 528 ut
800 496 907 542 patet
937 504 982 530 ex
1013 492 1296 544 superioribus.
1327 506 1499 537 rom-An.

441 546 545 598 Pag.
579 545 647 598 69,
678 559 745 583 21.
777 548 869 590 ταῖς
925 540 1105 592 ἁπάσαις
1164 542 1314 588 ἑάλων.
1365 549 1545 588 subaudi
1597 545 1770 602 ψήφοις.

331 602 420 641 Hoc
446 600 636 653 loquendi
664 614 788 653 genus
815 600 1066 652 frequentat,
1085 601 1134 640 de
1162 616 1244 641 uno
1273 602 1458 655 loquens,
1486 612 1532 643 ut
1558 605 1772 657 perfectam

335 656 633 694 damnationem
671 657 966 708 sententiaeque
993 656 1284 708 plenitudinem
1312 658 1549 711 ἑμφατικιὸς
1566 661 1771 712 exprimat.

328 710 434 749 Nam
462 725 567 749 unus
595 724 676 749 non
705 717 834 763 potest
861 712 938 749 nisi
970 725 1052 749 uno
1081 711 1261 765 calculo,
1279 727 1360 752 una
1387 716 1608 763 sententia,
1638 729 1772 756 unove

329 765 518 819 suffragio
551 765 742 804 damnare
770 772 839 803 aut
869 765 1041 818 probare
1060 765 1227 819 aliquid.
1282 767 1359 806 Sed
1388 775 1516 821 potest
1541 771 1619 808 hoc
1643 770 1771 810 facere

329 834 378 859 eo
413 823 532 860 sensu
561 828 680 873 atque
708 820 855 859 iudicio
889 827 928 858 et
955 819 1188 873 voluntate,
1229 830 1276 860 ut
1305 836 1409 861 unus
1436 825 1562 864 instar
1588 826 1771 865 omnium

328 875 523 916 videatur.
553 889 726 916 Pomm.

433 930 694 984 Pag.69,21.
720 930 775 968 in
811 943 962 985 quam
1002 928 1273 969 damnatus
1311 944 1428 974 sum.
1470 931 1592 973 Forte
1626 935 1770 990 inqua

322 985 505 1035 consedi,
546 993 591 1024 ut
628 998 703 1037 pro
742 979 1049 1035 κατεδικάσθην
1076 984 1254 1037 legamus
1284 985 1504 1039 καθήσθην
1538 1002 1562 1027 a
1594 990 1771 1038 καθέζο-

322 1054 415 1090 μαι.
444 1040 544 1079 Nam
571 1039 716 1078 menda
743 1039 968 1078 istiusmodi
997 1038 1093 1077 huic
1122 1040 1287 1079 librario
1317 1042 1504 1081 inusitata
1533 1057 1614 1082 non
1646 1051 1769 1098 sunt,

324 1102 373 1133 ut
401 1096 493 1134 totis
517 1095 710 1134 nimirum
738 1094 923 1147 syllabis,
954 1108 1037 1133 non
1058 1102 1216 1134 tantum
1243 1095 1386 1136 litteris
1403 1097 1650 1152 simplicibus
1674 1113 1769 1154 pec-

323 1157 400 1193 cet.
429 1161 601 1190 PONTAN.
631 1145 910 1201 κατεδικάσθη
942 1150 1002 1188 Μ.

432 1206 535 1258 Pag.
558 1218 624 1258 70,
648 1219 689 1258 9.
714 1203 788 1242 καί
812 1203 861 1243 σὲ
886 1203 963 1242 καί
989 1204 1108 1254 βουλ,
1138 1204 1197 1245 M.

429 1261 534 1313 Pag.
551 1273 615 1313 70,
637 1259 700 1299 16.
727 1258 1031 1310 ἐπενεχθέντων
1044 1259 1101 1300 Μ.
1122 1258 1309 1314 idemque
1330 1259 1404 1302 lin.
1432 1274 1492 1318 17.
1522 1270 1628 1304 recte
1638 1276 1767 1318 προσ-

327 1310 535 1362 τάξαντος.
1618 1320 1621 1327 ’

430 1370 533 1423 Pag.
562 1384 628 1424 70,
660 1383 724 1408 20.
753 1367 935 1418 νομίζων
963 1369 1021 1412 Μ.

429 1425 533 1478 Pag.
565 1439 631 1479 70,
670 1439 736 1463 21.
765 1421 813 1463 τὸ
846 1420 1076 1474 σεβάσμιον
1118 1422 1253 1465 αυ’τοῦ
1280 1419 1405 1477 αἷμα.
1457 1429 1548 1468 Mos
1576 1428 1767 1483 loquendi

322 1482 560 1535 spectandus
589 1487 672 1526 est,
705 1493 787 1518 non
807 1479 932 1519 verba
950 1478 1130 1532 singula,
1165 1487 1234 1519 aut
1260 1490 1367 1522 certe
1394 1497 1476 1522 non
1505 1486 1587 1524 suis
1615 1493 1654 1524 et
1673 1500 1767 1539 pro-

324 1536 426 1591 priis
459 1536 684 1590 significatis
715 1549 870 1588 semper
897 1535 1152 1588 exprimenda
1178 1536 1346 1589 singula.
1375 1537 1466 1576 Non
1494 1538 1668 1582 solemus
1694 1555 1769 1580 nos

323 1593 456 1632 dicere
474 1620 485 1641 ,
518 1590 792 1630 venerandum
810 1619 822 1640 ‚
852 1589 918 1630 vel
945 1597 1160 1643 augustum
1189 1592 1450 1644 sanguinem,
1475 1607 1568 1632 cum
1595 1595 1646 1634 de
1675 1597 1769 1635 lesu

326 1646 476 1687 Christi
507 1645 728 1697 Servatoris
757 1646 884 1684 nostri
915 1646 1107 1698 sanguine
1134 1645 1339 1698 loquimur
1355 1678 1364 1695 ‚
1383 1661 1626 1702 quamquam
1652 1665 1770 1691 reve-

323 1717 371 1742 ra
397 1701 651 1740 venerandus
680 1708 764 1751 est,
782 1706 830 1738 ut
852 1701 954 1740 nihil
980 1714 1130 1753 supra3
1164 1701 1234 1739 sed
1259 1703 1476 1754 pretiosum
1505 1704 1767 1757 appellamus,

322 1756 432 1811 quod
462 1756 749 1809 significantius
781 1762 872 1807 est,
922 1758 1017 1809 quia
1044 1763 1175 1795 totum
1203 1758 1401 1796 mundum
1427 1762 1540 1811 quasi
1565 1761 1769 1812 persoluto

322 1813 452 1867 pretio
495 1818 535 1851 et
575 1825 622 1851 eo
661 1813 856 1850 immenso
900 1824 923 1850 e
949 1811 1099 1850 diaboli
1126 1814 1317 1852 servitute
1349 1814 1502 1855 exemit.
1562 1816 1689 1870 Quem
1723 1818 1769 1856 in

325 1866 464 1908 mundi
488 1867 663 1920 pretium
687 1881 764 1907 rex
787 1865 928 1919 effudit
944 1866 1117 1919 gentium
1142 1867 1250 1906 canit
1276 1867 1454 1912 ecclesia.
1485 1882 1661 1911 pomum.

433 1921 670 1976 Pag.72,4.
703 1916 838 1960 πάντα
859 1920 962 1976 ὃρᾴν
990 1918 1064 1960 καί
1090 1917 1281 1973 πάσχειν.
1307 1924 1476 1964 Duobus
1493 1925 1627 1965 verbis
1639 1926 1770 1968 multa

328 1978 630 2030 exprimuntur,
659 1977 795 2015 omnia
823 1983 968 2030 nempe
994 1976 1126 2016 officia
1144 2006 1156 2027 ‚
1199 1991 1302 2029 quae
1325 1981 1476 2019 amicus
1510 1979 1690 2033 polliceri
1721 1998 1769 2023 ae

326 2040 527 2085 praestare
555 2039 700 2085 queat,
724 2039 764 2071 et
790 2032 936 2085 quibus
966 2031 1139 2084 amplius
1167 2031 1393 2073 desiderare
1424 2034 1635 2089 quisquam
1666 2038 1768 2078 nihil

330 2089 463 2141 possit.
519 2087 685 2140 Saepius
723 2087 799 2126 hac
831 2087 959 2126 forma
1003 2086 1193 2141 loquendi
1219 2101 1336 2128 usum
1365 2091 1532 2144 reperio.
1560 2104 1733 2135 romuli.

439 2143 542 2195 Pag.
565 2143 688 2196 73‚5.
717 2138 1053 2192 καταψεύσωμαι
1082 2144 1141 2185 Μ.

443 2197 544 2249 Pag.
564 2198 631 2250 75,
648 2211 717 2236 22.
744 2192 878 2236 αὐτὸν
898 2198 955 2235 Μ.
987 2211 1061 2251 pro
1090 2192 1237 2238 αὑτὸν.

443 2250 627 2303 Pag.74,
649 2266 688 2306 7.
718 2253 768 2291 in
796 2252 1010 2291 catulos.
1066 2254 1200 2292 Omne
1241 2254 1391 2295 animal
1432 2255 1561 2311 diligit
1595 2257 1671 2297 sibi
1709 2259 1764 2298 si-

334 2305 442 2355 mile,
475 2312 516 2344 et
542 2308 649 2345 canis
675 2308 763 2346 cani
778 2337 791 2357 ,
817 2306 890 2346 bos
915 2307 1043 2356 bovi,
1071 2312 1205 2348 asinus
1232 2311 1343 2350 asino
1371 2311 1663 2364 pulcherrimus
1692 2321 1763 2353 est.

332 2361 413 2401 Sed
454 2362 622 2399 maxime
663 2362 982 2415 unumquodque
1028 2363 1206 2414 animal,
1234 2369 1490 2418 quantumvis
1516 2369 1690 2408 immane
1716 2383 1764 2409 ac

330 2416 480 2466 ferum,
507 2414 636 2468 diligit
662 2416 813 2456 catulos
844 2431 964 2470 suos,
992 2424 1037 2457 ut
1068 2434 1142 2472 pro
1168 2421 1217 2459 iis
1246 2421 1366 2460 etiam
1397 2430 1642 2476 propugnet,
1674 2431 1764 2462 tan-

331 2477 419 2511 tum
451 2469 581 2519 abest,
610 2477 656 2509 ut
684 2472 732 2510 iis
759 2479 914 2512 noceat.
967 2473 1206 2526 Appositum
1233 2483 1291 2515 est
1321 2476 1422 2515 illud
1439 2478 1641 2517 Ciceronis
1657 2493 1694 2521 2.
1714 2478 1765 2518 de

333 2525 474 2565 Orat-z
523 2523 572 2561 Si
581 2526 706 2574 serae
732 2537 869 2581 partus
903 2542 987 2567 suos
1023 2529 1197 2582 diligunt
1210 2561 1221 2578 ‚
1267 2546 1346 2586 qua
1383 2545 1452 2571 nos
1482 2534 1647 2572 caritate
1675 2548 1768 2586 erga

334 2579 475 2619 liberos
489 2587 635 2617 nostros
654 2595 731 2619 esse
757 2582 936 2622 debemus
954 2584 1368 2627 PTruculentissimae
1391 2587 1497 2627 ferae
1521 2596 1614 2627 sunt
1633 2603 1766 2639 ursae,

335 2648 439 2688 quae
476 2635 623 2672 mirum
658 2643 853 2687 quantum
902 2641 1026 2692 raptis
1062 2640 1202 2682 catulis
1247 2642 1455 2695 saeviunt,
1501 2642 1685 2695 leaenae,
1714 2645 1766 2682 ti-

337 2704 450 2744 gres,
478 2687 609 2742 lupae.
631 2702 799 2736 romum.
