1794 3158
306 93 418 150 520
649 154 653 160 s
806 110 1219 152 ANNOTA‘noNEs

300 220 507 269 operatur:
536 213 608 254 sed
637 213 703 252 vel
724 213 967 252 invocatione
995 212 1163 252 nominis
1193 212 1338 253 cvzristi
1368 213 1439 252 Ιιοσ
1462 213 1570 266 agit,
1594 215 1663 254 vel
1686 215 1739 256 ob
1791 230 1794 255 1

299 269 664 310 condemnationem
675 269 902 322 eorum,qui
923 267 1128 317 invocant,
1141 276 1180 306 et
1193 268 1395 307 utilitatem
1415 281 1562 315 eorum,
1575 271 1646 324 qui
1661 272 1728 309 vi-
1791 288 1794 307 ι

299 325 394 364 dent
409 334 445 364 et
463 324 639 371 audiunt,
656 323 890 372 conceditur,
903 331 945 360 ut
963 322 1057 361 licet
1077 323 1249 361 homines
1269 322 1483 377 despiciant
1496 325 1610 375 signa
1615 326 1734 376 saci-
1791 339 1794 364 1

299 389 417 430 entes,
435 389 562 418 tamen
588 379 714 416 Deum
743 378 932 416 honorent
948 407 958 423 ‚
979 377 1037 416 ad
1058 378 1163 416 cuius
1185 378 1472 417 invocationem
1487 377 1604 432 fiunt
1623 389 1734 420 tanta
1792 394 1794 400 ⁴

301 436 514 473 miracula.
555 434 661 472 Nam
695 442 732 471 et
754 432 855 471 Saul
870 442 906 471 et
924 433 1102 471 Balaam
1132 442 1170 471 et
1187 431 1363 487 Caiplms
1381 435 1731 487 prophetaverunt,

300 492 506 529 nescientes
523 489 621 544 quid
646 488 822 527 dicerent
835 517 846 538 ,
874 497 911 526 et
937 488 1099 527 Plzarao
1122 497 1160 526 et
1185 487 1543 528 Nabuchodonosor
1568 491 1733 529 somniis

283 546 435 595 sutura
465 552 704 596 cognoscunt.
766 543 876 582 Idem
899 543 1014 582 docet
1045 543 1094 581 de
1122 542 1324 596 prophetis
1351 543 1389 581 S.
1419 543 1593 583 Thomas
1624 557 1662 586 2.
1686 559 1728 587 2.

300 606 453 652 quaest.
479 613 565 651 172.
577 613 613 642 a.
626 598 664 638 6.
684 598 734 637 ad
759 612 790 641 1.
806 606 844 637 et
861 613 899 638 2.
931 597 1051 651 Apud
1079 599 1272 637 Iustinum
1294 605 1509 651 martyrem
1541 601 1734 652 proponi-

298 662 366 692 tur
402 654 499 693 haec
531 656 708 707 quaestio
747 653 815 693 lib.
858 655 1019 704 Quaest.
1060 661 1098 692 et
1129 654 1319 706 Respons.
1360 654 1411 692 ad
1442 653 1695 693 Orthodoxos
1714 668 1727 693 τ

298 708 350 747 Si
370 724 430 747 res
441 711 607 760 suturas
621 739 631 758 ,
665 710 787 747 veluti
816 710 1006 748 bellorum
1033 710 1222 747 victorias
1250 719 1287 748 et
1318 709 1505 763 trophaea
1523 738 1534 759 ‚
1564 709 1730 748 hostium

297 765 533 803 incursiones
568 774 606 803 et
635 765 784 802 urbium
806 778 886 818 per
917 778 981 802 eos
997 792 1010 812 ,
1055 765 1126 816 qui
1153 764 1249 802 illas
1281 772 1553 818 oppugnarunt
1568 793 1581 815 ,
1614 779 1730 803 ever-

297 820 423 858 siones
435 848 448 868 ,
473 820 763 874 praedixerunt
787 819 1003 873 prophetae
1035 826 1073 857 et
1095 819 1286 873 apostoli,
1321 819 1611 873 praedixerwzt
1633 833 1730 875 quo-

295 888 370 928 que
407 874 646 913 Graecorum
680 874 930 912 oraculorum
968 887 1151 928 responsa
1165 891 1177 912 .·
1225 874 1326 913 unde
1364 876 1540 926 cognosci
1574 883 1702 929 potest
1718 904 1732 924 ,

295 930 367 968 hos
390 938 542 968 nostros
572 929 714 967 alienis
750 930 830 967 illis
872 943 950 967 esse
980 929 1315 983 praestantiores,
1353 943 1440 974 cum
1478 930 1529 968 ab
1568 938 1732 984 utraque

289 994 408 1037 parte
427 986 664 1036 ficturorum
696 984 986 1038 praedictiones
1025 985 1234 1023 evenerint.
1290 983 1357 1022 Ad
1385 998 1505 1037 quam
1532 985 1731 1037 quaestio..

295 1052 390 1078 nem
417 1039 496 1078 hoc
522 1054 753 1092 responsum
782 1039 928 1078 datur:
971 1038 1158 1078 Eiusdem
1199 1039 1283 1078 Dei
1320 1039 1418 1077 haec
1445 1048 1532 1078 sunt
1565 1041 1729 1090 omnia,

295 1102 380 1132 tam
419 1095 643 1148 praedictio
679 1094 889 1133 verborum
905 1122 916 1143 ,
955 1108 1074 1149 quam
1103 1103 1258 1133 eventus
1290 1108 1421 1133 rerum
1436 1111 1449 1132 .·
1489 1094 1560 1148 qui
1586 1103 1625 1132 et
1655 1108 1735 1148 per

293 1158 451 1189 sanctos
466 1151 682 1204 prophetas
704 1158 817 1203 atque
838 1150 1030 1204 apostolos
1044 1179 1054 1197 ‚
1078 1163 1178 1203 quae
1190 1151 1338 1201 jutura
1361 1157 1474 1188 erant
1487 1178 1497 1196 ‚
1520 1149 1730 1202 praelocu-

294 1212 353 1242 tus
386 1213 465 1256 est,
496 1214 534 1243 et
558 1220 637 1260 per
664 1219 729 1243 eos
759 1204 893 1243 itidem
907 1233 918 1253 ‚
944 1206 1014 1259 qui
1047 1218 1073 1242 a
1105 1219 1201 1243 vera
1236 1205 1423 1255 religione
1456 1213 1544 1243 sunt
1577 1204 1725 1252 alieni,

293 1273 393 1313 quae
397 1261 591 1310 facturus
607 1260 767 1311 suerat,
793 1260 1098 1313 praenuntiavit.
1157 1257 1499 1313 Quemadmodum
1530 1260 1632 1298 enim
1653 1273 1733 1312 per

292 1323 427 1353 vatem
458 1314 637 1354 Balaam
674 1315 817 1354 Israeli
853 1315 1077 1363 benedixit,
1121 1315 1287 1352 hostibus
1315 1323 1448 1352 autem
1485 1315 1566 1352 eius·
1600 1314 1726 1352 male-

292 1367 404 1407 dzlaeit
417 1398 428 1419 ‚
453 1378 655 1424 utrumque
680 1384 773 1408 vero
795 1383 875 1422 per
892 1371 1266 1419 rerum-fictararum
1284 1369 1594 1423 praedictionem
1605 1369 1727 1419 ficit.-

291 1423 350 1461 ita
368 1425 489 1462 etiam
512 1439 590 1479 per
621 1424 852 1463 vaticinium
883 1426 966 1477 regi
1001 1425 1214 1474 Babylonis
1249 1425 1294 1463 N
1293 1424 1630 1463 abuclzodonosori
1656 1438 1727 1462 ca-

284 1479 480 1532 piendam
528 1493 607 1518 esse
647 1479 896 1517 Hierusalem
941 1479 1279 1535 praeszlgnfficavit
1319 1485 1393 1522 etc.
1460 1478 1657 1517 Similiter
1689 1487 1731 1517 et*

282 1547 362 1586 per
380 1543 488 1572 vates
523 1535 694 1573 Graecos
708 1564 719 1584 ,
755 1548 1023 1587 quaecumque
1058 1544 1195 1573 eventu
1229 1534 1286 1572 ad
1321 1548 1403 1572 rem
1433 1534 1581 1573 collata
1613 1542 1729 1582 sunt,

287 1589 371 1642 ipse
386 1591 737 1643 praemonstravit.
794 1590 925 1642 Pergit
954 1589 1097 1628 deinde
1128 1589 1311 1642 pluribus
1349 1589 1578 1637 ostendere,
1619 1588 1728 1627 mul-

288 1649 376 1681 tum
404 1643 644 1683 discriminis
679 1646 783 1682 inter
826 1645 1038 1697 prophetas
1069 1646 1144 1683 Dei
1176 1652 1214 1683 et
1251 1643 1426 1697 reliquos
1467 1651 1576 1683 vates
1612 1657 1727 1693 esse,

288 1711 392 1750 quae
411 1698 637 1738 adscribere
664 1699 762 1737 nihil
790 1713 903 1751 opus.
958 1700 1080 1738 Nobis
1107 1701 1202 1738 satis
1233 1706 1306 1749 est,
1353 1713 1397 1738 ex
1436 1698 1630 1738 sententia
1657 1711 1728 1738 seu

288 1752 434 1792 Iustini
463 1768 532 1792 seu
553 1753 714 1793 alterius
734 1755 887 1807 antiqui
917 1755 1120 1812 scriptoris
1135 1784 1146 1805 ‚
1165 1755 1315 1794 donum
1335 1753 1578 1795 vaticinandi
1605 1755 1726 1793 etiam

288 1820 313 1846 a
339 1822 435 1848 vera
462 1808 539 1847 fide
568 1809 706 1848 alienis
733 1809 904 1848 conferri
933 1824 1048 1862 posse
1077 1818 1115 1849 et
1144 1810 1285 1849 solere.

398 1863 759 1903 Verumenimvero
789 1867 945 1903 tametsi
976 1865 1072 1904 haec
1101 1867 1155 1904 ita
1186 1880 1228 1904 se
1254 1864 1453 1913 habeant,
1471 1877 1551 1903 non
1581 1863 1724 1903 dubito

286 1922 421 1957 tamen
442 1918 630 1972 pleraque
645 1934 667 1958 a
683 1920 939 1961 schismaticis
965 1921 1048 1959 istis
1072 1920 1119 1959 de
1135 1919 1334 1959 miraculis
1355 1927 1394 1958 et
1415 1920 1610 1958 vaticiniis
1627 1934 1727 1973 pro-

287 1972 396 2022 dita,
424 1976 719 2025 commentitia,
751 1989 876 2022 vana,
910 1975 1080 2014 fanatica
1117 1976 1358 2028 malignique
1388 1975 1549 2028 spiritus
1579 1977 1726 2027 partim

286 2025 486 2079 ludibria,
502 2030 646 2082 partim
674 2037 778 2068 artes
805 2037 844 2068 et
870 2030 1032 2070 technas
1049 2031 1170 2070 fuisse
1191 2060 1201 2080 ,
1224 2038 1269 2069 ut
1296 2033 1391 2069 istos
1419 2032 1460 2068 in
1483 2030 1603 2068 semel
1631 2044 1725 2069 coe-

288 2089 357 2133 pto
389 2091 429 2122 et
452 2092 634 2137 suscepto
664 2085 873 2123 schismate
902 2099 974 2137 per
1015 2086 1304 2124 ludificationes
1340 2087 1432 2123 istas
1461 2086 1648 2123 retineret
1676 2099 1726 2124 ac

286 2137 555 2179 confirmaret.
611 2140 777 2179 Certum
806 2141 911 2179 enim
942 2147 1021 2190 est,
1053 2141 1263 2179 daemones
1288 2138 1460 2178 naturali
1489 2141 1528 2177 vi
1564 2147 1603 2177 et
1631 2154 1724 2191 per-

286 2193 512 2244 spicacitate
558 2193 684 2233 multa
723 2209 867 2244 nosse,
913 2210 1016 2247 quae
1053 2196 1261 2234 hominum
1304 2196 1507 2233 scientiam
1542 2194 1719 2246 fugiunt,

286 2260 411 2300 eaque
439 2247 597 2287 famulis
623 2251 704 2288 suis
730 2250 954 2302 patefacere
980 2265 1092 2302 posse
1110 2281 1121 2300 ,
1163 2258 1209 2289 ut
1234 2250 1450 2303 prophetae
1478 2257 1694 2301 appareant
1709 2280 1742 2299 ‚.

286 2313 380 2341 cum
409 2303 493 2341 veri
526 2304 741 2355 prophetae
767 2319 849 2343 non
877 2307 977 2352 sint,
1020 2313 1066 2344 ut
1099 2306 1214 2344 docet
1244 2312 1401 2344 sanctus
1427 2304 1602 2343 Thomas
1630 2303 1720 2343 loco
1778 2326 1782 2329 -

284 2357 406 2409 paulo
439 2364 532 2395 ante
558 2359 773 2397 nominato.
832 2360 996 2398 Certum
1034 2369 1237 2412 praeterea
1275 2367 1354 2407 est,
1395 2360 1628 2398 daemonem
1666 2359 1720 2398 ob

286 2411 535 2450 occultarum
573 2413 817 2452 naturalium
858 2429 995 2453 rerum
1023 2417 1104 2454 vim
1149 2423 1187 2454 et
1234 2416 1433 2468 energiam
1486 2413 1561 2452 sibi
1597 2427 1721 2465 quam

286 2468 435 2518 optime
465 2475 707 2520 perspectam
736 2475 775 2507 et
806 2469 1077 2520 exploratam,
1109 2470 1233 2509 multa
1263 2477 1423 2522 patrare
1451 2482 1586 2521 posse,
1617 2483 1723 2520 quae

285 2521 479 2560 miracula
512 2522 721 2572 videntur,
753 2537 834 2562 non
863 2525 956 2575 quia
984 2524 1078 2563 talia
1107 2532 1219 2571 sunt,
1269 2525 1338 2563 sed
1366 2524 1457 2576 quia
1487 2523 1718 2562 hominibus

285 2577 422 2628 ignota
447 2584 565 2616 sunt:
610 2577 661 2617 de
704 2592 784 2630 quo
821 2579 978 2630 copiose
1022 2587 1182 2618 sanctus
1211 2579 1387 2617 Thomas
1417 2578 1484 2617 lib.
1509 2578 1545 2618 3.
1580 2586 1719 2618 contra

286 2631 404 2672 Gent.
432 2645 518 2685 cap.
542 2634 628 2671 103.
656 2639 695 2671 et
721 2633 905 2672 nonnihil
932 2633 1050 2672 etiam
1089 2647 1118 2671 1.
1147 2649 1185 2686 p.
1215 2649 1253 2686 q.
1280 2648 1363 2672 110.
1396 2647 1435 2671 a.
1459 2633 1499 2682 4.

395 2686 480 2726 Nec
507 2686 611 2726 male
641 2696 805 2728 monent
837 2689 1036 2740 doctores,
1081 2690 1190 2743 qnod
1214 2688 1264 2728 ad
1292 2688 1522 2742 prophetias
1550 2702 1715 2728 arcano-
