1794 3158
362 142 473 199 526
854 159 1267 205 ANNOTATioNEs

359 265 480 317 Quod
508 279 601 306 cum
635 266 734 317 viri,
762 272 849 305 tum
879 267 1048 307 feminae
1075 266 1127 306 ad
1154 267 1379 320 religiosum
1408 268 1512 307 vitae
1540 281 1690 322 genus,
1719 282 1769 310 sei

362 330 508 361 statum
537 324 799 361 monasticum
831 329 1105 372 transeuntes,
1143 337 1288 362 nomen
1329 330 1554 374 mutarent,
1597 323 1690 363 inde
1729 326 1767 364 fa

356 385 464 416 ctum
497 378 642 426 credo,
672 377 781 430 quod
809 391 880 430 per
907 378 1167 417 monachismi
1196 378 1479 430 professionem
1507 393 1549 418 se
1577 378 1688 419 velut
1715 381 1768 419 ite

354 446 446 471 rum
486 432 677 485 baptizari
719 440 932 485 putarent,
985 441 1024 472 et
1061 447 1142 472 esse
1171 433 1387 472 secundum
1417 434 1630 486 quemdam
1657 434 1766 488 bapti

354 502 509 526 smum:
539 490 577 526 in
608 488 806 541 baptismo
846 496 978 527 autem
1007 502 1154 527 nomen
1199 487 1296 527 solet
1327 489 1504 541 imponi,
1545 496 1586 528 et
1625 490 1771 542 quiden

353 557 504 581 novum
523 573 533 590 ‚
565 543 597 582 si
628 545 718 596 quis
749 542 909 582 adultus
937 558 982 582 ac
1021 544 1199 582 nondum
1225 543 1474 582 Christianus
1491 543 1601 583 aliud
1623 544 1772 584 habuis

352 605 411 636 set
432 628 442 645 ‚
473 605 519 636 ut
546 612 683 637 omnes
711 599 874 638 habent.
910 599 1127 638 Cuiusdam
1151 599 1272 652 igitur
1299 601 1605 652 regenerationis
1631 601 1772 654 signun

351 654 524 692 nominis
555 655 707 693 novitas
739 654 827 693 fuit.
856 668 1030 694 PONTA'N.

461 708 721 763 Pag.226‚9.
768 710 898 764 impe
911 710 1108 748 rator-is
1140 709 1372 760 affinem.
1400 706 1523 755 Θεΐος
1540 709 1773 762 imperatori.

350 770 616 814 protostrator
662 765 820 816 proprie
863 779 944 802 non
987 764 1077 806 fuit.
1131 766 1267 815 Quare
1294 765 1395 802 istuc
1440 764 1678 805 vocabulum
1710 764 1773 804 ho·

351 816 439 857 loco
470 820 601 872 potius
628 820 787 872 qsfi'nem
816 819 1063 858 reddendum
1087 820 1172 858 fuit.
1203 820 1507 858 Protostratoris
1537 821 1642 858 enim
1670 819 1774 859 huiu.

350 873 473 912 filiam
508 875 671 913 Manuel
699 875 852 914 Asanes
884 874 1006 913 frater
1032 875 1166 914 uxoris
1196 874 1458 914 Cantacuzeni
1489 875 1663 914 habebat
1689 889 1774 914 uxo

349 943 448 972 rem.
481 943 660 969 PONTAN.

458 984 558 1037 Pag.
581 999 676 1038 227,
696 998 754 1025 to.
781 992 996 1039 propter·
1026 984 1262 1023 Zelotas.
1323 983 1378 1022 Hi
1409 983 1516 1037 quod
1546 983 1774 1039 Palaeolog‹

349 1046 488 1078 contra
519 1041 841 1079 Cantacuzenum
869 1040 1100 1089 studerent,
1130 1041 1185 1078 ita
1216 1040 1490 1078 nominantur.
1545 1039 1700 1079 Eorum
1725 1041 1774 1080 fa-

347 1096 483 1133 cinora
519 1094 624 1133 mala
663 1095 846 1148 deinceps
884 1102 1149 1148 exponentur.
1204 1096 1339 1134 Genus
1365 1094 1574 1133 hominum
1603 1097 1687 1134 sine
1714 1109 1758 1135 re

347 1156 388 1188 et
415 1149 748 1199 audacissimum,
781 1151 1145 1199 seditiosissimum,
1177 1151 1501 1203 perditissimum.
1532 1164 1704 1192 ΡοΝἸ-Απ.

454 1205 662 1259 Pag.227‚
683 1220 742 1248 11.
773 1215 956 1245 vestem
983 1206 1048 1245 ad
1069 1207 1334 1245 luctamen
1357 1219 1562 1247 exuere.
1619 1206 1666 1244 In
1698 1219 1775 1245 cer-

344 1260 560 1300 taminibus
587 1261 809 1314 Olympicis
828 1261 1000 1300 athletae
1027 1262 1137 1315 prius
1166 1261 1346 1300 ferebant
1375 1260 1654 1314 subligacula‚.
1677 1262 1774 1315 quoc'

342 1323 542 1354 testantur
571 1316 826 1369 Thucydides
855 1317 926 1358 lib.
956 1317 1021 1364 3.‚
1064 1316 1274 1369 Augustin.
1314 1317 1400 1358 Civ.
1419 1315 1488 1355 lib.
1518 1315 1576 1367 14.
1601 1330 1690 1370 cap.
1724 1331 1770 1370 17

343 1370 489 1410 Postea
518 1385 541 1410 a
559 1371 881 1410 Lacedaemoniis
908 1372 1134 1410 institutum
1166 1379 1247 1421 est,
1262 1379 1308 1410 ut
1328 1371 1487 1410 nudatis
1506 1370 1675 1424 oleoque
1691 1385 1776 1425 per-

343 1425 441 1464 fusis
468 1427 700 1479 corporibus
731 1426 1009 1476 decertarent,
1050 1426 1358 1479 nominaturque
1384 1427 1537 1478 primus
1569 1427 1688 1466 huius
1725 1430 1776 1468 rei

343 1488 508 1531 auctor,
559 1482 761 1520 Hacantus
790 1481 1150 1530 Lacedaemonius,
1180 1481 1231 1520 ab
1271 1481 1358 1520 aliis
1397 1481 1619 1521 Neanthus.
1676 1482 1775 1521 Hinc

343 1538 429 1589 ipsa
477 1536 564 1575 loca
621 1536 810 1575 ludorum
848 1538 1078 1590 gymnasia,
1119 1542 1158 1574 et
1199 1537 1273 1590 ipsi
1319 1536 1407 1575 ludi
1454 1535 1641 1588 appellati
1691 1545 1776 1576 sunt

343 1592 531 1645 gymnici.
589 1592 642 1631 Et
670 1592 839 1630 verbum
866 1587 1126 1630 ἀποδύεσθαι
1144 1620 1155 1638 ,
1184 1591 1293 1644 quod
1314 1599 1372 1630 est
1402 1601 1525 1630 vestes
1545 1606 1711 1642 exuere,
1732 1593 1776 1631 ad

344 1645 576 1686 huiusmodi
607 1649 871 1687 certaminum
909 1647 1254 1699 praeparationem
1285 1647 1686 1700 exercitationemque
1716 1662 1776 1687 ac-

343 1702 635 1744 commodatur.
689 1704 795 1741 Ante
832 1702 873 1740 id
910 1709 1067 1753 tempus
1108 1702 1372 1741 verecundiae
1401 1716 1518 1740 causa
1563 1716 1605 1741 se
1631 1702 1777 1742 nudare

344 1771 427 1795 non
470 1756 683 1797 audebant.
742 1758 942 1796 Homerus
978 1770 1136 1810 quoque
1177 1759 1220 1796 in
1249 1756 1353 1796 ludis
1381 1770 1537 1811 semper
1566 1758 1778 1798 succinctos

342 1811 494 1851 heroas
523 1811 686 1852 inducit.
718 1825 893 1855 PONTAN.

453 1866 735 1919 Pag.256‚23.
764 1869 933 1906 amico
963 1866 1131 1905 vultu.
1162 1866 1280 1914 Vide,
1314 1866 1410 1920 quid
1447 1866 1498 1905 de
1534 1865 1638 1906 laeto
1665 1866 1778 1906 vultu

342 1922 596 1975 imperatoris
640 1922 788 1961 scribat
827 1923 869 1961 in
914 1922 1130 1975 Strategieo
1179 1922 1417 1962 Onosander
1446 1936 1530 1976 cap.
1553 1923 1630 1973 13„
1663 1936 1778 1976 quam

344 1977 519 2016 multum
551 1978 583 2016 is
609 1975 740 2016 valeat
767 1978 875 2030 apud
906 1977 1063 2019 milites.
1091 1991 1258 2016 PONTAN.

453 2031 728 2084 Pag.2l44‚25.
749 2034 921 2072 omnia
943 2033 1120 2086 prius,
1147 2046 1303 2086 quam
1337 2032 1652 2072 servitutem.
1673 2031 1779 2071 Nus-

343 2102 463 2141 quam
493 2087 569 2126 hoe
600 2086 841 2127 luculentius
869 2088 985 2126 docet
1017 2089 1072 2128 M.
1101 2087 1279 2138 Tullius,
1303 2102 1422 2140 quam
1452 2089 1493 2125 in
1522 2086 1778 2140 Philippicis,

346 2157 470 2195 quam
488 2142 636 2181 scilicet
664 2143 836 2182 alienum
867 2150 905 2182 et
930 2144 980 2182 sit
1011 2149 1051 2181 et
1077 2157 1161 2182 esse
1189 2142 1330 2181 debeat
1358 2157 1382 2181 a
1402 2143 1585 2181 Romano
1604 2144 1779 2193 nomine,

346 2198 580 2237 servitutem
601 2201 714 2250 pati,
744 2200 808 2237 cui
840 2199 956 2236 etiam
986 2198 1066 2251 ipsa
1099 2212 1207 2236 mors
1235 2197 1488 2236 anteferenda
1513 2198 1578 2235 sit.
1608 2211 1779 2237 ΡοΝΤΑΝ.

456 2251 717 2303 Pag.245‚3.
760 2253 918 2306 virga
948 2254 1158 2303 ferrea.
1190 2252 1476 2292 Tamberlanes
1496 2281 1508 2301 s
1540 2252 1780 2305 Scytharum

346 2306 589 2359 imperator,
620 2308 721 2346 iram
749 2308 850 2359 Dei,
886 2308 1035 2357 Attila,
1069 2309 1308 2346 Hunnorum
1337 2322 1403 2346 rex
1422 2338 1433 2354 ‚
1478 2307 1678 2361 flagellum
1706 2307 1780 2346 Dei

347 2375 391 2401 se
416 2361 662 2400 nominabat.
707 2363 770 2401 De
796 2377 889 2416 rege
917 2363 1174 2417 Assyriorum
1201 2364 1310 2402 Deus
1340 2364 1422 2416 ipse
1448 2377 1518 2416 per
1546 2362 1780 2416 prophetam

347 2416 494 2456 Isaiam
522 2430 605 2469 cap.
639 2429 699 2458 10.
722 2417 848 2456 Assur
877 2419 994 2470 virga
1004 2419 1171 2469 furoris
1185 2419 1278 2457 mei.
1308 2431 1480 2460 PONTAN.

458 2469 754 2524 Pag.251,12.
812 2474 1061 2511 invictos
1113 2476 1376 2514 mansisse.
1460 2473 1781 2525 Quingentorum

348 2537 547 2566 annorum
568 2528 693 2579 spatio
711 2555 723 2575 ‚
741 2540 764 2564 a
793 2526 914 2579 pulsis
942 2527 1125 2566 videlicet
1155 2525 1315 2582 regibus
1344 2527 1394 2566 ad
1422 2527 1575 2566 obitum
1594 2527 1781 2580 Augusti,

347 2581 598 2634 quingenties
624 2582 883 2635 quinquagies
911 2582 1081 2634 populus
1103 2583 1306 2623 Romanus
1334 2580 1550 2634 proeliatus
1580 2589 1661 2621 est:
1682 2597 1782 2635 qua-

348 2636 591 2688 dringenties
629 2636 860 2690 quadragies
897 2639 1025 2675 vietor
1069 2637 1257 2679 discessit.
1312 2638 1366 2676 Et
1403 2639 1586 2689 quamvis
1629 2637 1782 2689 aliquot

348 2691 509 2745 proeliis
542 2692 642 2731 >victi
681 2692 782 2741 sint,
821 2690 926 2730 bello
975 2699 1108 2732 tamen
1148 2694 1280 2741 omni,
1324 2699 1370 2731 ut
1397 2691 1531 2732 civilia
1565 2691 1782 2746 sileantur,

349 2747 571 2800 superiores
600 2746 722 2787 fuere.
749 2759 923 2788 ronux«.
