1794 3158
303 107 419 173 486
809 123 1224 166 ΑΝΝοΤΑΤιοΝΕε

303 228 346 265 in
374 227 534 267 decursu
562 227 748 266 montium
780 226 910 265 multis
928 226 1157 265 torrentzbus
1181 235 1325 279 actum,
1343 236 1380 266 et
1396 229 1551 267 nomine
1571 229 1614 268 in
1631 228 1739 268 Bar-

304 282 464 322 clarium
493 291 637 321 mutato
651 311 663 331 ,
702 281 921 336 aliquando
951 290 989 320 et
1014 282 1244 335 quibusdam
1285 285 1329 322 in
1365 283 1457 322 locis
1494 284 1737 335 navigalnle.

303 351 476 377 PONTAN.
521 330 669 384 ’Ἀξιον
700 337 759 387 Μ.
789 350 977 389 quoque3
1008 350 1090 389 mg.
1118 337 1224 376 idem
1252 336 1431 377 scholion
1459 339 1567 392 quod
1586 341 1636 378 P.
1662 339 1739 379 ha·

302 392 371 431 bet
401 401 439 432 et
472 392 541 434 lin.
579 393 638 432 ¹5.
664 391 735 442 τῆς
762 393 837 430 νῦν
865 390 1177 442 Κασανδρείας.

413 447 518 500 Pag.
538 446 634 497 455,
655 447 693 488 5.
734 460 838 500 per
865 446 1248 487 Macedoniam.
1307 448 1531 501 Gregoras:
1579 446 1741 488 Deinde

303 505 345 541 in
366 503 642 541 ,Macedoniam
671 501 864 551 abiturus,
888 511 929 541 ut
946 516 1015 541 sua
1037 504 1262 556 praesentia
1282 516 1358 552 eos,
1385 504 1454 558 qui
1479 503 1738 554 dfictionem

302 573 388 611 spe(
384 557 524 595 tabant
554 558 596 596 in
631 556 800 608 urbibus,
832 566 990 596 terreret
1007 586 1018 607 ‚
1058 558 1319 613 patri‘archzci
1343 559 1436 598 solii
1467 567 1559 613 post
1590 557 1743 597 Esaiae

303 613 448 651 obitum
479 615 666 651 Ioannem
702 611 825 666 Apris
852 612 1074 662 oriundum,
1105 614 1353 668 imperatorii
1380 614 1536 665 collegii
1563 621 1646 652 tum
1674 627 1741 651 su-

303 668 495 706 cerdotem
510 696 522 717 ,
554 681 805 707 successorem
836 667 995 720 deligit.-
1032 682 1138 707 cuius
1149 668 1267 724 fidei
1283 698 1295 719 ,
1329 668 1462 707 Deum
1487 676 1664 716 testatus,
1695 668 1741 708 in

303 724 487 761 maximo
519 722 652 761 divini
693 723 806 761 verbi
838 722 1067 777 Sapientiae
1095 725 1240 778 templo
1281 725 1485 776 coniugem
1523 732 1560 763 et
1601 723 1745 762 liberos

303 792 388 816 suos
427 778 639 817 mandavit
660 808 671 825 ,
709 786 751 816 ut
774 791 909 816 eorum
946 787 1103 817 curator
1132 788 1170 818 et
1199 787 1319 818 custos
1343 787 1436 833 post
1462 778 1596 817 Deum
1630 787 1741 828 esset,

303 833 338 871 si
362 833 461 888 qzad
472 834 588 884 sorte
609 833 830 888 respublica
858 833 1084 872 detrimenti
1112 834 1285 888 cepisset.
1340 833 1420 872 His
1451 834 1546 872 actis
1569 846 1747 888 propere„

302 889 346 926 in
373 889 651 926 Macedoniam
681 887 891 938 contendit,
926 888 1034 927 nullo
1055 903 1180 927 secum
1206 887 1378 927 adducto
1406 890 1594 928 exercitu.
1648 889 1746 929 Iam

304 945 409 981 enim
443 957 574 982 omnes
605 953 796 997 suspectos
824 918 988 982 halaebat
1006 973 1018 994 ,
1053 954 1215 998 praeter
1224 943 1487 1000 fidelissimos
1518 943 1747 986 domesticos

303 1012 388 1037 suos
411 1007 450 1037 et
475 1011 665 1050 magnum
693 998 943 1037 domesticum
987 999 1325 1046 Cantacuzenum,
1351 1013 1464 1052 quem
1490 1000 1570 1038 eius
1595 999 1747 1038 studzo-

303 1054 497 1092 szssimum
517 1062 555 1091 et
583 1055 892 1092 amantzssimum
915 1081 928 1104 ,
975 1055 1109 1092 ceteris
1133 1067 1228 1094 'vero
1253 1054 1428 1094 ommbus
1452 1067 1602 1094 comem
1621 1063 1660 1094 ec
1678 1055 1743 1094 1ιί-

303 1109 444 1158 larem,
468 1117 619 1162 tempus
649 1108 884 1146 declaravi-t
913 1122 1090 1148 PONTAN.

413 1162 517 1214 Pag.
536 1164 636 1212 455,
658 1176 724 1201 20.
754 1162 824 1227 τῆς
853 1162 955 1201 adde
986 1178 1031 1202 ex
1060 1164 1119 1202 M.
1151 1170 1244 1202 ante
1277 1162 1487 1227 στρατιᾶς.

414 1218 519 1270 Ρα3.
538 1216 635 1269 456,
657 1232 724 1258 22.
753 1214 863 1269 ὅρων
902 1217 1004 1258 adde
1052 1233 1098 1258 ex
1127 1220 1187 1258 M.
1220 1225 1315 1258 ante
1340 1214 1471 1259 αὐτὸν
1508 1225 1548 1258 et
1592 1219 1751 1273 corrige

305 1287 350 1313 ex
382 1273 522 1312 eodem
553 1272 918 1323 ἐναπειλημμένον

415 1328 520 1380 Pag.
541 1327 633 1381 457,
654 1326 695 1378 4.
725 1328 1080 1380 interficiunt.
1136 1329 1277 1382 longe
1305 1327 1420 1368 aliter
1451 1327 1503 1368 de
1528 1342 1627 1368 nece
1648 1328 1753 1383 Syr-

306 1383 462 1435 giannis
491 1385 548 1421 Gn
551 1397 644 1435 egon
646 1397 700 1422 as
762 1384 935 1422 Ceterum-
966 1384 1188 1437 Splzranzes
1218 1385 1452 1438 imperatori
1483 1385 1582 1439 quid
1610 1398 1748 1435 agere-

307 1447 371 1476 tur
393 1440 657 1490 nuntiaturus,
695 1439 887 1493 simulque
913 1438 1134 1490 Syrgianni
1158 1453 1236 1477 non
1267 1449 1456 1493 suspectus
1484 1454 1563 1478 esse
1592 1439 1751 1491 volens,

307 1493 563 1533 callidissimo
594 1503 631 1533 et
672 1494 839 1548 mil-fico
858 1503 1074 1533 commento
1097 1495 1209 1532 illum
1238 1509 1451 1558 aggressus,
1480 1509 1519 1532 se
1539 1509 1626 1533 cum
1649 1494 1751 1533 duo-

307 1548 375 1586 bus
400 1550 728 1589 cubiculariorum
751 1550 1001 1604 principibus
1025 1551 1220 1603 pepigisse
1252 1551 1334 1600 ai,t
1367 1550 1436 1604 qui
1465 1547 1751 1613 affirmassent,

307 1617 368 1651 se,
392 1604 488 1643 data
510 1608 818 1660 opportunitate,
842 1607 1118 1658 imperatorem
1140 1619 1277 1643 occzsut
1279 1618 1345 1643 os
1401 1604 1485 1643 Eos
1503 1606 1624 1657 igitur
1640 1618 1754 1643 com-

307 1661 622 1710 monefaciendos
650 1677 728 1699 esse
758 1669 1050 1702 conventorum.
1104 1659 1172 1698 Sic
1198 1667 1392 1715 potestate
1418 1659 1538 1710 data,
1574 1661 1750 1713 impera-
1793 1681 1794 1712 }

307 1716 386 1752 tori
413 1715 512 1769 quid
546 1726 726 1768 ageretur
762 1717 865 1768 signi
905 1726 983 1754 at:
1029 1730 1129 1771 quae
1167 1724 1281 1754 erant
1317 1714 1550 1754 huiusmodi.
1605 1714 1755 1756 Deesse
1793 1715 1794 1740 ἶ

307 1769 383 1806 sibi
411 1771 653 1820 facultatem
691 1773 809 1810 simul
852 1781 890 1810 et
911 1773 1113 1824 facinoris
1147 1771 1342 1825 patrandi
1390 1780 1429 1809 et
1461 1771 1568 1809 vitae
1594 1784 1750 1809 conser-

307 1825 477 1863 vandae.
516 1827 709 1879 Magnam
741 1841 844 1866 enlm
884 1827 1110 1879 Syrgianni
1143 1827 1299 1865 turham
1330 1835 1442 1865 noctu
1475 1834 1596 1882 atque
1628 1827 1752 1865 inter-

307 1879 376 1918 dlu
395 1881 671 1934 circumfusam
691 1897 784 1930 esse,
805 1897 925 1949 neque
944 1897 1114 1937 unquam
1135 1882 1307 1934 relinqui
1321 1882 1443 1920 solum
1466 1887 1543 1919 etc.
1573 1894 1750 1921 ΡΟΝΤΑΝ.

417 1936 521 1988 Ρα3.
543 1938 701 1991 457,9.
749 1937 802 1990 τῇ
836 1934 916 1975 απὸ
950 1939 1031 1976 τῶν
1074 1935 1346 1989 πραγμάτων,
1404 1937 1552 1976 Fatum
1591 1936 1754 1975 videtu:-

308 1989 511 2039 ῙΠᾶὶοωε,
543 2007 665 2045 quam
695 1992 947 2044 εἷμαομένην
977 2000 1150 2043 vocant,
1186 1993 1225 2032 id
1256 2001 1338 2042 est,
1367 1993 1549 2031 ordinem
1586 1993 1750 2031 seriem-

290 2059 388 2099 -que
416 2060 643 2098 causmum,
672 2062 765 2087 cum
801 2061 961 2086 causam
989 2062 1107 2087 causa
1135 2062 1179 2087 ex
1209 2063 1250 2087 se
1280 2050 1342 2101 gig
1332 2049 1420 2087 nit.
1449 2047 1528 2086 Seu
1555 2046 1614 2097 id,
1642 2046 1752 2100 quod

309 2108 368 2139 est
396 2101 504 2153 apud
535 2103 675 2142 divum
702 2103 975 2156 Augustinum
997 2104 1167 2143 civitatis
1198 2103 1357 2142 divinae
1385 2102 1489 2143 libro
1519 2101 1559 2141 5.
1593 2115 1680 2155 cap.
1709 2100 1751 2144 8.

311 2155 392 2209 Qui
419 2171 533 2208 vero,
566 2160 720 2212 inquit,
750 2172 828 2197 non
851 2168 923 2197 ast!
925 2174 1046 2197 orum
1069 2160 1386 2207 consumationem,
1415 2159 1534 2197 sicuti
1558 2167 1627 2206 est,
1658 2171 1749 2195 cum

307 2211 479 2265 quidque
517 2215 736 2268 concipitur
766 2214 834 2251 vel
869 2216 1045 2253 nascitur
1095 2215 1162 2255 vel
1190 2215 1399 2252 inchoatur
1416 2244 1426 2261 ‚
1469 2213 1542 2252 sed
1571 2213 1747 2251 omnium

307 2268 591 2306 connexionem
614 2270 831 2323 seriemque
858 2283 1082 2315 causarum,
1116 2284 1204 2324 qua
1205 2269 1259 2324 fit
1281 2283 1407 2316 omne,
1435 2268 1635 2323 quodfit,
1656 2268 1752 2330 fati

308 2334 464 2361 nomine
488 2324 694 2377 appellant
708 2353 721 2373 ‚
758 2339 837 2363 non
861 2326 1026 2363 multum
1047 2339 1132 2363 cum
1162 2326 1216 2362 eis
1248 2324 1298 2363 de,
1341 2324 1450 2362 verbi
1481 2323 1751 2363 controversia

309 2376 569 2417 laborandum
608 2388 724 2432 atque
761 2380 987 2418 certandum
1018 2389 1105 2418 est:
1143 2379 1457 2434 qucmdoquidem
1491 2379 1616 2432 ipsum
1653 2391 1749 2416 cau-2

309 2446 442 2471 sarum
469 2434 650 2472 ordinem
695 2443 734 2472 et
768 2435 987 2488 quamdam
1015 2437 1294 2474 conneaeionem
1333 2434 1417 2472 Dei
1451 2434 1596 2472 summi
1625 2433 1749 2473 tribu-

309 2496 379 2524 unt
407 2489 602 2527 voluntati
621 2498 659 2528 et
675 2491 860 2543 potestati
871 2520 883 2539 ,
911 2491 982 2543 qui
999 2500 1144 2544 optzme
1180 2499 1217 2528 et
1234 2491 1482 2528 veracissime
1510 2487 1684 2526 creditur
1713 2496 1752 2526 et

309 2552 445 2581 cuncta
467 2545 580 2594 scire,
606 2554 818 2599 antequam
821 2544 947 2598 fiant
973 2555 1010 2583 et
1032 2546 1135 2583 nihil
1155 2545 1421 2583 inordinatum
1452 2544 1694 2596 relinquere,
1719 2555 1747 2580 a
1788 2583 1791 2594 -,

311 2611 387 2651 quo
419 2608 506 2637 sunt
535 2614 668 2638 omnes
690 2608 919 2654 potestace5‚
964 2615 1146 2654 quamvls
1175 2601 1225 2638 ab
1254 2600 1327 2638 illo
1358 2613 1436 2637 non
1463 2600 1539 2636 sznt
1572 2598 1749 2636 omnium
1788 2605 1792 2652 J

309 2653 531 2692 voluntates
560 2662 637 2693 etc.
696 2657 746 2694 In
775 2655 885 2708 quod
917 2663 1037 2707 caput
1066 2655 1242 2694 scribens
1270 2654 1499 2692 Ludovicus
1527 2652 1671 2702 Vivus,
1702 2666 1748 2690 ex

313 2707 410 2746 Pico
451 2708 737 2749 Mirandulano
780 2717 920 2750 conua
959 2709 1193 2764 Astrologos
1237 2708 1308 2750 lib.
1346 2724 1378 2765 ι,
1417 2708 1540 2749 refelt
1577 2714 1752 2763 quatum
1790 2719 1794 2743 1
