1794 3158
348 156 421 196 AD
461 154 829 198 CANTACUZENl
871 157 969 196 Lm.
1010 158 1082 197 111.
1349 140 1475 218 529¹

33 253 168 301 {amen
194 270 281 297 eam
309 270 404 296 cum
431 255 534 296 libra
572 271 642 297 seu
670 258 821 297 trutina
850 256 1018 297 effictam
1046 257 1188 307 fuisse,
1243 272 1325 299 non
1350 262 1463 301 inve-

27 313 118 355 nio.
177 313 263 351 Hac
294 319 427 351 autem
455 313 587 365 potius
614 313 719 351 iusta
756 313 1027 363 iudicaretur,
1065 327 1155 352 cum
1185 323 1394 355 accusetur
1419 325 1466 358 ut

34 366 290 407 iniustissima
339 375 378 407 et
415 381 531 406 caeca
563 366 696 420 plane.
753 369 1039 407 Verumtamen
1079 382 1150 422 per
1191 367 1322 409 lances
1361 373 1464 423 eius,

33 421 199 461 alteram
225 423 516 472 ascendentem,
545 423 708 461 alteram
735 422 1053 471 descendentem,
1084 437 1164 463 non
1193 424 1317 476 aliud,
1343 440 1466 480 quam

32 477 155 530 ipsius
183 477 443 517 mobilitatem
473 485 511 516 et
539 479 843 518 inconstantiam
875 479 1095 531 significare
1139 478 1346 520 historicus
1390 496 1466 522 vo-

33 530 123 582 luit,
151 546 257 586 quae
284 547 391 573 nunc
415 533 575 585 exaltet,
602 546 710 572 nunc
736 533 954 587 deprimat,
997 547 1105 572 nunc
1133 534 1227 584 det,
1259 548 1367 576 nunc
1388 551 1464 577 au-

34 587 147 630 ierat.
177 602 347 628 roi-«Tm-

149 642 256 696 Pag.
277 642 372 691 515,
395 644 461 683 23.
487 644 654 682 vitam
683 644 896 683 minime
922 643 1165 687 vitalem.
1216 643 1307 694 βίον
1334 643 1466 695 α’βίω-

35 709 106 759 τνον
144 706 204 737 est
235 700 278 738 in
315 700 486 738 Graeco.
539 698 654 736 Talia
686 706 780 737 sunt
819 698 927 751 apud
971 699 1147 737 Graecos
1184 699 1280 738 item
1321 697 1467 753 νύμφη

36 765 252 806 ανυμφος,
281 753 490 806 παρθένος
517 747 756 804 ἆπάρθενος
772 783 785 805 ,
814 752 932 806 δῶρα
958 746 1120 805 ἄδωρα,
1139 751 1265 805 γάμοι
1293 745 1464 804 ἄγαμοι,

28 801 170 860 μήτηρ
199 805 396 873 α’μήτωρ,
431 805 558 860 χάρις
591 801 766 860 ἄχαρις,
809 814 848 847 et
877 822 980 861 quae
1018 815 1130 847 notat
1161 809 1363 847 Victorius
1392 809 1463 848 lib.

37 875 101 902 ιο.
134 877 222 916 cap.
251 877 312 902 12.
345 860 428 915 ἔργ’
457 858 638 915 ἇνεργα,
679 862 834 913 πότμος
876 876 1070 914 αποτμος.
1126 863 1181 902 Et
1220 864 1468 904 Graecorum

34 917 254 957 imitatione
274 919 380 971 apud
415 920 578 958 Latinos
602 919 794 973 insepzdta
823 919 1038 973 sepultura,
1069 919 1255 973 innuptae
1288 920 1463 973 nuptiae,

30 985 103 1011 ars
137 974 251 1022 iners,
275 975 437 1026 funera
466 988 539 1013 nec
563 975 734 1026 simet-a,
765 974 967 1014 insaniens
991 974 1221 1028 sapientia,
1254 973 1467 1028 disctplina

28 1027 216 1067 indocilis
244 1036 318 1068 etc.
348 1043 517 1068 rouun-

139 1082 235 1135 Pag.
257 1084 358 1134 516,
381 1098 441 1127 ιο.
468 1084 802 1123 voluntatem
829 1083 961 1134 eius,
1007 1098 1098 1124 non
1129 1083 1269 1123 enim
1297 1083 1469 1123 dicam

32 1135 475 1191 intelligentiam.
528 1140 680 1178 Graece
707 1140 762 1178 sic
801 1153 896 1177 cum
925 1140 1097 1192 quadam
1134 1139 1308 1177 iucunda
1350 1154 1470 1190 paro·

33 1194 237 1241 nomasia,
271 1191 346 1246 τήν
372 1192 501 1247 αὕτιξς
532 1191 866 1247 διαστρέψαντες
895 1191 1060 1246 γνώμην
1078 1225 1089 1244 ‚
1136 1190 1186 1232 οὗ
1213 1190 1296 1246 »γάρ
1328 1189 1380 1233 ἂν
1411 1192 1470 1234 εἴ-

34 1260 156 1297 ποιμι
194 1247 360 1299 γνῶσιν.
422 1250 508 1288 Hoc
553 1249 656 1288 vult.
711 1249 803 1287 Non
846 1256 1065 1302 potuerunt
1103 1249 1161 1288 illi
1200 1249 1470 1303 sycophantae

33 1301 215 1354 efficere,
236 1311 283 1342 ut
311 1306 538 1358 imperatrix
567 1304 764 1342 desineret
794 1318 908 1343 nosse
951 1319 1027 1354 me,
1055 1306 1124 1356 qui
1151 1318 1292 1352 essem,
1324 1305 1365 1343 id
1397 1313 1470 1355 est,

33 1370 160 1410 quam
187 1361 352 1412 integer,
383 1373 506 1412 quam
534 1358 738 1399 fidus'etc.
766 1359 849 1397 Nec
878 1359 983 1397 enim
1012 1359 1089 1398 hoc
1117 1366 1290 1412 poterat,
1316 1366 1377 1398 tot
1409 1374 1471 1398 ex-

34 1414 264 1465 perimentis
292 1414 431 1453 edocta
448 1429 460 1453 :
494 1414 563 1453 sed
592 1421 636 1452 ut
664 1427 744 1452 non
774 1414 946 1467 amplius
983 1414 1085 1453 bene
1112 1422 1275 1467 cuperet
1297 1414 1473 1462 mihi‚ut

32 1479 100 1507 me
115 1468 234 1509 vellet
248 1471 446 1523 persequi,
462 1483 542 1522 qua
563 1470 662 1519 iure,
677 1483 756 1521 qua
778 1468 1026 1519 inluria,hoc
1045 1468 1273 1512 effecerunt.
1293 1481 1469 1511 roN‘rAN.

145 1523 246 1578 Pag.
265 1524 358 1572 318,
379 1539 416 1579 7.
429 1526 644 1576 frater.
678 1521 958 1576 Αὕτάδελφος
988 1531 1047 1563 est
1074 1525 1117 1562 in
1146 1525 1301 1563 Graeco
1320 1538 1332 1562 ε
1362 1524 1471 1577 quod

30 1579 199 1631 accipio,
229 1580 344 1634 quasi
369 1581 527 1619 dixisset
549 1611 559 1630 ‚
587 1585 778 1631 tanquam
807 1579 953 1629 frater,
989 1579 1063 1618 fuit
1089 1580 1195 1619 enim
1224 1576 1400 1629 ἀνεψιὸς
1433 1586 1473 1618 ct

33 1633 91 1672 ita
119 1648 235 1688 saepe
257 1635 372 1675 illum
407 1642 537 1676 vocat.
594 1634 681 1672 Non
711 1634 832 1687 igitur
859 1634 1011 1683 frater,
1054 1635 1195 1673 iisdem
1237 1634 1471 1687 parentibus

31 1695 105 1728 aut
133 1689 258 1729 altero
287 1698 436 1741 natus,
465 1691 648 1743 quamvis
675 1702 722 1727 ex
753 1689 890 1727 eadem
911 1689 1044 1728 radice
1072 1689 1226 1741 generis
1255 1703 1347 1727 cum
1375 1689 1472 1727 Can-

36 1750 230 1784 tacuzeno
255 1745 449 1798 prodiisse
478 1759 567 1783 mox
597 1744 754 1782 dicatur
773 1772 785 1794 ,
828 1743 932 1782 filius
959 1743 1107 1782 scilicet
1134 1751 1374 1782 materterae
1403 1750 1474 1782 aut

34 1798 203 1839 alicuius
230 1803 544 1854 consanguineae
571 1801 708 1852 ipsius.
752 1812 924 1837 ΡΟΝΤΑΝ.

146 1855 252 1909 Pag.
278 1857 371 1910 519,
399 1857 459 1896 13.
490 1869 579 1894 suo
617 1868 674 1893 no
688 1854 825 1894 mini.
871 1854 1040 1892 Ioannes
1066 1852 1246 1906 Angelus
1272 1851 1472 1895 videlicet.

35 1909 111 1951 Est
138 1918 272 1950 autem
300 1912 468 1951 Ioannes
498 1909 689 1950 Hebraeis
717 1909 843 1963 gratia
868 1909 960 1961 Dei,
990 1916 1030 1948 et
1059 1916 1188 1962 potest
1215 1909 1294 1947 dici
1322 1908 1475 1962 gratio·-

35 1980 117 2008 sus.
145 1980 312 2007 romum.

129 2021 252 2075 -Pagn
276 2023 369 2070 520,
390 2036 428 2064 2.
462 2019 520 2068 εἷς
547 2015 746 2074 κεφαλήν.
802 2018 971 2059 Nomine
1000 2018 1079 2058 hoc
1114 2032 1196 2057 non
1237 2016 1347 2056 aliud
1374 2020 1474 2071 puto

36 2075 166 2127 velle,
195 2092 315 2131 quam
346 2078 589 2131 praefectum
630 2090 676 2115 ae
718 2075 877 2114 ducem.
934 2075 1059 2113 Dacia
1098 2072 1304 2127 quondam
1338 2072 1476 2126 appel-

39 2130 199 2171 labatur
224 2133 464 2186 amplissima
491 2133 626 2186 regio,
671 2145 774 2184 quae
801 2129 1137 2183 Transylvaniam
1185 2141 1277 2167 cum
1306 2135 1477 2181 utraque

39 2186 234 2227 Valachia
261 2189 517 2228 continebat:
550 2195 589 2226 et
616 2187 780 2240 cingunt
807 2185 948 2224 ambae
986 2184 1202 2223 Valachiae
1230 2182 1477 2236 Transylva-

39 2243 172 2290 niam,
213 2258 383 2296 quarum
411 2257 491 2282 una
520 2244 648 2281 maior
670 2272 680 2289 ,
727 2241 850 2279 altera
879 2241 1010 2278 minor
1050 2239 1209 2278 dicitur.
1267 2239 1398 2277 Maior
1425 2237 1477 2276 ml

38 2295 241 2336 Euxinum
272 2313 381 2337 mare
419 2313 460 2337 se
499 2299 665 2351 porrigit
713 2303 752 2334 et
790 2296 933 2334 nostris
975 2301 1035 2333 est
1066 2293 1296 2333 Moldavia:
1345 2294 1477 2330 minor

38 2359 202 2405 propter
244 2353 422 2392 Danubii
462 2355 568 2406 ripas
614 2351 837 2391 extenditur
865 2358 904 2390 et
930 2348 1166 2403 plerumque
1193 2346 1474 2399 Transalpina,

40 2407 220 2447 Bonfinio
251 2415 464 2454 montana,
508 2408 608 2447 sicut
636 2415 674 2446 et
705 2405 791 2445 aliis
818 2407 1062 2444 nominatur.
1118 2403 1329 2442 Vlacbiam
1357 2415 1479 2440 voca-

39 2476 134 2503 vere
165 2464 307 2502 Graeci
336 2470 375 2502 et
403 2462 553 2501 incolas
579 2461 755 2502 Vlachos
773 2491 784 2508 ,
827 2474 902 2514 pro
940 2460 1085 2514 quibus
1122 2462 1315 2509 interpres
1345 2457 1476 2494 Zona-

42 2531 112 2557 rae
136 2547 148 2568 ,
190 2518 361 2557 Cedreni
395 2525 434 2556 et
462 2516 631 2556 aliorum
670 2517 951 2556 historicorum
982 2514 1188 2553 Blachiam
1227 2518 1266 2550 et
1296 2510 1478 2560 Blachos,

43 2579 184 2612 contra
213 2573 433 2612 molliorem
466 2572 751 2626 pronuntiandi
772 2573 966 2611 rationem
988 2571 1248 2616 Graecorum,
1267 2579 1365 2619 quos
1388 2567 1479 2603 imi-

43 2633 174 2667 tantes
203 2629 360 2668 Turcae
388 2642 469 2668 non
502 2628 641 2667 lblach
665 2657 676 2679 ,
722 2627 790 2666 sed
835 2623 958 2665 lssach
997 2624 1147 2663 dicunt.
1207 2621 1314 2659 Haec
1343 2622 1480 2659 Leun-

47 2682 214 2723 cluvius.
268 2683 557 2722 Verumtamen
584 2684 649 2723 hic
679 2681 885 2722 Thessalia
915 2693 983 2718 seu
1014 2691 1105 2729 pars
1134 2676 1363 2715 Thessaliae
1406 2687 1481 2711 no-

46 2739 153 2777 mine
190 2736 373 2776 Blacbiae
409 2739 620 2790 significari
659 2738 848 2781 videtur:
897 2732 1097 2774 Thessalis
1135 2734 1242 2770 enim
1280 2727 1479 2782 Angelum

91 2808 368 2845 Cancacuzcnus
396 2809 463 2844 ΙΙΙ.
1144 2804 1187 2845 34
