1794 3158
426 170 499 212 AD
547 171 914 214 CANTAcUzENI
953 174 1049 213 Lm.
1091 175 1126 224 ι.
1370 154 1484 221 403

168 269 272 324 Pag,
301 272 368 326 93,
401 271 460 313 16.
517 269 712 327 στρατιάν
740 271 998 325 α’ξιόμαχον,
1038 273 1216 313 existimo
1255 272 1370 312 reddi
1393 288 1487 327 pos-

57 338 101 364 se
131 325 270 365 iustum
299 329 537 367 exercitum.-
582 331 616 367 is
643 329 749 367 enim
777 329 918 380 dignus
947 335 1031 379 est,
1054 329 1123 382 qui
1150 342 1243 367 cum
1269 328 1348 367 alio
1378 343 1487 367 exer-

59 379 142 418 citu
170 381 464 434 congrediatur,
493 384 683 436 quoniam
711 382 863 423 viribus
890 384 925 422 ei
953 398 1027 436 par
1053 383 1222 424 videtur.
1261 383 1368 423 Huic
1400 384 1487 422 loco

55 433 290 475 illustrando
318 436 469 475 faciunt
506 438 630 477 verba
659 440 887 491 Gregorae:
939 441 1054 493 Quae
1076 453 1163 478 cum
1191 438 1253 477 ad
1276 440 1375 477 hunc
1403 453 1487 477 mo·-

57 487 154 527 dum
183 491 226 529 in
248 491 337 529 urbe
361 493 612 546 imperatrice
643 501 878 546 gererentur,
916 493 1169 533 Andronicus
1199 493 1344 542 iunior,
1368 494 1488 531 liber-

56 550 140 581 tate
162 553 199 582 et
223 546 475 586 immunitate
505 549 547 586 in
582 548 768 586 Thraciis
799 548 925 602 pagis
951 557 990 587 et
1025 549 1179 587 urbibus
1203 549 1485 602 pronuntiata,

53 599 189 637 statim
220 613 352 640 omnes
376 603 438 641 ad
448 603 612 657 quodvis
635 611 809 656 paratos
826 603 989 642 habuit.-
1017 605 1152 642 statim
1178 604 1221 641 in
1243 604 1371 642 armis
1385 605 1489 654 fue-

56 662 148 692 runt
183 654 356 694 Thraces
381 671 528 708 omnes,
558 671 636 712 pro
668 659 819 696 iuniore
850 658 1093 710 imperatore
1122 657 1399 712 Christopolim
1425 672 1489 696 us-

55 721 129 760 que
148 723 276 748 senem
303 711 584 765 imperatorem
610 712 748 767 cupide
769 713 964 751 invasuri.
1010 726 1186 751 PONTAN.

166 764 272 817 Pag.
289 767 358 818 93,
386 765 444 807 18.
479 768 802 806 tributorum
832 776 1122 809 coactores.
1163 767 1384 820 Gregoras:
1427 765 1490 806 Ac

49 818 226 871 primum
241 821 397 873 passim
415 822 458 860 in
476 823 693 875 provincia
714 822 954 874 vagantibus
980 822 1206 876 publicanis
1226 830 1263 859 et
1283 823 1490 860 exactori-

53 872 120 910 bus
153 874 402 914 inclementer
435 879 679 916 excruciatis
695 906 707 925 ,
765 886 944 931 ereptam
997 891 1122 931 quam
1161 876 1492 927 circumferebant

43 929 258 980 pecuniam
294 931 409 969 nulla
434 932 629 970 modestia
653 933 754 970 inter
775 946 816 970 se
838 932 1082 986 partiuntur.
1122 943 1301 971 Ponun-

163 983 268 1036 Pag.
298 987 368 1038 93,
400 999 464 1024 22.
491 986 696 1036 βασιλέως
726 988 785 1025 Μ.

162 1037 273 1091 Pag.
303 1039 369 1093 94,
398 1054 440 1094 9.
471 1042 776 1080 anathema.
817 1040 1043 1080 Anathema
1070 1040 1178 1080 enim
1210 1053 1281 1079 seu
1311 1054 1489 1081 exsecra-

51 1090 109 1131 tio
137 1098 211 1141 est,
243 1095 351 1146 quod
383 1096 439 1134 ait
463 1093 682 1149 χωρισμὸν
702 1092 783 1133 α’πὸ
813 1094 916 1134 θεοῦ
944 1095 1198 1149 ἕκφωνῆσαι,
1231 1095 1282 1134 ad
1301 1096 1486 1136 verbum:

49 1148 339 1200 separationem
375 1163 406 1189 a
442 1149 530 1189 Deo
567 1152 842 1205 pronuntiare.
899 1151 947 1189 In
988 1164 1090 1204 quos
1133 1150 1241 1188 enim
1276 1151 1490 1190 anathema

51 1207 262 1253 torquetur
282 1233 295 1255 ‚
332 1219 356 1243 a
384 1205 471 1244 Deo
501 1212 738 1258 separantur
775 1212 815 1244 et
853 1205 1023 1245 Satanae
1062 1204 1292 1247 traduntur.
1348 1206 1492 1258 Itaque

49 1255 229 1296 definitio
258 1272 332 1311 pro
361 1273 433 1311 eo,
463 1261 570 1312 quod
604 1260 808 1311 definitur,
845 1261 974 1313 posita
1018 1267 1088 1299 est.
1146 1259 1314 1311 Semper
1355 1267 1493 1302 autem

49 1312 181 1364 potius
210 1310 427 1365 χωρισμὸν
453 1311 533 1353 α’πὸ
564 1315 696 1364 θεοῦ,
733 1327 855 1367 quam
892 1314 958 1354 vel
989 1313 1184 1363 α’νάθεμα
1225 1313 1291 1352 vel
1336 1313 1490 1354 dna-954

49 1364 257 1416 ματισμὸν
286 1370 494 1407 nominare
535 1369 692 1422 gaudet.
747 1369 848 1407 Vult
881 1371 988 1408 enim
1015 1368 1301 1421 significantius
1333 1375 1372 1407 et
1402 1371 1491 1408 evi-

48 1420 205 1486 dentius
231 1421 366 1476 loqui,
397 1423 505 1477 quod
534 1425 678 1464 Graeci
706 1423 847 1463 dicunt
874 1419 1211 1478 ἑμφατικώτερον
1251 1419 1324 1462 καί
1364 1420 1488 1478 ἐναρ-

49 1488 251 1526 γεστερον.
292 1491 465 1518 ron-rim.

160 1530 340 1586 Pag.94‚
361 1533 422 1582 ¹4·
459 1533 650 1573 Theole
655 1549 687 1588 p
699 1540 749 1572 tu
760 1548 813 1572 m.
845 1532 1019 1587 Elegans
1038 1531 1159 1572 huius
1182 1531 1392 1586 Theolepti
1411 1532 1489 1586 hy-

46 1598 164 1625 mnus
184 1594 307 1626 exstat
335 1587 376 1626 in
390 1589 635 1627 Graecorum
660 1587 894 1641 Hmologio,
923 1601 1044 1640 quem
1072 1588 1112 1625 in
1139 1587 1400 1640 appendicem
1427 1589 1489 1627 Si-

46 1640 198 1679 meonis
214 1641 389 1696 theologi
407 1656 429 1681 a
447 1644 562 1682 nobis
581 1644 723 1682 Latine
748 1656 984 1682 conversum
1000 1641 1240 1681 addidimus.
1266 1642 1340 1681 Est
1354 1649 1490 1681 autem

37 1692 357 1748 ’κατανυκτικὸς,
384 1698 442 1736 ad
465 1700 795 1753 compunctionem
826 1698 1049 1750 pertinens,
1090 1710 1134 1734 ex
1173 1697 1490 1735 consideratione

47 1748 176 1788 ultimi
206 1751 363 1793 iudicii.
395 1753 477 1791 Cur
506 1753 654 1805 legatos
681 1753 857 1789 mitteret
884 1764 1020 1800 senex,
1052 1764 1211 1789 causam
1240 1751 1361 1789 refert
1388 1751 1490 1790 Gre-

45 1818 163 1858 goras
191 1805 313 1845 fuisse
341 1806 640 1846 multitudinem
668 1807 875 1859 peditum,
923 1807 1128 1858 equitum,
1173 1805 1486 1858 sagittariorum,

46 1859 295 1899 funditorum
326 1876 451 1915 paene
483 1861 814 1900 innumerabilem
832 1889 844 1910 ,
888 1860 1125 1913 Byzantium
1156 1874 1295 1899 versus
1329 1861 1492 1912 profici-

46 1922 246 1966 scentem,
267 1918 337 1968 qui
364 1918 493 1969 primo
522 1918 673 1969 impetu
702 1915 844 1954 urbem
871 1921 1165 1968 expugnaturos
1201 1929 1243 1954 se
1279 1915 1488 1966 rebantur,

45 1969 239 2009 seditione
271 1969 536 2020 laborantem,
556 1970 706 2025 populo
734 1972 839 2009 inter
867 1983 909 2008 se
937 1969 1205 2011 discordante.
1260 1969 1324 2008 De
1355 1969 1491 2008 Theo-

48 2022 155 2077 lepto
183 2032 331 2076 autem,
364 2026 540 2080 principe
568 2025 787 2080 legationis,
814 2025 894 2063 ait:
923 2026 991 2063 vir
1025 2038 1104 2063 non
1131 2033 1283 2064 tantum
1312 2025 1491 2063 omnibus

45 2080 250 2119 virtutibus
274 2091 431 2121 ornatus
459 2091 497 2121 et
524 2080 767 2128 reverendus,
799 2079 871 2118 sed
886 2087 923 2117 et
938 2080 1133 2132 singulari
1176 2079 1358 2118 rudentia
1366 2093 1492 2133 prae-

44 2134 164 2177 ditus,
216 2135 345 2175 Porro
377 2137 627 2176 Orestiadem
645 2166 656 2184 ‚
694 2149 775 2174 non
804 2133 1110 2187 Adrianopolim
1140 2094 1291 2188 ssgatos
1331 2135 1488 2181 missos,

47 2196 87 2228 et
115 2190 220 2228 inter
253 2204 318 2230 eos
346 2191 466 2231 fuisse
493 2193 612 2231 etiam
639 2190 871 2244 Syrgiannis
904 2196 1088 2240 matrem,
1123 2203 1227 2242 quae
1258 2186 1385 2226 filium
1417 2203 1490 2241 po-

47 2245 245 2283 tissimum
263 2245 439 2298 placaret
468 2249 564 2298 (erat
582 2247 689 2285 enim
706 2247 747 2283 in
770 2244 838 2283 illo
857 2245 1046 2295 exercitu)
1074 2245 1191 2298 eique
1219 2243 1490 2298 persuaderet,

46 2312 100 2338 ne
130 2299 181 2338 ad
207 2303 363 2340 moenia
390 2302 501 2342 urbis
529 2301 733 2342 accederet
755 2306 832 2338 etc.
874 2312 1047 2338 Ponun-

157 2353 257 2408 Pag.
285 2355 356 2410 94,
391 2356 451 2408 14.
494 2353 564 2396 τὸν
590 2355 665 2396 τοῦ
692 2353 882 2399 κοιτῶνος
906 2351 1234 2406 προκαθήμενον.
1276 2351 1393 2391 Alius
1422 2352 1490 2392 hic

47 2407 206 2447 videtur
233 2424 257 2448 a
284 2410 657 2465 παρακοιμωμένῳ.
699 2410 901 2448 Vestitum
920 2409 1005 2448 eius
1033 2407 1202 2461 explicat
1228 2407 1488 2460 Curopalata‚

51 2463 280 2516 dignitatem
311 2479 389 2505 non
422 2467 533 2506 item.
580 2478 754 2505 ronna.

158 2517 340 2573 Pag.95‚
358 2535 396 2575 9.
422 2536 522 2576 pro
550 2534 679 2575 pace
706 2519 1029 2572 legationem
1055 2517 1324 2557 obeuntem
1351 2518 1491 2558 mori.

49 2569 161 2610 Hinc
180 2579 263 2612 tam
281 2575 425 2615 diserte
456 2583 496 2615 et
523 2574 730 2629 magnifice
747 2574 883 2614 laudat
907 2574 1018 2615 Serv.
1046 2572 1268 2624 Sulpicium
1294 2571 1432 2610 Cicero
1450 2584 1491 2623 9.

49 2625 243 2680 Philipp„
267 2631 334 2682 qui
364 2631 403 2670 in
432 2630 627 2684 legatione
654 2630 704 2669 ad
718 2629 939 2668 Antonium
965 2627 1153 2667 obeunda
1179 2639 1224 2664 se
1253 2639 1324 2678 pro
1351 2640 1396 2664 re
1412 2639 1491 2678 pu-

48 2678 153 2721 blica
189 2683 363 2723 devovit.
424 2686 542 2740 Quod
570 2687 610 2725 si
643 2686 826 2739 cuiquam
857 2685 974 2723 iustus
1013 2684 1131 2720 honos
1168 2680 1318 2719 babitus
1353 2688 1407 2718 est
1448 2679 1491 2716 in

55 2746 177 2776 morte
201 2737 339 2790 legam,
368 2741 410 2779 in
439 2742 547 2781 nullo
580 2742 747 2794 iustior,¹
766 2752 888 2792 quam
924 2740 966 2776 in
1000 2736 1143 2776 Servio
1175 2734 1350 2787 Sulpicio
1376 2747 1491 2787 repe-
