1800 3164
324 139 433 207 348
872 155 1239 198 CANTACUZENI

114 268 306 305 A.c.1355
321 264 446 314 σθαι,
489 258 562 302 καί
587 262 740 314 ταύτης
777 259 849 312 τῆς
891 258 1056 305 ἐλπίδος
1096 257 1214 299 ἕνεκα
1253 257 1438 313 τριήρεις
1473 260 1755 314 ἓφοπλίσαντα

317 328 538 380 προσέχειν
574 324 645 366 άεί
678 322 873 379 θαλάσσῃ
928 325 1002 363 καί
1051 326 1284 376 πειρᾶσθαι
1323 339 1394 365 τον
1418 321 1596 379 Ὀρχάνη
1622 324 1754 370 παῖδα

319 389 559 443 ἀνασώζειν,
587 387 668 430 ὑπὸ
698 390 745 430 δὲ
775 386 846 429 τὸν
876 386 1006 430 αΰτὸν
1034 385 1187 444 χρόνον
1225 387 1297 430 καὶ
1324 390 1372 431 σὲ
1415 386 1498 430 ὑπὸ
1539 388 1757 442 Τριβαλῶν

315 456 678 512 προσκεκλημένον,
718 451 875 507 μόνους
912 451 1060 507 ἔχοντα
1100 451 1357 509 βαρβάρους,
1403 454 1757 510 ἐξεστρατευκέναι

321 521 426 575 πρὸς
455 520 740 572 Μακεδονίαν,
771 515 902 568 οὕτως
921 518 991 560 ὑπ’
1018 515 1198 574 άνάγκης
1228 520 1538 576 περισχεθέντα,
1556 514 1660 560 ὥστε
1680 516 1774 572 τὴν.Λ

322 583 451 628 οὖσαν
479 587 523 626 ἐκ
554 583 773 636 Ῥωμαίων
809 583 1008 639 στρατιάν
1046 587 1288 638 ἀπολιπεῖν,
1324 583 1557 640 Τριβαλοὺς
1583 586 1630 626 δὲ
1656 581 1757 634 τούς

275 651 517 707 Βπρότερον
550 650 640 691 οὐδ’
673 650 934 703 ἀντιβλέπειν
965 648 1070 706 πρὸς
1096 649 1194 699 τούς
1224 651 1401 706 Πέρσας
1429 648 1594 691 πώποτε
1623 652 1756 691 τετολ-

314 717 494 771 μηκότας
531 714 697 769 ὀλίγους
728 713 841 771 παρὰ
888 713 1013 767 δόξαν
1041 714 1144 772 πρὸς
1179 717 1513 765 πολλαπλασίους
1540 715 1758 757 ἀντικατα-

315 783 480 836 στῆναι,
509 778 610 829 τους
637 775 814 836 Πέρσας
843 782 914 835 δὲ,
942 783 1074 824 καίτοι
1103 784 1313 838 κρείττους
1340 784 1428 823 τῶν
1455 779 1662 841 πολεμίων
1691 794 1758 834 γε·

314 848 527 900 νομένους,
550 846 707 894 αὐτούς
734 845 807 901 ὑφ’
836 844 1000 889 ἑαυτῶν
1033 849 1330 904 διαφθαρῆναι
1349 849 1632 901 τραπομένους
1657 843 1759 900 πρὸς

314 911 467 968 φυγὴν,
491 914 538 954 σὲ
570 914 616 953 δὲ
649 911 959 968 ὑπολειφθέντα
987 911 1145 968 μόνον,
1194 913 1363 954 ἁλῶναί
1385 928 1430 955 τε
1457 910 1538 954 ὑπὸ
1570 913 1654 954 τῶν
1685 927 1759 952 πο-

317 977 471 1030 λεμίων
499 978 572 1019 καί
617 976 834 1033 δεσμώτην
862 979 1110 1035 α’παχθῆναι
1137 976 1240 1033 πρὸς
1261 980 1439 1032 βασιλέα
1467 975 1539 1020 τὸν
1555 975 1759 1032 γαμβρὸν,

315 1042 702 1096 ἐπιστρατεύσαντα
734 1039 884 1086 αὐτίκα
914 1050 1007 1093 ταῖς
1044 1045 1191 1087 πόλεσι
1229 1049 1320 1094 ταῖς
1357 1043 1437 1085 ὑπὸ
1465 1045 1513 1085 σὲ
1566 1041 1640 1084 καί
1681 1040 1760 1100 στὶν

313 1109 504 1167 ῥᾳστώνῃ
535 1111 648 1166 πάσῃ
674 1108 987 1166 χειρωσάμενον
1039 1109 1111 1152 καί
1145 1117 1320 1164 γυναῖκα
1360 1111 1432 1151 καί
1478 1110 1635 1157 παῖδας
1659 1107 1757 1156 τοιῖς

286 1200 289 1203 -
309 1177 411 1227 σούς
434 1177 512 1234 ὑφ’
532 1174 685 1219 ἑαυτὸν
712 1171 1001 1232 πεποιημένον,
1016 1178 1089 1218 καί
1107 1174 1243 1219 πάντα
1269 1174 1409 1231 ὥσπερ
1430 1177 1475 1217 ἐκ
1487 1173 1759 1229 συνθήματος
1777 1195 1783 1219 1

313 1244 586 1297 συνδραμεῖν,
617 1242 771 1285 οὐδένα
802 1242 942 1296 οἴομαι
971 1245 1052 1285 τῶν
1076 1243 1263 1295 πάντων,
1305 1244 1345 1285 εἶ
1375 1240 1434 1296 μὴ
1464 1242 1629 1297 φρενῶν
1657 1239 1757 1280 dns·

312 1310 510 1363 στέρηται
549 1306 791 1351 παντάπασι
826 1309 900 1369 καί
936 1310 1144 1363 λογισμῶν
1184 1306 1349 1364 ὄρθῶν,
1396 1305 1455 1362 μη
1494 1304 1599 1348 κατὰ
1638 1306 1760 1347 θείαν

312 1374 512 1429 πρόνοιαν
541 1373 764 1430 οἶήσεσθαι
795 1376 1116 1430 συμβεβηκέναι.
1147 1371 1174 1416 ἃ
1193 1376 1265 1416 καί
1293 1377 1342 1417 σὲ
1367 1373 1650 1425 πεπεισμένον,
1680 1373 1760 1424 οὐχ

171 1449 208 1483 Ρ.
233 1460 302 1494 902
317 1439 466 1495 ἑτέρως
494 1442 717 1495 ἐσχηκέναι
745 1442 836 1483 δέον
878 1446 964 1490 τοῖς
1009 1441 1316 1497 ἐψηφισμένοις
1346 1441 1532 1494 στέργειν
1575 1440 1632 1495 τῷ
1673 1439 1762 1493 θεῷ

315 1505 388 1548 καί
416 1504 474 1561 μὴ
509 1505 614 1559 μετά
645 1506 723 1561 τὴν
752 1504 1048 1563 φιλάνθρωπον
1076 1507 1271 1548 παιδείαν
1296 1503 1463 1560 ταύτην,
1495 1501 1786 1556 (πεπαίδευκεο

316 1570 396 1628 γάρ
429 1588 476 1614 σε
510 1571 823 1628 φιλανθρώπως
854 1574 912 1630 τῷ
938 1571 1106 1628 θανάτῳ
1134 1570 1193 1626 μὴ
1232 1568 1478 1626 παραδοὺς,)
1513 1567 1760 1610 α’ναίνεσθαι

314 1636 392 1693 την
426 1639 668 1693 α’νάκλησιν,
698 1641 739 1682 εἰ
762 1637 822 1694 μὴ
852 1640 927 1681 καί
953 1641 1026 1693 τῆς
1053 1640 1274 1692 βασιλικῆς
1304 1636 1462 1688 ἔξεστιν
1491 1635 1679 1685 εὐδοξίας
1709 1631 1760 1673 οἰ-

314 1704 525 1758 πολαύειν,
553 1702 692 1762 ὥσπερ
718 1704 930 1760 πρότερον.
963 1706 1101 1746 καίτοι
1136 1706 1209 1745 καί
1233 1702 1277 1745 τὸ
1309 1701 1414 1757 πρὸς
1446 1702 1584 1742 πᾶσαν
1613 1697 1758 1754 ἑτέραν

315 1767 529 1829 δόξανιτὴν
555 1770 672 1827 παρὰ
695 1769 811 1813 τόνδε
838 1769 911 1812 τὸν
932 1772 1025 1824 βίον
1053 1768 1248 1826 ἐπίκηρον
1279 1764 1408 1810 οὖσαν
1434 1768 1507 1809 καί
1533 1761 1758 1822 διαῤῥέου-

411 1870 464 1898 12.
493 1858 665 1906 α’χθῆναι
687 1858 735 1894 Μ.
762 1870 834 1906 mg.

316 1953 525 1990 incubuerit
549 1960 586 1990 et
610 1953 769 1989 Orchani
795 1953 910 1986 filium
937 1962 1147 1997 recuperare
1176 1950 1404 1985 contenderit
1421 1975 1431 1991 ,
1454 1950 1521 1984 sub
1548 1950 1642 1984 idem
1669 1959 1758 1984 vero

315 2008 457 2046 tempus
498 2008 534 2036 et
558 2008 596 2036 tu
616 2013 636 2034 a
660 2001 835 2035 Triballis
860 2001 1071 2040 accersitus,
1094 2011 1171 2032 cum
1211 1999 1296 2032 solis
1331 1997 1492 2031 barbaris
1519 1998 1558 2030 in
1582 1997 1757 2031 Macedo-

316 2050 412 2082 niam
429 2048 556 2091 iveris,
595 2059 635 2082 ea
660 2049 888 2088 necessitate,
915 2052 956 2079 ut
983 2047 1182 2080 Romanum
1207 2046 1406 2078 exercitum
1421 2045 1658 2089 relinqueres,
1673 2044 1756 2077 Tri-

315 2095 409 2130 bani
430 2106 532 2134 vero,
569 2097 632 2140 qui
660 2096 760 2140 prius
786 2100 909 2128 contra
938 2094 1057 2127 Persas
1104 2103 1171 2126 nec
1212 2093 1337 2126 oculos
1362 2091 1546 2125 audebant
1569 2090 1753 2131 attollere,

315 2141 423 2186 pauci
447 2141 634 2175 adversum
658 2142 772 2182 multo
799 2142 922 2188 plures
941 2140 1190 2186 pugnaverint,
1214 2139 1423 2184 Persaeque,
1447 2148 1663 2183 quamquam
1686 2137 1756 2171 ho-

317 2186 433 2221 stibus
459 2187 564 2232 longe
587 2189 829 2232 potentiore&
853 2199 917 2232 per
942 2199 980 2221 se
1003 2189 1074 2232 ipsi
1099 2186 1138 2219 in
1165 2187 1283 2231 fugam
1310 2196 1347 2218 se
1373 2185 1615 2225 coniecerim,
1654 2184 1756 2229 ipse-

317 2244 389 2279 que
415 2233 559 2267 relictus
585 2235 693 2275 solus,
717 2234 761 2268 ab
797 2235 965 2268 hostibus
1003 2239 1127 2279 captus
1167 2238 1203 2266 et
1235 2234 1375 2267 vinctus
1415 2231 1461 2265 ad
1498 2231 1754 2275 imperatorem

317 2280 463 2313 affinem
489 2279 661 2313 adductus
684 2282 747 2322 sis,
772 2283 836 2327 qui
859 2283 983 2315 statim
1013 2283 1054 2315 in
1079 2280 1185 2313 urbes
1223 2284 1300 2312 tuas
1334 2279 1458 2323 copias
1480 2275 1654 2319 duxerit,
1689 2278 1755 2311 iis·
1799 2277 1800 2307 ἕ

318 2337 390 2372 que
415 2325 484 2358 levi
509 2328 652 2370 negotio
677 2328 848 2368 subactis,
876 2339 1022 2361 uxorem
1053 2332 1090 2360 et
1106 2327 1240 2360 liberos
1267 2332 1348 2359 tuos
1369 2326 1407 2358 in
1424 2323 1614 2358 arbitrium
1648 2335 1752 2359 suum

319 2371 521 2415 redegerit,
551 2377 586 2404 et
611 2374 662 2405 sic
684 2377 804 2408 omnia
831 2374 875 2408 de
900 2374 1079 2408 industria
1105 2372 1370 2418 percurrendo,
1401 2371 1583 2406 neminem
1609 2382 1674 2417 ego
1699 2382 1757 2405 re-

318 2424 461 2463 pertum
487 2418 531 2451 iri
556 2424 658 2462 puto,
683 2421 714 2452 si
738 2421 843 2457 modo
869 2422 1045 2466 particula
1072 2421 1201 2454 mentis
1238 2424 1381 2458 utatur,
1425 2419 1488 2464 qui
1524 2428 1597 2451 non
1631 2418 1754 2451 omnia

320 2464 468 2498 coelesti
490 2465 715 2508 providentia
743 2473 820 2500 acta
847 2477 923 2501 esse
952 2468 1101 2504 iudicet,
1151 2466 1261 2511 Quod
1291 2470 1327 2498 et
1353 2471 1391 2498 tu
1417 2465 1566 2499 credens
1589 2475 1663 2498 non
1687 2465 1756 2497 ali-

319 2516 376 2544 ter
397 2521 436 2542 se
462 2509 608 2550 habere,
635 2512 671 2544 in
697 2512 829 2546 divinis
853 2515 1007 2548 'decretis
1035 2515 1262 2559 acquiescere
1288 2512 1411 2552 debes,
1435 2522 1502 2544 nec
1527 2516 1609 2555 post
1630 2510 1752 2544 mitem

320 2557 414 2591 hanc
442 2557 708 2602 castigationem
731 2561 939 2603 (castigavit
963 2562 1058 2594 enim
1082 2566 1118 2593 te
1144 2560 1299 2604 benigne
1314 2583 1324 2599 ‚
1351 2569 1420 2592 necv
1441 2557 1549 2591 morti
1574 2556 1755 2601 tradidit)

320 2603 583 2638 revocationem
603 2603 648 2635 ab
674 2605 782 2638 exilio
808 2616 980 2648 recusare,
1005 2608 1159 2647 tametsi,
1185 2617 1255 2651 qua
1280 2615 1395 2648 nuper
1419 2603 1602 2646 fulgebas,
1638 2605 1754 2648 impe-

320 2651 451 2684 ratoria
475 2651 587 2692 gloria
611 2651 768 2694 privatus
794 2652 854 2685 sis.
903 2653 1127 2699 Quamquam
1155 2663 1221 2686 nec
1243 2651 1288 2684 ad
1317 2651 1407 2684 alios
1431 2650 1539 2683 huius
1562 2651 1658 2685 vitae
1683 2650 1774 2683 ho·-v

320 2706 426 2731 nores
467 2695 619 2730 caducos
653 2702 690 2730 et
721 2697 873 2731 fluentes
912 2699 1167 2744 obstupescere
1200 2697 1435 2744 prudentium
1470 2697 1751 2742 incorr-apteque

318 2743 563 2782 iudicantium
586 2749 649 2778 est.
685 2743 787 2789 Quae
813 2749 931 2779 autem
955 2755 998 2779 ex
1023 2747 1176 2792 imperio
1203 2747 1271 2779 isto
1296 2743 1405 2791 gloria
1429 2743 1640 2788 percipitur,
1655 2742 1754 2776 haud
