1800 3164
321 144 340 182 1
354 127 429 183 66
916 142 1291 186 CANTACUZEM

102 243 613 298 Λ·Ε·ι351μεταμελείας,
656 246 866 286 ἐπέπαυτο
902 241 1003 295 πρὸς
1031 240 1109 296 την
1137 243 1395 300 ἐπιχείρησιν
1422 242 1496 287 καὶ
1523 244 1664 302 αὐτός.
1721 243 1749 289 ἃ

312 311 372 359 εἷς
403 306 577 366 ὕστερον
608 306 775 351 ἅπαντα
802 310 999 361 ἐξέβαινε,
1295 303 1298 305 ’

274 381 300 415 C
423 375 493 429 κγ’.
548 373 678 417 Μετὰ
723 375 846 415 τοῦτο
879 374 927 414 δὲ
968 371 991 414 ὅ
1020 374 1219 427 βασιλεὺς
1257 374 1464 429 σύγχυσιν
1503 374 1643 431 δεινήν
1679 375 1754 418 καὶ

313 442 488 491 ἀταξίαν
518 437 628 493 δρῶν
655 440 700 480 έν
731 441 783 495 τῇ
811 440 1003 496 ἐκκλησία
1029 441 1267 494 γινομένην,
1312 439 1384 482 καί
1423 442 1496 496 τῆς
1535 441 1750 490 κοινωνίας

310 507 392 549 τῶν
431 505 587 545 λοιπῶν
619 503 932 560 ἀφισταμένους
957 502 1057 553 τούς
1087 503 1139 546 τὰ
1168 505 1381 560 Βαρλαάμ
1407 506 1482 548 καί
1506 504 1787 558 Ἀκινδύνους

311 570 571 626 ᾑρημένους,
597 567 774 618 πολλούς
802 585 847 611 τε
877 566 1040 618 τούτοις
1067 573 1456 626 συναπαγομένους,
1493 569 1751 627 διαστροφήν

311 651 355 678 τε
382 637 463 676 ταῖν
492 634 635 688 ὀρθῶν
659 633 879 689 δογμάτων
899 637 1175 689 ἐγκαλοῦντας
1203 639 1254 693 τῇ
1285 637 1476 694 ἐκκλησίᾳ
1489 638 1562 678 καί
1586 634 1663 691 τὴν
1688 638 1753 678 δι’-

311 716 386 754 κην
413 700 726 752 ἑπιβοωμένους
765 699 837 742 καί
879 694 1237 756 πάρενοχλοῦντας
1265 699 1471 758 ὁσημέραι
1497 700 1570 743 καὶ
1607 702 1754 754 δεομέ-

310 779 411 813 νους
461 765 845 807 ἀντικαθίστασθαι
883 765 988 822 πρὸς
1035 764 1114 821 την
1153 768 1367 822 ἐξέτασιν,
1421 767 1663 809 Καλλίστου
1705 782 1752 808 τε
1799 781 1800 822 ἦ

311 829 466 882 ὁμοίως
493 832 567 872 τοῦ
596 830 861 886 πατριάρχου
887 833 961 873 καί
983 833 1068 873 τῶν
1097 827 1234 873 ἄλλων
1266 833 1500 887 ἀρχιερέων
1552 830 1626 873 καὶ
1667 833 1751 875 τῶν
1768 823 1800 878 ιαζ

265 896 497 950 Βλογάδων
525 897 606 937 τῶν
634 898 858 951 μοναχῶν,
892 893 982 938 ὅσοι
999 901 1084 947 τοῖς
1112 898 1392 950 οἶποσχισταῖς
1425 897 1592 939 ἐναντία
1620 894 1751 952 ἐφρό-

310 977 408 1003 νουν
437 962 481 1003 ἐν
509 965 596 1010 τοῖς
625 958 833 1016 δόγμασι,
870 964 1077 1015 δεομένων
1104 964 1179 1004 καί
1204 963 1343 1005 αὐτῶν
1386 960 1541 1015 ὁμοίως
1578 958 1753 1004 σύνοδον

307 1033 545 1083 συγκροτεῖν
591 1026 664 1068 καί
698 1030 780 1070 τῶν
832 1026 1051 1082 δογμάτων
1078 1027 1154 1084 τήν
1195 1030 1381 1078 ἐξέτασιν
1409 1031 1647 1079 ποιεῖσθαι,
1689 1029 1754 1070 δί-

311 1109 433 1135 καιον
459 1089 568 1134 εἶναι
596 1093 755 1148 οἰηθεὶς
783 1093 842 1149 μή
871 1097 1046 1136 τοιαῦτα
1068 1095 1269 1149 γινόμενα
1299 1096 1511 1151 περιορᾷν,
1541 1091 1646 1136 ἄλλα
1678 1095 1754 1148 τῆς

310 1157 416 1201 κατά
447 1158 524 1213 τήν
560 1160 780 1214 ἐκκλησίαν
816 1160 984 1216 εἰρήνης
1023 1164 1295 1216 προνοεῖσθαι
1330 1156 1408 1215 ὅση
1435 1159 1626 1213 δύναμις,
1659 1161 1795 1205 έπὲτῒτ

311 1241 438 1280 τρεπε
469 1223 544 1281 τήν
571 1227 748 1267 σύνοδον
767 1227 978 1280 γενέσθαι.
1035 1228 1108 1268 καί
1143 1225 1244 1276 τούς
1282 1241 1327 1268 τε
1368 1220 1521 1274 ἄλλους
1548 1227 1781 1278 μετεπέμ-“

312 1307 413 1333 πετο
435 1291 661 1346 α’ρχιερέας
687 1291 911 1347 γράμμασι
967 1294 1040 1334 καί
1081 1289 1154 1334 τὸν
1185 1293 1487 1346 Θεσσαλονίκης
1525 1293 1568 1333 Γ
1565 1288 1755 1347 ρηγόριον

312 1356 387 1399 τὸν
415 1359 657 1410 Παλαμᾶν,
705 1359 842 1399 καίτοι
864 1356 1065 1412 βασιλεύς
1091 1357 1224 1406 εὐθὺς
1259 1359 1438 1413 ἔξαρχῆς
1464 1354 1568 1411 μετὰ
1600 1355 1647 1398 τὸ
1679 1372 1755 1398 πε-

312 1423 512 1464 παῦσθαι
539 1421 612 1479 τὸν
639 1421 879 1477 συγγενικὸν
920 1420 1100 1475 πόλεμον
1146 1422 1219 1464 καί
1255 1424 1396 1465 πᾶσαν
1435 1419 1506 1463 ὑπ’
1535 1424 1650 1480 αὐτῷ’
1678 1419 1754 1476 τὴν
1788 1446 1790 1449 v

309 1488 529 1541 Ῥωμαίων
571 1487 795 1542 ἡγεμονίαν
830 1490 1103 1543 γεγενῆσθαι,
1147 1490 1370 1542 ἀναγκαῖον
1409 1487 1567 1543 οἰηθεὶς
1613 1485 1800 1542 egon-592.

312 1553 389 1604 τὰς
416 1552 617 1607 κοσμικιὶς
641 1552 863 1609 διαφορὰς,
892 1552 1002 1596 οὕτω
1023 1553 1072 1609 δὴ
1092 1556 1163 1596 καί
1180 1555 1256 1603 τὰς
1271 1556 1344 1609 τῆς
1374 1552 1592 1609 ἐκκλησίας
1623 1554 1753 1595 παύε-
1788 1550 1789 1553 “

311 1624 442 1673 σθαι,
486 1618 557 1662 τὸν
579 1618 825 1663 Ἀκίνδυνον
851 1622 893 1662 Γ
892 1619 1085 1676 ρηγόριον
1113 1618 1175 1662 ἔτι
1200 1619 1409 1675 περιόντα,
1435 1617 1546 1668 ὅστις
1573 1621 1646 1675 τῆς
1671 1635 1756 1662 τοι-

186 1692 222 1727 P.
236 1693 303 1740 798
315 1683 442 1740 αύτης
471 1687 680 1740 διαφορᾶς
706 1683 810 1737 μετὰ
839 1685 1056 1741 Βαρλαὰμ
1082 1687 1268 1739 μάλιστα
1297 1689 1490 1740 προέστη,
1521 1686 1601 1739 οὐχ
1630 1681 1755 1738 ἅπαξ,

313 1749 422 1794 ἀλλὰ
455 1751 527 1793 καί
551 1750 749 1799 πολλάκις
778 1753 1095 1806 μετεπέμψατο,
1141 1750 1214 1794 καί
1237 1753 1399 1794 ἐκέλευε
1425 1752 1506 1794 τῶν
1538 1751 1754 1793 ἀντικαθι-

406 1842 442 1876 6.
466 1841 753 1886 συναγομένους
777 1840 826 1874 Μ.

312 1923 396 1957 dem
420 1921 454 1954 ei
478 1920 691 1966 praedicens
717 1925 754 1954 et
778 1919 973 1954 testificans
989 1944 997 1957 ‚
1020 1922 1108 1952 tunc
1130 1923 1278 1965 pronter
1304 1919 1410 1952 istam
1435 1919 1633 1952 amentiam
1663 1930 1753 1964 poe-
1790 1928 1793 1932 ’

312 1967 483 2003 nitudine
507 1971 643 1999 tactum
667 1968 733 2006 iri,
761 1966 907 2012 quando
933 1965 1119 2010 poenitere
1141 1965 1236 1998 nihil
1261 1965 1434 2010 proderit,
1457 1965 1664 2000 hortatione
1689 1966 1754 1998 de-

314 2016 419 2050 stitit.
469 2013 573 2058 Quae
604 2015 723 2047 omnia
752 2012 980 2058 postmodum
1007 2013 1059 2044 ita
1083 2012 1302 2045 acciderunt.

409 2063 464 2096 23.
492 2061 574 2093 Post
593 2059 680 2093 baec
705 2062 900 2103 imperator
922 2058 1169 2093 confusionem
1194 2058 1408 2092 horribssem
1426 2062 1463 2092 et
1480 2058 1605 2092 turbas
1631 2059 1669 2092 in
1694 2069 1754 2092 ec·

312 2107 423 2143 clesia
448 2107 621 2140 excitatas
644 2107 790 2139 intuens
805 2132 814 2147 ‚
841 2111 950 2151 atque
977 2117 998 2139 a
1021 2105 1274 2147 communione
1298 2105 1522 2150 reliquorum
1547 2106 1754 2139 discessisse

311 2143 487 2189 Barlaaffl'i
522 2158 559 2186 et
583 2153 762 2198 Acindyni
787 2159 1004 2192 sectatores,
1029 2153 1236 2197 multosque
1261 2150 1306 2183 ab
1333 2151 1377 2184 iis
1403 2149 1582 2193 seductos,
1612 2158 1649 2186 et
1669 2153 1753 2185 illos

316 2201 505 2234 ecclesiam
529 2210 777 2244 perversorum
818 2199 1023 2243 dogmatum
1055 2209 1246 2238 accusare,
1280 2202 1316 2230 et
1341 2196 1516 2231 iudicium
1545 2199 1755 2243 postulare,

315 2247 580 2281 tumultuantes
617 2246 782 2290 quotidie
815 2250 1055 2292 rogantesque
1080 2245 1127 2278 ad
1155 2244 1333 2278 rationem
1367 2243 1588 2279 reddendam
1625 2255 1663 2279 se
1687 2257 1754 2279 vo·
1793 2278 1795 2281 ,

317 2295 417 2335 cari,
447 2293 596 2326 Callisto
621 2292 822 2334 patriarcha
858 2297 895 2324 et
931 2292 1013 2325 aliis
1040 2292 1218 2335 episcopis
1251 2289 1584 2336 monachorumque
1622 2291 1755 2336 prima·
1785 2303 1788 2306 ’

317 2341 382 2375 riis
398 2364 408 2380 ,
433 2340 531 2385 quod
555 2339 737 2372 seditiosis
772 2350 814 2372 ac
851 2339 1127 2372 distractoribus
1163 2337 1237 2371 illis
1260 2336 1439 2371 contraria
1466 2339 1668 2380 sentirent,
1703 2339 1755 2372 si·-

317 2388 456 2421 militer
480 2385 667 2420 orantibus
699 2386 877 2430 synodum
903 2386 1111 2430 congregari
1149 2390 1186 2419 et
1223 2383 1390 2430 dogmata
1426 2385 1653 2425 examinari,
1693 2395 1755 2417 ae·

319 2446 431 2480 quum
457 2433 676 2471 existimans,
700 2443 773 2466 non
792 2432 881 2465 haec
896 2431 1148 2476 vilipendere,
1173 2431 1248 2472 sed,
1273 2436 1449 2477 quantum
1474 2437 1607 2475 posset,
1636 2431 1755 2464 eccle-

317 2482 392 2515 siae
419 2482 498 2525 paci
524 2479 711 2512 consuler-'e
727 2503 735 2517 ,
763 2479 938 2522 synodum
966 2480 1022 2523 agi
1047 2479 1234 2523 permisit:
1259 2483 1297 2511 et
1319 2488 1399 2510 cum
1427 2477 1517 2511 alios
1543 2479 1755 2523 episcopos,

315 2533 396 2562 ‘tum
421 2528 632 2571 Gregorium
655 2526 833 2558 Palamam
848 2524 1206 2559 Thessalonicensem
1231 2524 1361 2558 litteris
1384 2525 1578 2557 accersivit.
1627 2524 1756 2569 Quan-
1791 2558 1794 2559 ⁷

318 2585 426 2621 quam
454 2576 575 2608 statim
602 2572 647 2606 ab
674 2572 804 2612 initio,
830 2578 1021 2616 postquam
1047 2572 1176 2606 fluctus
1200 2571 1288 2604 belli
1313 2571 1428 2604 civilis
1452 2571 1675 2610 resederunt,
1699 2575 1756 2603 to-

316 2621 392 2655 tius
418 2621 490 2655 iam
528 2629 673 2663 compos
713 2619 876 2663 imperii,
915 2621 1156 2652 necessarium
1193 2623 1362 2661 reputans
1390 2617 1574 2663 quomodo
1610 2617 1756 2655 civium,
1787 2626 1791 2631 ·

317 2669 370 2702 sio
391 2668 499 2701 etiam
525 2667 786 2702 ecclesiasticas
810 2666 936 2698 sedare
958 2666 1041 2699 lites
1076 2671 1186 2711 atque
1223 2664 1501 2705 controversias,
1540 2664 1754 2707 Gregorium

313 2714 544 2761 Acindynum
567 2713 687 2749 adhuc
708 2713 951 2759 superstitem,
979 2712 1059 2760 (qui
1084 2724 1164 2746 cum
1189 2711 1372 2745 Barlaamo
1399 2709 1484 2746 huic
1509 2710 1661 2748 dissidio
1685 2720 1751 2744 au-
