1794 3158
363 127 473 184 502
863 144 1275 187 ANNOTATmNrs

361 247 452 291 dem
482 248 806 302 exploratumque
850 255 925 300 est,
956 255 1134 288 vetustae
1166 255 1206 288 et
1243 250 1420 289 eruditae
1459 250 1648 290 Graeciae
1687 248 1780 288 hant

362 304 414 344 de
442 303 591 343 lumine
628 303 834 342 Thaborio
871 305 1098 357 opinionem
1130 304 1304 357 ignotam
1341 305 1486 355 fnisse,
1532 312 1572 345 et
1610 311 1781 344 auctore}

362 360 503 398 Giaeci
529 358 686 407 eruditi,
720 360 789 411 qui
818 365 909 398 ante
936 359 1028 398 istos
1059 357 1268 410 Palamas,
1307 359 1539 399 Philotheos
1574 365 1613 398 et
1645 359 1782 398 similes

360 427 471 453 leel
474 421 562 463 unt
597 412 687 451 illos
716 415 820 466 ipsos
847 421 991 466 patres,
1024 413 1091 452 illa
1118 415 1202 466 ipsa
1234 414 1382 468 ubique
1408 413 1690 469 propemodum
1721 427 1782 452 eo-

359 469 542 507 rumdem
571 475 730 520 patrum
758 469 983 507 testimonia
1023 469 1231 521 proferunt·
1269 483 1344 523 pro
1382 483 1453 508 sua
1502 477 1542 509 et
1583 483 1676 508 vera
1702 468 1783 521 opi-

362 525 508 570 nione,
552 536 692 576 nempe
733 522 868 563 lumen
909 523 1158 563 Thaborium
1196 524 1313 564 fuisse
1340 531 1546 574 creatum,
1590 538 1694 579 quae
1726 524 1784 563 isti

364 578 544 618 obiicunt
583 591 655 630 pro
696 592 768 618 sua
801 586 840 618 et
878 578 1003 630 salsa,
1047 578 1231 618 videlicet
1277 579 1413 618 lumen
1442 579 1689 618 Thaborium
1726 578 1785 617 fu-

361 633 438 671 isse
466 633 702 673 increatum.
760 634 923 673 Testem
956 633 1077 673 laudo
1105 648 1231 674 unum
1259 649 1304 674 ex
1333 633 1468 674 multis
1498 635 1687 673 loannem
1709 632 1785 686 Cy-

361 688 642 740 parissiotum,
683 689 916 741 scriptorem
945 689 1288 754 eruditissimum,
1327 702 1445 742 quem
1483 689 1707 728 Turrianus
1745 701 1786 726 ex

362 742 552 782 Graeco
541 757 582 781 m
597 743 784 783 Latinum
811 743 1036 784 transtulit:
1066 746 1135 797 qui
1163 751 1372 799 postquam
1400 744 1563 784 decade·
1575 751 1694 791 sexta,
1724 742 1794 781 ea-l

360 798 444 850 pite
466 805 609 851 quarto
638 805 678 837 et
705 799 846 849 quinto
867 799 1060 851 exposuit,
1089 799 1186 852 quid
1213 799 1263 838 de
1295 798 1443 838 lumine
1472 798 1676 838 Thaborio
1701 811 1788 837 sen-

364 853 475 891 sisset
504 860 664 892 sanctus
704 853 1034 917 Chxysostomus‚
1072 854 1170 907 quid
1213 855 1444 894 Anastasius
1481 854 1654 903 Sinaita‚
1695 851 1788 906 quid

362 907 599 946 Theodorus
627 904 648 946 ὃ
679 905 879 959 γραπτὸς,
908 908 1006 961 quid
1035 909 1210 962 Cyrillus
1239 909 1553 957 Alexandrinus,
1583 907 1680 962 quid
1712 907 1788 960 Cy-

362 961 478 1001 rillus
507 961 871 1015 ierosolymitanus,
896 963 993 1016 quid
1023 971 1181 1003 sanctus
1209 963 1396 1010 Basilius,
1437 963 1535 1018 quid
1560 965 1789 1016 interpretes

362 1016 555 1070 evangelii
586 1017 778 1057 Matthaei
812 1031 889 1072 17„
917 1018 1013 1071 quid
1042 1026 1201 1058 sanctus
1239 1020 1436 1058 Maximus
1457 1049 1469 1070 ,
1500 1018 1597 1072 quid
1624 1019 1790 1057 Nazian-

361 1086 495 1119 zenus,
526 1071 687 1113 tandem
718 1086 763 1111 ex
796 1072 942 1112 horum
970 1076 1149 1113 omnium
1187 1076 1378 1114 sententia
1407 1073 1471 1113 his
1495 1074 1628 1112 verbis
1656 1073 1790 1125 dispu-

359 1128 552 1166 tationem
590 1127 823 1166 concludit·
887 1128 962 1167 Ex
999 1130 1139 1184 quibus
1174 1129 1336 1185 patefit,
1380 1129 1488 1183 quod
1519 1130 1678 1174 lumen,
1717 1134 1790 1182 quo

360 1182 565 1235 splenduit
586 1182 784 1221 Dominus
805 1197 848 1221 ιη
870 1192 997 1222 monte
1034 1185 1204 1231 Thabor·
1245 1199 1365 1238 neque
1396 1184 1544 1222 divina
1578 1183 1791 1221 substantia

361 1246 469 1284 erat,
504 1237 603 1286 (illa
629 1239 736 1275 enim
757 1251 831 1276 nec
853 1238 934 1276 ullo
959 1239 1074 1277 modo
1098 1240 1306 1293 expromi,
1341 1253 1461 1293 neque
1488 1238 1698 1290 cognosci,
1726 1251 1791 1276 ne-

361 1305 436 1345 que
463 1291 609 1339 videri,
640 1307 761 1347 neque
791 1293 966 1344 eogitari
986 1302 1136 1345 potest,
1141 1298 1154 1342 )
1181 1308 1252 1334 nec
1280 1303 1366 1332 erat
1388 1293 1567 1348 deflua-zo
1594 1291 1792 1348 quaedam

363 1355 403 1384 et
426 1345 616 1399 splendor
653 1361 707 1386 ex
739 1347 818 1385 illa
844 1360 1028 1396 manans,
1064 1348 1234 1398 (divina
1265 1349 1371 1386 enim
1399 1349 1578 1402 operatio
1607 1356 1792 1392 aeter-na,

363 1401 433 1438 vel
453 1402 584 1455 ponus
605 1415 683 1454 per
708 1415 748 1439 se
781 1411 961 1455 oper-atto
990 1403 1098 1441 nullo
1130 1404 1246 1442 modo
1271 1411 1414 1441 secreta
1452 1412 1508 1442 est
1524 1417 1550 1441 a
1581 1403 1793 1440 substantia

364 1468 472 1503 etus,
511 1456 637 1494 immo
664 1455 862 1510 quidquid
890 1466 947 1494 esc
976 1457 1188 1496 substantia
1227 1457 1397 1503 divina,
1437 1466 1493 1495 esc
1522 1470 1683 1510 energza
1711 1470 1793 1495 seve

363 1511 545 1564 operatio
564 1510 691 1559 eius,)
721 1524 840 1563 quare
867 1511 965 1565 quia
996 1525 1066 1550 nec
1096 1514 1182 1560 hoc,
1213 1527 1281 1551 nec
1307 1511 1411 1550 zllud
1435 1521 1515 1558 esc,
1542 1513 1791 1566 relinquztur,

363 1565 594 1618 exemplum
599 1566 732 1615 suzsse
753 1565 904 1617 glorzae
932 1575 970 1605 et
990 1567 1207 1619 splendoris
1236 1567 1412 1620 corporis
1431 1575 1520 1621 post
1547 1576 1794 1605 resurr-eeno-

362 1633 452 1658 nem
505 1619 722 1674 gloz-ficati
770 1620 1064 1674 symbolumque
1115 1622 1221 1660 zllzus
1250 1630 1413 1660 naturae
1448 1621 1619 1660 occultae
1656 1630 1695 1660 et
1729 1635 1794 1660 ιιι-

362 1675 611 1728 aspectabzlis
634 1675 679 1713 in
709 1686 756 1713 eo
785 1675 938 1714 latentis
967 1684 1006 1714 et
1033 1676 1243 1729 imaginem
1269 1685 1422 1716 tenuem
1444 1676 1614 1729 suturae
1640 1676 1794 1729 gloriae

362 1737 402 1767 ec
433 1729 684 1767 amulam-um
706 1730 821 1781 regni
842 1730 1035 1769 coelorum
1067 1737 1142 1770 etc.

473 1782 583 1822 Haec
610 1784 901 1837 Cyparissiotus
934 1798 978 1823 ex
1005 1785 1198 1824 sententia
1212 1785 1455 1825 Graecorum
1483 1784 1679 1824 Patrum·
1703 1785 1794 1837 qui·-

361 1836 439 1876 bus
464 1839 661 1891 imperitia
691 1838 881 1878 Palamae
906 1839 1039 1878 valide
1068 1841 1341 1892 redarguitur,
1370 1841 1454 1893 qui,
1485 1847 1531 1879 ut
1563 1840 1683 1879 refert
1709 1841 1794 1878 Da-

362 1892 431 1931 vid
460 1893 679 1932 monachus
710 1894 751 1931 in
779 1893 972 1933 relatione
1012 1894 1062 1932 de
1090 1896 1252 1934 dissidio
1284 1894 1480 1934 Barlaami
1509 1901 1549 1934 et
1591 1894 1794 1943 Palamae,

362 1948 479 2000 (quae
499 1955 622 1987 exstat
649 1949 689 1990 in
714 1948 943 2001 supradicto
965 1949 1219 2014 Augustanae
1239 1950 1507 1989 Bibliothecae
1532 1949 1697 2000 eodice‚)
1711 1950 1794 1988 ai&

360 2001 454 2041 bat:
488 1997 551 2041 ὅτι
578 2003 693 2041 θεῖον
718 2002 797 2052 μέν
823 2002 911 2043 ἐστι
940 2017 1008 2042 και
1039 2000 1225 2044 ἄκτιστον
1254 2000 1299 2043 τὸ
1317 2018 1421 2069 φως
1445 2004 1573 2043 ἐκεῖνο
1594 2018 1662 2043 και
1692 1999 1794 2043 θεό-

359 2070 434 2120 της
461 2053 577 2107 παρὰ
616 2070 697 2096 των
737 2055 866 2107 ἁγίων
905 2054 1178 2123 ὄνομάζεται,
1208 2052 1284 2097 οὐκ
1311 2055 1398 2098 ἔστι
1439 2057 1485 2098 δὲ
1526 2057 1649 2098 οὐσία
1676 2057 1794 2108 θεοῦ,

362 2107 452 2148 ἀλλ’
483 2110 667 2177 ἐνέργεια
704 2111 778 2150 καί
803 2108 905 2160 δόξα
948 2110 1021 2151 καί
1049 2111 1289 2178 λαμπρότης
1329 2113 1374 2153 ἐκ
1401 2113 1473 2177 τῆς
1497 2113 1615 2158 θείας
1647 2110 1794 2158 θυσίας

359 2162 420 2210 εἰς
455 2163 552 2213 τοὺς
566 2163 721 2227 ἁγιους
752 2166 1023 2230 πεμπομένη·
1034 2163 1072 2206 οἱ
1104 2182 1185 2220 γαρ
1215 2162 1326 2219 ἅγιοι
1354 2165 1501 2214 πάντες
1528 2181 1595 2206 και
1625 2160 1794 2229 ανθρω-

358 2231 431 2256 ποι
456 2234 528 2258 και
557 2212 721 2271 ἄγγελοι
748 2217 873 2268 δόξαν
880 2221 969 2277 μὲν
1002 2215 1202 2286 ἄχρονον
1211 2220 1339 2274 ὁρῶσι
1379 2223 1452 2261 τοῦ
1478 2221 1588 2260 θεον
1613 2220 1686 2260 καί
1710 2217 1792 2272 χά-

360 2286 428 2321 ριν
454 2271 591 2313 ἀΐδιον
620 2273 814 2338 δέχονται
840 2273 913 2314 καί
940 2274 1121 2342 δωρεὰν,
1151 2271 1298 2316 ουσίαν
1326 2275 1372 2316 δὲ
1405 2276 1511 2316 θεοῦ
1538 2274 1675 2322 ουδείς
1693 2287 1793 2314 ποτε

358 2323 592 2380 ανθρωπος,
614 2340 709 2366 ουτε
739 2321 921 2380 uwel-og,
944 2325 1038 2370 οὔτε
1067 2325 1176 2382 affe,
1208 2344 1304 2370 ουτε
1335 2330 1458 2370 εἰδεῖν
1488 2329 1678 2370 amarat.
1705 2329 1792 2369 Ubi

359 2383 444 2422 fere
474 2390 571 2436 quot
601 2382 740 2434 veiha,
769 2391 829 2423 tot
860 2391 1015 2434 errata3
1050 2387 1153 2425 inter
1181 2393 1310 2425 cetera
1338 2387 1456 2425 etiam
1486 2385 1588 2424 illud
1623 2386 1792 2437 insigne,

358 2437 434 2476 Dei
460 2439 670 2478 essentiam
698 2444 738 2476 et
767 2439 1027 2491 quidditatem
1055 2455 1079 2479 a
1105 2441 1230 2480 beatis
1257 2455 1339 2480 non
1370 2441 1524 2480 videri·
1514 2469 1524 2489 ‚
1562 2439 1632 2478 sed
1657 2441 1794 2478 neseio

359 2507 480 2545 quam
515 2491 761 2532 claritatem·
801 2495 870 2546 qui
899 2509 1010 2533 error
1051 2496 1157 2548 apud
1192 2496 1250 2535 Αι
1254 2510 1387 2535 menos
1415 2509 1573 2548 quoque
1602 2493 1698 2532 olim
1726 2495 1791 2533 in·-

359 2547 530 2594 valuisse
557 2548 710 2599 fertur,
750 2548 917 2601 eiusque
943 2552 1123 2589 meminit
1154 2558 1313 2590 sanctus
1340 2551 1556 2602 Gregorius
1585 2548 1689 2587 libro
1719 2550 1791 2588 de-

359 2602 464 2644 cimo
507 2610 650 2642 octavo
679 2602 890 2642 moralium
924 2607 1052 2656 capite
1080 2607 1283 2668 trigesimo
1307 2607 1489 2657 septimo.
1549 2605 1657 2643 Haec
1687 2603 1790 2642 deli-

356 2663 538 2695 ramenta
558 2658 699 2696 meiito
719 2656 900 2696 Barlaam
920 2661 1157 2712 exagitavit.
1189 2675 1271 2699 mer
1276 2661 1329 2698 ito
1352 2667 1391 2698 et
1411 2659 1492 2707 alii,
1514 2660 1582 2711 qui
1604 2658 1694 2697 licet
1709 2659 1789 2697 hoe

356 2718 551 2766 tempore,
580 2711 791 2752 formidine
809 2712 943 2753 forsan
967 2715 1200 2769 Ριειθρεὼῑὶ,
1230 2716 1457 2767 tacuissent,
1485 2721 1621 2768 postea
1651 2720 1786 2754 tamen
