1794 3158
362 143 471 211 540
864 161 1275 205 ANNOTA'rioNEs

356 263 586 304 immediate
614 271 702 317 post
728 263 986 318 patriarchas,
1017 266 1111 318 quia
1135 264 1204 304 tali
1234 279 1325 305 eum
1353 265 1505 306 honore
1534 268 1704 321 episcopi
1726 268 1785 307 af-

355 320 471 358 ficere
500 319 713 359 voluerint.
770 319 904 369 Quare
932 318 1075 358 falsum
1106 320 1292 371 videtur,
1323 322 1431 374 quod
1463 321 1787 376 Villalpandaeus

355 374 465 423 dicit,
497 375 597 413 duos
625 374 829 412 dumtaxat
864 375 1122 427 imperatores
1159 375 1458 429 subscripsisse,
1494 391 1587 416 cum
1623 385 1788 417 testetur

354 431 571 483 imperator
602 428 783 479 Basilius,
818 429 1092 482 subscripsisse
1117 432 1236 469 etiam
1249 427 1787 486 Constantinum*magnum‚

351 484 626 524 Theodosium
655 492 694 523 et
722 486 980 532 Marfianum,
1013 483 1104 524 licet
1131 493 1329 538 postremo
1357 486 1458 529 loco.
1513 488 1605 527 Non
1634 493 1788 527 exstant

353 547 486 578 tamen
516 539 638 578 hodie
676 539 903 579 huiusmodi
940 540 1264 592 subscriptiones.
1325 542 1369 580 In
1403 542 1578 581 Concilio
1617 542 1787 582 Floren-

354 596 439 633 tino
468 594 701 647 subscripsit
731 603 823 636 ante
850 609 987 634 omnes
1020 596 1192 636 Graecos
1218 604 1258 636 et
1286 597 1452 636 Latinos
1482 597 1678 650 praesules
1707 600 1787 650 (ex->

354 657 468 702 cepto
502 664 659 689 summo
697 651 896 703 pontifice)
941 651 1108 689 Ioannes
1139 651 1398 704 Palaeologus
1440 652 1654 704 imperator
1681 653 1789 691 Con-

354 705 758 758 stantinopolitanus3
788 706 856 745 sed
883 705 1135 744 tolerandum
1161 714 1199 746 et
1228 706 1556 746 dissimulandum
1586 707 1674 758 fuit,
1700 714 1789 747 tum

354 759 408 799 ob
450 761 694 799 Graecorum
735 775 884 800 morem
914 768 952 799 et
981 762 1140 814 genium
1162 791 1173 812 ‚
1214 769 1300 802 tum
1336 777 1386 801 ue
1433 761 1643 802 concordia
1688 763 1791 801 inter

353 815 587 855 orientalem
615 823 655 855 et
682 815 966 856 occidentalem
995 815 1200 857 ecclesiam
1230 825 1437 872 tantopere
1464 817 1684 857 desiderata
1713 819 1789 858 im·

353 871 573 925 pediretur.
602 885 789 911 cumsan-

463 926 672 978 Pag.613,
692 940 729 968 2.
765 927 999 968 Asanem
1035 940 1263 967 carcere.
1330 928 1465 978 Quare
1505 929 1547 966 in
1587 941 1790 967 carcerem

353 979 521 1020 traditus
551 981 624 1020 fuit
653 980 910 1022 Andronicus
945 982 1119 1032 Amnes,
1155 983 1223 1035 qui
1259 989 1391 1022 tamen
1428 997 1573 1035 genero
1601 984 1788 1023 adversa-

353 1044 417 1075 tus
445 1035 589 1090 legitur
609 1068 619 1084 ,
664 1038 828 1089 perinde
858 1045 904 1076 ut
931 1038 1086 1077 ceteri?
1140 1037 1218 1077 Sed
1249 1037 1325 1078 hoc
1357 1037 1623 1093 Apocauchus
1665 1039 1789 1078 fecit:

353 1105 471 1131 causa
499 1092 670 1133 indicata
699 1100 758 1133 est
791 1107 924 1148 supra.
955 1106 1125 1133 PONTAN.

731 1462 806 1502 AD
849 1463 1062 1503 LIBRUM
1105 1463 1401 1515 QUARTUM.

465 1584 620 1637 Pag.8‚
644 1597 705 1623 12.
726 1583 820 1623 Vol.
839 1584 927 1627 III.
955 1594 1076 1624 ante
1104 1585 1389 1639 Deiparae
1417 1583 1790 1636 Hodegetriae.

352 1639 417 1680 Sic
446 1639 631 1680 inventus
661 1646 718 1678 est
732 1639 986 1678 Andronicus
1017 1641 1165 1690 senior,
1197 1647 1313 1692 capta
1336 1640 1436 1678 urbe
1464 1653 1488 1678 a
1515 1646 1656 1692 nepote
1687 1638 1790 1677 libro

351 1697 486 1749 primo
516 1709 603 1747 cap.
635 1694 699 1749 59.
758 1694 825 1733 Ad
865 1694 969 1734 lianc
998 1696 1212 1748 imaginem
1244 1696 1285 1734 in
1327 1693 1514 1748 periculis
1543 1693 1785 1748 confugere,

351 1750 528 1790 solemne
555 1751 631 1789 fuit
652 1779 664 1800 ,
693 1756 740 1788 ut
769 1758 948 1803 apparet.
978 1764 1153 1789 PONTAN.

459 1806 570 1859 Pag.
591 1820 635 1859 9,
655 1818 716 1856 ¹7·
753 1803 916 1856 δοχεῖον
933 1805 1117 1856 χαρίτων
1136 1803 1426 1844 παντοδαπῶν.
1465 1804 1607 1844 Suavis
1624 1804 1788 1842 omnino

350 1860 450 1910 laus,
480 1875 560 1914 qua
576 1860 832 1914 significatur,
854 1861 967 1905 nihil,
985 1861 1093 1913 quod
1122 1863 1290 1914 gratiam
1320 1866 1358 1898 et
1379 1874 1555 1898 amorem
1577 1858 1789 1897 conciliare

382 1922 496 1965 osset,
525 1916 620 1955 huic
649 1915 886 1954 adolescenti
918 1915 1001 1954 ulla
1031 1930 1075 1955 ex
1104 1923 1216 1969 parte
1243 1915 1428 1954 defuisse.
1485 1913 1584 1953 Tale
1613 1921 1671 1952 est
1689 1943 1700 1964 ,
1738 1913 1789 1952 ad

350 1931 514 2011 {audem
544 1970 708 2024 quidem
737 1977 915 2024 spectans
936 2002 947 2020 ‚
986 1966 1121 2010 κοινὸν
1152 1964 1320 2022 ἄγαλμα
1346 1970 1418 2022 τῆς
1446 1967 1637 2023 φύσεως,
1677 1982 1789 2007 com-

351 2040 473 2066 mune
501 2028 654 2079 generis
685 2026 851 2065 humani
880 2026 999 2065 decus
1027 2033 1066 2065 et
1091 2033 1369 2065 ornamentum
1390 2055 1402 2078 ‚
1443 2024 1550 2079 quod
1577 2026 1663 2063 eius
1686 2023 1791 2077 patri

352 2082 589 2122 Andronico
616 2081 758 2121 tribuit
787 2081 858 2120 lib.
895 2095 930 2120 1.
963 2095 1048 2133 cap.
1070 2082 1107 2120 3.
1138 2095 1311 2120 PONTAN.

461 2138 565 2190 Pag.
583 2133 626 2192 9,
661 2150 719 2191 ¹7.
732 2137 877 2188 form
889 2151 928 2178 a.
986 2136 1227 2190 Compositio
1252 2135 1538 2182 membrorum,
1561 2134 1790 2173 conforma-

351 2192 409 2231 tio
433 2191 794 2240 lineamentorum,
825 2192 952 2244 figura
980 2193 1208 2245 speciesque
1233 2191 1390 2241 decora,
1421 2190 1609 2229 eximium
1641 2197 1700 2228 est
1726 2203 1791 2228 re-

352 2248 412 2300 gis
457 2254 738 2286 ornamentum
785 2253 825 2285 et
861 2246 912 2285 ad
952 2247 1119 2299 gratiam
1163 2259 1419 2299 amoremque
1458 2246 1562 2284 inter
1593 2245 1790 2284 subiectos

352 2300 652 2341 conciliandum
674 2302 1005 2353 percommodum
1032 2304 1354 2341 instrumentum.
1409 2301 1530 2353 Lege,
1550 2314 1652 2352 quae
1672 2299 1790 2352 plura

351 2356 580 2396 disserimus
608 2355 658 2395 de
680 2356 808 2396 forma
830 2364 869 2396 et
887 2356 1187 2410 pulchritudine
1216 2358 1333 2410 regis,
1362 2355 1518 2410 dialogo
1538 2369 1596 2394 ¹2.
1623 2354 1786 2396 secund.

353 2419 442 2454 tert.
471 2424 645 2454 PONTAN.

463 2465 699 2520 Pag.11.7.
741 2479 822 2504 res
861 2475 1030 2507 tamen
1082 2469 1199 2507 soli.
1259 2466 1372 2506 Fecit
1408 2466 1484 2505 hoc
1530 2464 1785 2503 Andronicus

351 2535 511 2575 quoque
540 2522 671 2560 iunior
694 2549 704 2569 ‚
746 2527 861 2572 capta
889 2521 1235 2575 Constantinopoli
1266 2529 1304 2560 et
1348 2521 1453 2561 bello
1496 2519 1623 2562 finito.
1680 2519 1786 2559 Vide

350 2576 421 2617 lib.
451 2591 490 2617 2.
520 2591 605 2629 cap.
644 2590 678 2614 1.
706 2581 746 2614 et
770 2582 885 2614 notas
912 2576 1075 2617 ibidem.
1110 2591 1279 2616 Pomm.

466 2630 704 2683 Pag.15‚2.
747 2629 972 2683 Dels'ino
1014 2632 1322 2670 Viennensi.
1378 2630 1500 2669 Anno
1534 2628 1647 2680 1348.
1700 2629 1783 2667 Im-

352 2687 489 2727 bertus
527 2700 595 2724 seu
648 2685 900 2739 lngiberttis,
942 2694 987 2724 ut
1019 2686 1084 2725 alii
1113 2694 1282 2734 vocant,
1320 2685 1501 2724 Dellinus
1531 2685 1783 2731 Viennensis,

354 2741 598 2783 Delfiuatum
627 2754 744 2782 suum
772 2740 956 2797 Philippo
986 2744 1067 2796 regi
1097 2741 1305 2782 Gallorum
1336 2741 1542 2792 vendidit,
1570 2754 1615 2780 ea
1642 2739 1785 2779 condi·
