1794 3158
354 150 476 196 “An
519 153 889 197 CANTAcUzEm
929 154 1029 194 Lm.
1071 156 1142 194 w.
1380 132 1490 190 555

35 257 158 310 ,falari
182 255 398 296 debuisse?
453 253 508 294 Et
535 261 670 294 tamen
706 254 882 293 Lazarus
913 255 987 294 iste
1015 252 1336 302 ,confirmationis
1367 254 1494 306 gratia

32 313 109 354 ‘sad
142 312 461 351 Cantacuzenum
494 310 768 363 proficiscitur.
812 309 923 349 Idem
944 311 1004 349 ius
1032 309 1271 362 arrogabant
1301 309 1376 348 sibi
1396 309 1494 348 olim

15 373 18 376 ⁴
53 381 167 420 reges
196 365 334 407 ltaIIae
362 366 502 404 Ariani
536 367 577 403 in
607 379 784 404 summos
800 365 1006 416 pontifices
1023 365 1241 415 Romanos,
1281 364 1352 416 qui
1372 363 1489 404 electi

57 437 133 463 suo
159 434 324 461 munere
354 420 466 473 fungi
486 420 721 473 nequibant,
750 420 826 458 nisi
854 421 956 474 regis
984 420 1230 459 confirmatio
1257 421 1495 464 accessisset.

55 477 211 518 Verum
241 490 324 516 non
351 477 500 515 mirum
527 482 584 515 est
615 475 836 514 haereticos
864 475 1038 514 Arianos
1065 475 1142 514 hoc
1181 474 1328 514 fecisse.
1386 474 1494 514 Illud

54 534 183 585 magis
210 531 441 571 mirandum
458 560 471 582 ‚
499 532 758 584 imperatores
798 530 971 569 Graecos
999 531 1166 583 impiam
1196 530 1301 569 hanc
1328 544 1495 570 consue—

53 587 235 628 tudinem
266 593 358 640 post
399 593 600 640 receptam
625 600 650 625 a
684 584 826 624 Gothis
862 585 1031 624 Romam
1057 585 1194 624 multis
1247 587 1362 624 annis
1394 587 1494 626 retis

54 644 214 683 unisse:
255 642 295 680 in
328 642 439 695 quod
469 641 710 695 gravissimis
739 639 874 679 verbis
902 641 1106 680 invehitur
1140 647 1301 679 sanctus
1333 641 1493 692 Gregoe

54 698 140 737 rius
182 711 351 750 magnus
395 698 435 736 in
475 697 718 749 expositione
755 697 887 748 quarti
931 695 1073 748 psalmi
1113 695 1331 748 poenitent.
1389 695 1496 736 Illud

56 753 175 792 etiam
216 752 444 791 mirandum
462 781 475 803 ‚
515 754 774 804 imperatores
818 750 1088 790 schismaticos
1114 757 1250 802 postea
1287 752 1329 788 in
1358 764 1498 792 omnes

54 810 260 861 episcopos
287 806 391 846 hanc
422 806 625 846 licentiam
659 806 734 846 sibi
762 807 991 858 sumpsisse,
1018 807 1131 859 quasi
1160 819 1338 858 unquam
1366 808 1498 845 visum

57 863 291 902 auditumve
330 863 409 911 sit,
447 869 494 901 ut
529 862 615 901 ovis
653 868 853 915 pastorem
888 862 1098 900 confirmet
1139 868 1260 913 atque
1286 861 1497 913 approbet,

55 919 114 958 ita
144 925 190 957 ut
218 931 378 970 pascere
405 931 486 956 non
516 915 663 967 valcat,
695 917 771 955 nisi
801 918 1036 970 praecipuae
1066 917 1153 956 ovis
1179 915 1354 955 calculus
1382 930 1497 955 acce-

55 972 141 1013 dat.
199 973 305 1012 Vide
335 971 646 1012 illustrissimum
677 973 894 1011 Baronium
921 979 1018 1011 tom.
1050 970 1092 1011 8.
1122 972 1210 1014 init.
1242 972 1393 1023 statim,
1426 972 1498 1011 ubi

55 1027 174 1084 plura
202 1028 253 1067 de
280 1028 357 1067 hac
385 1028 620 1081 indignitate
646 1027 794 1069 scribit.

167 1084 331 1134 Quanto
359 1082 502 1123 melius
533 1082 793 1122 consuluisset
826 1081 1128 1121 Cantacuzenus
1166 1087 1207 1120 et
1244 1080 1320 1121 sibi
1348 1087 1389 1120 et
1416 1080 1498 1119 La-

57 1152 151 1180 zaro
178 1153 251 1178 suo
282 1146 322 1179 et
348 1138 536 1177 omnibus
568 1139 761 1192 episcopis
790 1137 977 1188 Graecis,
1008 1138 1040 1176 si
1075 1136 1213 1190 (quod
1240 1143 1379 1190 postea
1404 1135 1500 1175 fecit

57 1193 294 1234 Gennadius
326 1193 574 1248 patriarcha)
618 1193 680 1232 his
717 1192 852 1232 verbis
892 1194 1064 1231 Graecos
1106 1192 1157 1231 ad
1184 1192 1364 1231 studium
1391 1193 1499 1244 pacis

57 1256 99 1289 et
126 1250 304 1288 caritatis
343 1249 573 1288 cohortatus
605 1249 764 1288 suisset:
822 1246 1076 1287 Accedamus
1103 1262 1222 1286 verae
1260 1247 1500 1286 Christiano-

57 1318 150 1345 rum
191 1305 353 1353 unioni,
400 1318 652 1357 agnoscamus
674 1312 840 1358 peccata
874 1312 1037 1350 nostra,
1075 1316 1124 1341 ne
1156 1305 1309 1356 peiores
1336 1301 1500 1340 Iudaeis

57 1359 296 1410 evadamus,
325 1373 424 1399 neve
434 1361 565 1412 falsa
591 1361 788 1407 suasione,
820 1358 987 1397 malitia
1023 1365 1062 1396 et
1094 1357 1416 1411 praesumptione
1443 1358 1501 1394 ita

54 1428 170 1460 aures
200 1415 470 1464 obstruamus,
510 1423 553 1453 ut
579 1428 652 1453 nec
678 1414 898 1453 audiamus
915 1442 926 1460 ,
970 1425 1041 1451 nec
1072 1412 1356 1465 intelligamus,
1412 1411 1501 1451 Au-

53 1470 211 1510 diamus
241 1471 437 1509 Christum
475 1470 718 1508 clamantem
749 1469 940 1523 apostolis
957 1484 970 1506 :
1033 1468 1113 1521 Qui
1146 1482 1216 1506 vos
1257 1467 1393 1517 audit,
1437 1481 1501 1506 me

53 1526 191 1565 audit.-
231 1534 268 1565 et
298 1525 371 1581 qui
401 1539 474 1566 vos
504 1525 675 1580 spernit,
713 1539 777 1564 me
802 1525 971 1578 spernit:
1013 1523 1084 1577 qui
1111 1536 1207 1562 vero
1240 1537 1301 1561 me
1329 1523 1495 1576 spernit,

53 1581 204 1636 spernit
239 1594 329 1620 eum
340 1609 357 1627 ,
402 1581 471 1635 qui
501 1581 608 1619 misit
634 1593 708 1621 me.
767 1578 873 1618 Vere
903 1591 994 1631 ergo
1017 1579 1107 1617 licet
1133 1577 1262 1616 dicere
1275 1608 1288 1628 ‚
1319 1579 1390 1632 qui
1412 1590 1499 1630 pa-

49 1649 151 1692 pam
185 1636 313 1685 audit,
347 1635 563 1675 Dominum
590 1634 720 1683 audit,
752 1636 822 1687 qui
843 1648 938 1673 vero
954 1646 1111 1688 papam
1137 1647 1215 1673 non
1244 1633 1375 1682 audit,
1404 1633 1498 1671 Do-

54 1691 205 1731 minum
234 1705 313 1731 non
340 1691 454 1731 audit
469 1709 480 1729 .-
522 1691 591 1746 qui
618 1704 716 1729 vero
737 1689 959 1728 Dominum
998 1701 1077 1727 non
1106 1689 1246 1737 audit,
1282 1688 1400 1726 audit
1429 1702 1498 1726 ca-

48 1747 186 1804 ptivos
210 1755 248 1785 et
271 1747 420 1800 gladiis
442 1746 711 1795 comminutos,
729 1744 806 1783 hoc
834 1751 906 1792 est,
943 1744 1142 1782 Ianizaros
1170 1750 1209 1781 et
1229 1744 1391 1791 Bassas3
1419 1742 1495 1782 hos

58 1803 166 1840 enim
199 1802 429 1842 Gennadius
464 1799 674 1852 intelligit,
720 1801 813 1852 quia
851 1806 890 1838 et
918 1812 962 1837 ex
992 1798 1160 1850 captivis
1190 1805 1309 1847 sunt,
1350 1804 1390 1836 et
1417 1799 1498 1836 cir-

53 1857 232 1896 cumcisi.
288 1858 445 1896 Canere
475 1863 641 1909 possunt
681 1855 824 1894 Graeci
864 1868 956 1892 cum
989 1854 1187 1892 Hieremia
1228 1852 1415 1892 threnum
1445 1851 1497 1891 il-

53 1911 172 1953 lum:
215 1911 334 1952 Servi
361 1913 563 1952 dominati
586 1919 673 1952 sunt
694 1911 832 1962 nostri,
867 1923 946 1949 non
965 1909 1071 1962 suit,
1103 1909 1176 1964 qui
1208 1908 1416 1947 redimeret
1445 1908 1496 1947 de

52 1981 180 2009 manu
200 1981 346 2011 eor-um.
376 1981 559 2007 cursen.
1345 2009 1349 2014 1

137 2022 380 2079 Pag.92,9.
413 2021 677 2062 Galataei
705 2021 958 2073 optionem
990 2019 1096 2060 illi
1125 2020 1384 2071 integram
1417 2032 1494 2057 re-

52 2078 242 2134 linqua
255 2088 316 2119 nt.
345 2079 417 2118 Pie
437 2086 477 2118 et
496 2077 674 2131 religiose
690 2075 884 2123 Galataei,
907 2076 977 2129 qui
989 2077 1184 2115 Lazarum
1205 2076 1325 2113 istum
1345 2073 1494 2112 ulceri-

52 2133 129 2174 bus
149 2132 323 2174 obsitum
340 2148 549 2188 persanare
563 2133 799 2173 studebant:
825 2131 1074 2171 schismatice
1093 2138 1133 2170 et
1149 2131 1387 2183 pertinaciae
1406 2143 1495 2167 con·

52 2189 259 2230 venienter
277 2189 472 2239 Lazarus,
487 2189 555 2242 qui
579 2189 750 2227 medicos
768 2187 968 2227 obstinato
990 2187 1123 2226 animo
1142 2186 1293 2238 respuit
1314 2214 1325 2232 ,
1351 2186 1392 2222 in
1414 2199 1493 2237 qua

51 2246 196 2284 mentis
214 2245 482 2285 obstinatione
511 2246 567 2284 ita
596 2243 791 2283 excellunt
817 2241 1028 2281 orientales
1048 2241 1304 2290 schismatici,
1333 2247 1379 2278 ut
1400 2254 1493 2278 cuin

52 2301 199 2342 nostris
212 2302 388 2340 sectariis
404 2301 454 2340 de
468 2299 709 2353 pertinaciae
721 2298 853 2351 palma
871 2305 1022 2337 certare
1039 2304 1202 2350 queant,
1221 2310 1301 2334 non
1319 2295 1402 2333 sinc
1424 2309 1494 2347 spe

52 2355 259 2395 victoriae.
274 2356 388 2396 Adeo
403 2356 536 2395 stolidi
548 2364 648 2404 sunt,
670 2355 798 2407 inquit
816 2353 1046 2392 Gennadius
1065 2351 1292 2405 patriarcha
1304 2350 1493 2389 Constan-

52 2410 355 2463 tinopolitanuS‚
380 2420 420 2450 ut
434 2420 570 2465 aperte
589 2411 750 2448 Latinos
775 2410 987 2447 haereticos
1010 2423 1087 2447 esse
1122 2408 1261 2447 dicant
1288 2414 1325 2443 et
1334 2419 1492 2459 papam

47 2475 217 2521 praeter
240 2476 384 2508 ceteros
414 2479 560 2506 omne-9.
589 2465 700 2504 Hinc
731 2465 915 2503 unionem
943 2464 1120 2515 refugitis
1135 2493 1146 2511 ‚
1176 2464 1230 2500 ait
1261 2460 1491 2500 Gennadius

54 2519 263 2574 alloquens
294 2523 482 2571 Graecos,
514 2535 636 2574 neque
650 2533 789 2574 papae
822 2520 1059 2558 memoriam
1081 2517 1249 2562 audire,
1275 2528 1396 2570 neque
1424 2516 1493 2569 qui

53 2577 238 2616 unionem
260 2592 315 2617 ex
342 2578 479 2618 vestris
504 2576 772 2615 sacerdotibus
793 2575 1098 2629 amplectuntur,
1126 2571 1264 2610 videre
1283 2570 1493 2621 sustinetis,

54 2644 175 2686 neque
193 2633 265 2686 qui
292 2647 378 2672 cum
409 2633 504 2687 ipsis
530 2631 820 2670 communicant
848 2631 1023 2678 omnino,
1050 2641 1122 2682 pro
1153 2627 1383 2664 Christianis
1415 2626 1493 2664 lia-

54 2686 163 2733 betis,
197 2695 237 2725 et
255 2689 290 2726 si
297 2689 413 2739 sorte
433 2687 647 2739 contingit,
688 2695 730 2724 uc
765 2685 808 2724 in
831 2684 996 2739 aliquod
1020 2683 1249 2729 inem-muts,
1285 2681 1393 2737 quod
1425 2693 1494 2717 vos

48 2755 184 2798 papae
212 2744 554 2794 commonefaciat,
588 2756 734 2797 panem
759 2741 965 2791 oblationis
993 2751 1069 2778 non
1103 2738 1302 2791 accipitis,
1334 2736 1404 2774 sed
1415 2736 1492 2785 Ju-
