1794 3158
313 131 431 199 446
782 209 785 210 ⁷
820 147 1234 192 ANNOTATloNEs

415 250 516 305 Pag.
534 251 626 305 273,
654 263 687 294 r.
715 249 981 303 πραττόντων
1007 265 1086 292 om.
1115 252 1171 292 M.
1201 265 1373 305 quoque.

421 307 525 359 Pag.
543 308 638 360 273,
663 320 723 346 11.
753 302 885 357 αὐτὴν
913 308 970 346 Μ.
999 314 1106 347 recte
1133 321 1207 360 pro
1236 303 1358 350 αὐτὰ.

417 361 523 414 Pag.
546 359 642 414 274,
662 360 700 411 4.
731 356 995 409 ἐκδιδάξαντι
1022 364 1081 404 Μ.

413 416 517 469 Pag.
535 416 630 470 274,
650 414 718 455 25.
751 411 1038 467 ἐφεστηκότας
1066 418 1122 457 Μ.
1152 423 1191 455 et
1222 412 1482 468 εἷρχθείσας.

418 471 519 524 Pag.
539 470 707 525 275,17.
732 467 901 522 Ἐδέσσῃ
930 471 1015 524 lege
1043 486 1088 511 ex
1115 472 1174 510 Μ.
1205 485 1277 524 pro
1304 470 1532 524 Bod'vyvoi'g'3
1565 471 1621 510 ita
1648 471 1753 510 infra

305 540 466 580 quoque
493 540 533 579 p.
566 539 661 580 277,
687 539 727 576 7.
757 524 801 572 ἐξ
836 524 1030 578 Ἐδέσσης
1059 541 1134 580 pro
1163 525 1208 565 ἐκ
1236 525 1340 565 Buff.

420 581 518 633 Pag.
539 581 633 635 276,
657 580 719 620 16.
753 577 882 631 αὐτήν
912 583 969 620 Μ.
998 597 1070 635 pro
1099 576 1209 621 αὕτά
1231 611 1242 631 ,
1277 581 1398 635 idque
1423 579 1713 637 reponendum.

415 636 520 688 Pag.
542 635 638 690 276,
667 650 733 689 ¹9·-
753 632 975 687 χρήματα,
995 639 1180 690 quamvis
1198 637 1389 689 significet
1419 637 1607 692 pecunias
1622 635 1753 686 ‚valet

305 699 439 730 tamen
469 691 621 744 aliquid
655 692 774 729 etiam
803 689 921 729 latius
950 700 1117 744 patens,
1148 706 1290 744 nempe
1318 692 1439 740 bona,
1471 706 1588 746 opes.
1622 690 1752 729 facul·

304 754 421 785 tates.
478 746 532 785 Et
570 760 643 799 ego
679 746 801 785 malui
829 760 928 784 voce
956 747 1156 800 generali,
1187 762 1274 794 res,
1306 749 1402 800 quia
1430 749 1504 788 hoc
1534 747 1664 799 aptius
1698 745 1751 786 ad

304 802 486 851 feminas,
515 801 661 854 quibus
694 801 771 840 alia
796 801 957 852 potius,
996 817 1118 856 quam
1161 803 1351 855 pecuniae
1391 804 1433 842 in
1461 803 1612 843 deliciis
1639 807 1749 850 sunt,

306 864 352 895 ut
385 856 560 895 mundus
590 858 780 908 ipsarum.
837 857 977 897 Movet
1005 872 1085 908 me,
1115 857 1224 910 quod
1257 857 1375 910 paulo
1402 865 1491 911 post
1517 858 1567 897 de
1597 855 1751 895 mundo

303 913 439 950 uxoris
471 912 764 964 protovestIarii
783 911 942 961 dicitur,
974 915 1227 952 aestimatum
1246 912 1402 951 duobus
1424 926 1639 952 aureorum
1657 909 1750 949 mil-

302 967 435 1017 libus,
482 967 554 1005 ubi
587 968 733 1005 iterum
770 974 989 1019 usurpatur
1026 965 1240 1019 χρήματα.
1297 968 1352 1006 Et
1380 982 1540 1007 rursum
1569 967 1618 1006 de
1645 965 1751 1004 eius-

302 1022 392 1061 dem
421 1023 711 1075 protovestiarii
740 1022 1004 1075 suppellectili
1033 1037 1155 1062 aurea
1182 1029 1222 1061 et
1250 1029 1452 1076 argentea.
1480 1035 1657 1064 romum.

416 1076 685 1130 Pag.277‚4.
716 1069 863 1116 ἄλλοτε
892 1077 947 1116 Μ.

414 1132 516 1184 Pag.
535 1146 626 1186 277,
646 1146 708 1186 17.
743 1133 799 1171 Β.
838 1129 911 1171 τὸν
942 1131 1111 1172 Μυσῶν
1131 1133 1191 1172 Μ.

411 1187 516 1239 Pag.
534 1187 624 1240 278,
639 1189 678 1230 3.
706 1184 1048 1228 ἀνακαλέσασθαι
1069 1189 1126 1227 Μ.
1156 1201 1229 1242 pro
1262 1186 1630 1240 ἀναμαχέσασθαι.
1654 1185 1748 1226 Non

300 1256 401 1296 opus
434 1244 693 1285 correctione.
1644 1248 1646 1250 ’

414 1297 680 1350 Pag.279‚6.
710 1310 825 1349 ergo
860 1307 912 1336 tu
957 1298 1227 1339 inventor.
1287 1297 1471 1337 Observa
1497 1293 1747 1350 praeclarum

307 1351 533 1405 exemplum
564 1353 666 1404 grati
694 1354 819 1390 animi
846 1354 887 1390 in
922 1353 1187 1404 imperatore:
1219 1355 1354 1407 magni
1378 1360 1511 1391 autem
1535 1354 1578 1390 in
1605 1363 1750 1403 magno

297 1407 531 1457 domestico,
565 1409 635 1459 qui
670 1408 883 1460 pecuniam
912 1414 1043 1446 totam
1074 1408 1284 1460 repudiat,
1327 1421 1448 1461 quam
1481 1408 1659 1459 accipere
1686 1407 1750 1444 iu-

296 1470 356 1502 ste
386 1469 556 1515 poterat.
618 1462 713 1502 Non
746 1463 878 1515 quivis
908 1469 1067 1501 tantum
1096 1465 1185 1501 auri
1210 1476 1399 1503 acervum
1424 1463 1630 1502 irretortis.
1649 1473 1749 1501 ocu-

295 1517 344 1557 lis
379 1517 645 1570 spectavisset.
678 1532 852 1557 PONTAN.
1627 1527 1629 1530 “

302 1582 305 1585 ’
404 1574 508 1625 Pag.
525 1587 621 1627 279,
636 1586 704 1611 22.
737 1570 893 1626 ταμείῳ
922 1578 961 1610 et
983 1571 1130 1624 οἷχρίὸι
1158 1574 1215 1612 Μ.

409 1628 514 1680 Pag.
534 1641 710 1682 279,22.
729 1622 891 1679 ἡμέρας
919 1627 978 1664 Μ.
1011 1634 1134 1678 text.‚
1163 1626 1342 1679 ἡμέραις
1371 1641 1395 1666 a
1427 1640 1534 1665 man.
1565 1639 1604 1666 2.

408 1682 512 1735 Pag.
531 1684 625 1730 281,
649 1696 710 1720 12.
739 1677 1106 1732 συμβουλεύσαιμι
1134 1684 1193 1721 Μ.
1225 1696 1297 1736 pro
1316 1679 1653 1735 συγχωρήσαιμι.

406 1736 669 1790 Pag.283‚5.
694 1735 988 1788 ἑπηγγείλεσθε
1023 1739 1080 1776 Μ.
1110 1752 1189 1791 mg.

406 1793 509 1846 Pag.
524 1792 618 1843 283,
645 1806 708 1831 12.
743 1788 861 1843 παρὰ
889 1791 996 1829 θεοῦ
1023 1793 1083 1831 Μ.

407 1846 513 1901 Pag.
529 1847 622 1899 284,
646 1846 710 1899 14.
740 1847 1122 1888 Strombitzam.
1152 1847 1232 1888 Vel
1260 1849 1532 1888 Strumitzam.
1577 1846 1643 1886 De
1668 1844 1747 1885 hoc

296 1903 446 1957 ‘oppido
466 1905 523 1942 ita
553 1903 772 1957 Gregoras:
812 1902 1058 1956 Oppidulam
1082 1903 1337 1943 Stramitzam
1365 1904 1620 1950 intravimus,
1642 1901 1751 1957 quod

290 1966 425 2012 paene
443 1971 566 2013 supra
592 1959 709 1998 nubes
734 1957 896 2008 eminet,
915 1957 1015 1995 adeo
1038 1968 1256 2012 praerapto
1285 1961 1409 1999 monti
1425 1959 1672 2013 impositum,
1706 1963 1750 1996 ut

295 2015 483 2053 homines*
493 2014 536 2053 in
557 2013 868 2069 propugnaculis
894 2012 1064 2051 sedentes
1080 2042 1091 2063 ‚
1116 2028 1136 2052 e
1163 2015 1273 2052 valle
1301 2013 1592 2069 suspicientibus
1607 2013 1748 2051 avicu-

295 2069 364 2118 lae
390 2068 618 2107 videantur.
647 2081 825 2108 PONTAN.
861 2067 972 2106 Infra
1000 2082 1043 2121 p.
1072 2067 1167 2118 285,
1185 2070 1224 2108 5.
1253 2067 1545 2120 Στρυμβίτζης
1577 2068 1638 2106 Μ.

309 2163 314 2171 ,
405 2123 675 2176 Pag.285‚5.
707 2124 1051 2178 Niceplzorzcs
1080 2124 1357 2162 basilicas.
1392 2125 1618 2177 Gregoras:
1643 2121 1748 2161 Tum

296 2184 426 2218 autem
455 2179 645 2217 Melenici
667 2179 825 2218 castello
852 2187 891 2216 et
917 2179 1274 2218 circumiacentibus
1311 2179 1406 2217 locis
1443 2179 1642 2217 Basilicus
1668 2176 1748 2216 Ni-

296 2235 484 2287 cephorzcs
508 2243 697 2287 praeerat
712 2264 724 2285 ,
754 2235 824 2272 vir
848 2234 993 2273 nobilis
1020 2235 1091 2272 ille
1117 2234 1273 2288 quidem
1288 2263 1298 2281 ,
1348 2234 1419 2272 sed
1445 2235 1514 2288 qui
1541 2233 1650 2272 nullo
1682 2232 1748 2271 iu-

296 2288 404 2328 dicio
419 2319 430 2340 ,
462 2289 638 2342 simplici
665 2290 818 2342 ingenio
855 2298 893 2328 et
932 2289 991 2328 ad
1019 2304 1080 2328 res
1105 2289 1302 2340 gerendas
1336 2289 1466 2343 inepto
1492 2301 1571 2328 esse
1611 2287 1747 2326 crede-

297 2353 417 2387 retur.
474 2343 518 2382 Is
545 2356 640 2382 vero
677 2353 758 2382 tum
800 2346 975 2383 omnium
1010 2345 1343 2398 prudentissimus
1369 2344 1522 2383 exstitit
1537 2361 1548 2380 .·
1575 2355 1748 2397 quorum

297 2399 375 2437 alii
395 2414 449 2438 ex
474 2399 747 2453 desperatione
789 2409 904 2455 atque
936 2400 1076 2454 inopia
1109 2400 1263 2438 consilii
1285 2399 1425 2437 misere
1463 2399 1609 2436 mortui
1622 2426 1635 2448 ,
1670 2395 1748 2436 αἰίί

298 2455 418 2492 inviti
437 2455 546 2509 capti
570 2463 659 2492 sant
686 2463 726 2492 et
756 2455 915 2509 infinita
943 2455 1053 2493 mala
1076 2455 1280 2509 perpessi,
1319 2454 1395 2492 alii
1421 2454 1523 2492 ultro
1558 2467 1599 2492 se
1641 2453 1750 2506 ipsos

291 2509 571 2563 prodiderunt.
606 2508 692 2547 Hic
721 2523 815 2549 vero
844 2511 964 2561 solus,
1002 2525 1069 2564 spe
1090 2511 1133 2549 in
1161 2510 1293 2548 Deum
1320 2509 1518 2548 collocata
1539 2537 1551 2558 ,
1577 2507 1639 2547 ad
1668 2520 1744 2547 ex-

297 2572 465 2603 tremum
494 2578 613 2618 usque
643 2562 807 2603 senioris
835 2566 1088 2618 imperatoris
1112 2566 1295 2620 spiritam
1322 2572 1459 2603 tantae
1484 2578 1616 2602 rerum
1646 2576 1746 2616 per-

297 2619 513 2658 turbationi
535 2633 576 2656 se
605 2621 787 2673 opposuit
820 2621 1090 2674 sinceramque
1122 2621 1301 2659 animum
1329 2627 1366 2657 et
1383 2618 1521 2673 fidem
1542 2619 1608 2657 illi
1619 2631 1743 2672 prae-⁶

298 2675 408 2714 stitit.
462 2673 597 2727 Neque
629 2676 733 2712 enim
754 2676 918 2713 iunioris
947 2676 1195 2728 imperatoris
1225 2675 1291 2712 vel
1327 2673 1549 2728 magnificis
1582 2673 1743 2726 pollici-

298 2728 507 2769 tationibus
525 2729 656 2777 cessit,
686 2729 754 2767 vel
771 2730 1026 2768 saevissimas
1048 2731 1176 2768 minas
1203 2739 1241 2768 et
1262 2728 1478 2768 obsidiones
1501 2728 1708 2781 pertimuit
1727 2755 1741 2778 ‚
