1794 3158
270 144 272 149 ’
295 161 408 227 402
788 172 1203 216 ANNo‘rA'noNEs

294 279 483 334 loquendi
513 293 635 334 genus
663 277 848 332 explicari
890 279 965 317 isto
993 277 1269 330 Xenophontis
1304 275 1421 327 loco,
1453 273 1624 316 Pacdiae
1663 277 1731 315 8.:

294 332 492 386 κρείττων
519 349 580 381 τις
609 329 636 386 ἢ
665 334 750 373 κατ’
772 328 1018 387 ἄνθρωπον,
1047 334 1204 373 homine
1228 334 1392 383 maior,
1425 335 1629 385 augustior
1660 340 1738 373 etc.

292 404 464 431 PONTAN.

401 444 508 495 Pag.
529 458 598 497 91,
635 457 671 483 1.
697 439 769 481 ὑπ’
797 440 910 497 αὕτῷ
938 444 994 481 Μ.

404 499 510 550 Pas·
529 512 596 550 9¹,
629 496 668 548 4.
696 494 795 548 περὶ
825 498 898 548 τῆς
926 495 1068 550 μάχης
1099 497 1159 541 Μ·

403 553 510 604 Pag.
531 566 599 605 91,
630 551 670 603 4.
700 552 766 606 ἐφ’
786 547 941 591 ἑαυτοῦ
964 554 1021 595 Μ.

405 607 512 659 Pag.
538 621 606 661 91,
645 621 705 646 11.
733 605 941 658 διατρίβοι
974 608 1031 649 Μ.

406 661 512 713 Pag.
538 675 606 715 91,
642 675 701 701 12.
732 662 786 700 in
827 663 1062 700 vinculis
1087 659 1159 700 ad
1196 675 1270 701 me
1307 658 1601 700 adductum
1643 661 1736 702 iri.

296 718 495 768 Gregoras
530 716 677 766 tradit,
700 723 794 755 ante
823 716 957 769 fugam
981 716 1152 755 voluisse
1171 731 1261 755 eum
1291 730 1432 768 capere
1461 724 1502 755 et
1528 715 1738 755 consilium

296 771 502 810 Gerasimo
531 772 780 824 patriarchae
807 772 1022 824 aperuisse.
1081 772 1201 821 Quod
1234 772 1301 810 ille
1332 771 1383 809 ad
1413 778 1598 825 nepotem
1627 770 1736 809 dese-

296 840 415 877 renS,
445 826 563 878 fugae
594 826 873 865 accelerandae
901 834 1039 865 auctor
1057 827 1089 864 ei
1121 827 1255 865 fuerit.
1286 840 1454 867 ΡοΝΤΑΝ.

409 880 517 932 Pag.
549 894 615 933 92,
649 895 689 919 2.
719 875 819 919 αὐτό
848 894 954 932 φασι
987 879 1125 928 δείξει.
1181 881 1392 920 Proverbii
1422 881 1591 935 speciem
1618 879 1740 918 habet

298 930 404 974 αὕτὸ
438 931 589 984 δείξει,
622 935 731 988 quod
762 935 910 973 indicat
938 936 1108 974 verbum
1137 935 1257 988 φασί.
1278 950 1446 978 roim-AN.

409 990 520 1041 Pag.
536 1002 608 1043 92,
626 991 664 1032 5.
696 985 898 1041 στρατιάν
923 1004 1014 1029 τινα
1040 987 1302 1040 ἀναλαβόντα
1330 991 1390 1034 Μ,

410 1044 657 1098 Pag.92,9·
685 1045 793 1083 vita
821 1046 875 1083 in
898 1045 1151 1083 hastarum
1176 1046 1513 1085 mucronibus
1534 1058 1741 1099 suspen-

298 1110 370 1137 sa.
397 1098 608 1137 Summum
637 1106 825 1137 conatum
853 1106 893 1137 et
923 1100 1239 1152 desperationem
1266 1101 1529 1154 pugnantium
1547 1099 1671 1147 haec,
1697 1106 1743 1138 ut

299 1153 484 1203 videtur,
502 1154 705 1206 paroemia
726 1153 924 1192 declarat:
956 1154 1118 1207 quando
1139 1156 1332 1193 nimirum
1359 1155 1438 1194 dici
1456 1161 1586 1208 potest
1601 1183 1613 1206 ,
1649 1153 1743 1192 Una

299 1209 408 1246 salus
430 1208 546 1246 vict-is
573 1210 727 1247 nullam
770 1223 929 1262 sperare
966 1210 1148 1251 salutem.
1207 1211 1317 1260 Quid
1362 1212 1469 1249 enim
1509 1218 1592 1249 tam
1630 1208 1743 1247 facile

300 1262 419 1300 militi
447 1269 578 1315 potest
608 1263 813 1310 excidere,
847 1278 969 1316 quarn
1000 1264 1106 1316 quod
1138 1264 1190 1303 ab
1229 1272 1404 1304 extrema
1441 1265 1555 1304 hasta
1595 1263 1745 1316 depen-

302 1317 398 1355 det?
453 1318 520 1356 Sic
557 1317 692 1356 David
730 1326 923 1370 perpetuo
964 1333 1007 1357 se
1052 1320 1093 1356 in
1132 1320 1359 1358 discrimine
1401 1322 1542 1360 mortis
1569 1318 1745 1368 versari,

299 1371 420 1410 Saule
448 1379 707 1425 persequente
726 1401 736 1421 ‚
761 1374 981 1425 significare
1009 1372 1138 1412 voluit
1166 1375 1244 1413 illis
1275 1374 1427 1424 verbis,
1471 1377 1617 1414 anima
1653 1385 1747 1411 mea

301 1427 345 1464 in
378 1427 561 1465 manibus
593 1428 690 1466 meis
722 1442 885 1481 semper.
942 1429 1048 1467 Nam
1091 1429 1283 1468 Hebraeis
1311 1443 1464 1482 ponere
1502 1431 1677 1469 animam
1705 1429 1748 1466 in

301 1481 488 1520 manibus
549 1489 608 1521 est
653 1496 850 1535 exponere
897 1496 938 1522 se
987 1483 1166 1535 periculo
1183 1515 1195 1534 ,
1231 1491 1277 1522 ut
1318 1485 1501 1523 Iudicum
1547 1498 1608 1523 12.
1641 1490 1680 1521 et
1713 1495 1746 1523 1.

301 1535 397 1587 Reg.
428 1535 490 1576 28.
548 1537 718 1575 Portare
760 1545 894 1576 autem
922 1539 1096 1576 animam
1127 1540 1168 1576 in
1213 1540 1399 1578 manibus
1430 1545 1499 1577 aut
1530 1539 1679 1577 habere
1705 1537 1748 1575 in

300 1589 489 1629 manibus
527 1593 728 1643 accipiunt
755 1606 829 1644 pro
859 1606 905 1631 eo
923 1622 934 1642 ,
963 1593 1072 1644 quod
1105 1600 1184 1641 est,
1219 1608 1369 1632 versari
1398 1596 1437 1632 in
1469 1593 1747 1632 afflictionibus

304 1651 345 1682 et
373 1643 423 1683 de
448 1645 531 1683 vita
569 1646 796 1698 periclitari.
855 1646 978 1686 Plura
1016 1662 1097 1686 non
1136 1648 1319 1700 ignobilis
1352 1647 1581 1702 Theologus
1613 1649 1748 1687 lanse-

302 1699 394 1737 nius
428 1713 548 1751 super
575 1700 796 1741 adductum
822 1701 965 1753 psalmi
994 1700 1141 1745 locum.
1171 1717 1343 1743 PONTAN.

414 1753 601 1807 Pag.92‚
623 1754 683 1797 16.
711 1755 804 1794 δέον
835 1757 890 1797 Μ.
918 1769 992 1808 pro
1021 1753 1172 1809 χρεών.

414 1807 658 1861 Pag.93‚8.
687 1820 1075 1851 sacramencum
1099 1812 1351 1866 poposcit.
1394 1814 1615 1865 Gregoras:
1640 1811 1748 1850 Pas·
1793 1829 1794 1864 ἦ

305 1862 381 1901 sim
398 1873 694 1902 sacrosanctum
714 1866 967 1917 evangelium
989 1867 1031 1904 in
1051 1868 1245 1919 palaciis,
1274 1868 1315 1905 in
1342 1868 1420 1906 viis
1436 1898 1448 1917 ,
1475 1868 1517 1905 ἰη
1529 1867 1644 1917 foris
1668 1866 1747 1903 cir-

305 1918 493 1969 cumjerri
516 1932 677 1958 cernens
693 1948 705 1968 ,
728 1929 767 1958 et
778 1920 970 1974 populum
998 1931 1250 1960 sacramento
1283 1922 1418 1975 adigi,
1447 1931 1491 1960 ut
1519 1935 1548 1960 a
1581 1921 1750 1959 iunioris

306 1971 563 2026 imperatoris
590 1974 774 2013 societate
797 1975 1019 2014 recederent
1054 1984 1092 2014 et
1127 1977 1277 2015 seniori
1305 1977 1542 2016 arctioribus
1567 1975 1748 2015 obedien-

309 2026 397 2065 tiae
420 2027 591 2066 vinculis
614 2028 967 2081 adstringet-entur.
1000 2043 1173 2072 PONTAN.

419 2079 524 2133 Pag.
555 2083 623 2135 93,
655 2083 719 2131 14.
750 2084 972 2123 Romani
995 2085 1228 2139 imperii.
1263 2085 1373 2137 Opes
1387 2085 1559 2124 Romani
1592 2085 1749 2137 imperii

309 2131 389 2172 hoc
415 2140 595 2187 tempore
614 2150 760 2190 parum
787 2138 974 2177 florentes
1003 2139 1191 2190 fuerunt,
1220 2147 1280 2179 tot
1309 2141 1346 2178 ei
1368 2141 1448 2178 iam
1480 2140 1635 2192 regni5‚
1656 2152 1752 2192 pro-

309 2188 479 2239 vinciis,
509 2191 678 2230 urbibus
716 2207 789 2245 per
831 2193 1025 2232 barbaros
1059 2195 1216 2246 ereptis.
1271 2195 1332 2233 Ex
1368 2193 1446 2233 hac
1473 2194 1638 2233 historia
1667 2193 1750 2232 col-

308 2239 499 2295 ligimus,
542 2245 728 2286 hahuisse
773 2247 905 2287 adhuc
955 2250 1216 2299 imperatores
1262 2249 1750 2303 Constantinopolitanos,

310 2297 496 2350 quamvis
527 2313 608 2338 non
636 2303 771 2341 omnia
802 2304 980 2356 integra,
1011 2304 1247 2354 Thraciam,
1283 2304 1583 2354 Macedoniam,
1612 2302 1755 2356 Bithy-

310 2353 421 2389 niam
450 2354 759 2406 occidentalem,
797 2357 1070 2410 Thessaliam,
1101 2360 1277 2398 Atticam
1297 2388 1309 2410 ,
1350 2360 1583 2409 Boeotiam,
1624 2358 1754 2397 Acar-

266 2434 274 2438 .
311 2406 503 2457 naniam,
546 2408 694 2449 insulas
719 2411 1042 2464 Peloponnesum
1059 2443 1070 2463 ,
1102 2414 1302 2453 Lemnum
1319 2442 1332 2465 ,
1360 2413 1556 2462 Thasum,
1587 2413 1750 2459 Chium,

311 2459 511 2509 Lesbum,
545 2462 770 2517 Principis,
792 2468 1027 2518 Tenedum,
1057 2468 1282 2519 Mauriam,
1319 2475 1500 2507 sanctum
1529 2467 1749 2509 Andream.

311 2513 567 2577 Passum-est
595 2526 727 2558 autem
756 2520 834 2560 hoc
861 2530 1218 2576 quantumcunque
1245 2524 1453 2576 imperium
1472 2551 1484 2572 ,
1511 2524 1553 2561 in
1579 2521 1754 2560 Thracia

312 2576 549 2621 praesertlm
564 2600 577 2620 ,
615 2574 862 2616 incursiones
905 2584 944 2616 et
980 2577 1190 2617 latrocinia
1229 2578 1493 2617 barbarorum
1534 2576 1754 2615 multorum

315 2622 514 2675 plurima,
561 2626 810 2677 Turenum,
851 2630 1123 2684 Scytharum,
1155 2632 1427 2672 Triballorum
1445 2661 1455 2677 ,
1496 2633 1751 2679 Moesorum,

315 2677 583 2718 Albanorum.
636 2683 674 2719 A
702 2683 981 2725 Genuensibus
1016 2688 1113 2726 item
1151 2695 1315 2742 propter
1351 2686 1502 2726 Chium
1551 2693 1592 2726 et
1630 2684 1751 2726 Gala-

316 2739 400 2772 tam
428 2747 572 2787 magna
599 2738 750 2789 accepit
779 2737 1047 2784 incommoda.
