1794 3158
311 115 423 180 400
815 127 1229 172 ANNOTATIONES

309 234 496 287 efficeret,
538 242 580 274 ut
608 247 698 273 suae
701 234 882 286 factioni
908 232 1161 271 iureiurando
1194 229 1466 284 impunitatem
1509 231 1635 273 daret.
1684 230 1743 270 At

311 292 380 329 ille
414 306 462 330 ne
491 290 629 328 audire
661 290 820 342 quidem
852 289 1064 327 sustinens:
1106 287 1166 325 Tu
1199 299 1294 323 vero
1310 314 1321 336 ‚
1368 284 1518 340 inquit,
1546 299 1624 325 non
1649 285 1741 324 bene

311 355 433 385 tecam
459 354 588 383 actum
610 358 688 381 esse
710 353 828 397 putas
835 371 848 393 ‚
872 357 941 382 nec
958 342 1199 381 immortales
1215 339 1304 378 Deo
1334 341 1484 392 gratias
1507 342 1594 393 agis
1607 369 1620 389 ,
1637 341 1745 394 quod

305 410 468 454 praeter
481 399 809 453 exspectationem
838 413 892 437 ex
912 397 996 436 orci
1014 396 1203 447 faucibus
1239 404 1411 448 ereptus,
1462 396 1664 434 incolumis
1705 404 1744 434 ec

310 457 441 494 salvus
460 458 529 492 es?
582 452 649 491 An
676 454 834 505 ignoras
857 461 892 491 te
919 460 957 490 et
976 452 1076 491 mihi
1101 460 1139 489 et
1167 450 1302 488 liberis
1322 451 1441 498 meis,
1467 450 1600 504 quoad
1621 450 1742 488 vixe-

311 511 393 558 ris,
418 522 603 560 magnam
622 506 758 546 debere
779 508 953 560 gratiam
971 536 981 554 ‚
1015 506 1122 561 quod
1147 505 1352 543 consiliutn
1377 513 1512 543 contra
1535 513 1570 543 te
1601 505 1742 543 initam

310 565 442 602 averti
463 576 545 602 meo
573 564 789 602 interventu
802 591 814 613 ‚
836 562 1012 617 quodque
1033 574 1118 600 meo
1148 558 1330 615 beneficio
1350 559 1470 598 solem
1491 560 1590 599 hunc
1617 560 1744 600 intae-

310 620 368 658 ris
394 625 469 657 etc.
499 630 668 660 ΡοΝΤΑΝ,

413 672 599 724 Pag.82,
624 685 685 725 ¹9·
712 667 809 716 τούς
840 670 912 710 τοῦ
942 669 1146 721 βασιλέως
1173 676 1279 708 recte
1307 669 1364 708 M.

419 726 680 780 Pczg.82,2o.
711 727 941 765 dominos
977 727 1163 763 iurare
1208 725 1389 763 ser-vis.
1426 721 1632 777 Exemplis
1661 723 1744 762 Lo-

312 782 514 836 gothetam
535 782 588 820 ita
607 782 840 820 sentientem
861 781 1045 831 deinceps
1066 779 1208 818 refellit
1228 793 1364 831 nepos,
1419 778 1498 818 Sed
1526 778 1746 832 Logotheta

318 838 500 876 abutitur
528 837 688 874 nomine
717 848 945 882 servorum,
976 841 1015 871 et
1040 847 1112 885 per
1138 841 1412 884 contemptum
1436 834 1563 873 socios
1582 833 1747 872 Andro-

313 894 395 931 nici
423 892 588 930 iunioris
615 892 670 929 sic
702 890 907 928 nominat:
948 901 1043 927 vere
1079 893 1213 925 autem
1240 887 1389 925 subditi
1428 895 1542 928 erant
1570 888 1749 927 senioris.

314 947 370 986 Et
396 947 552 999 nepotis
583 945 761 998 exempla
787 959 868 983 non
898 944 947 982 de
976 942 1098 981 servis
1114 971 1125 993 ,
1146 942 1215 980 sed
1242 941 1292 980 de
1324 941 1491 986 subditis
1517 951 1624 982 sunt.
1656 943 1750 981 Iure

315 1002 500 1041 Romano
531 1000 715 1039 dominus
744 1013 860 1039 servo
886 1012 968 1038 non
994 999 1125 1046 iurat,
1157 1010 1230 1035 nec
1273 997 1377 1035 servi
1413 996 1612 1047 dominis,
1655 997 1750 1050 quia

316 1071 390 1095 nec
420 1069 587 1109 persona
615 1056 721 1095 servi
749 1055 832 1094 ulla
850 1068 934 1093 esse
956 1052 1190 1104 intelligitur
1217 1052 1304 1090 iure
1324 1050 1458 1102 civili,
1477 1065 1550 1090 nec
1580 1051 1749 1099 iurando

313 1111 535 1164 quidquam
580 1112 690 1163 agit,
730 1110 807 1149 nisi
844 1123 946 1162 quae
985 1109 1088 1146 iuret
1125 1120 1290 1157 servm,
1337 1105 1474 1145 eadem
1505 1106 1607 1146 liber
1647 1107 1751 1146 iuret

315 1173 405 1218 post
432 1167 800 1204 manumissionem.
857 1165 911 1203 Et
939 1163 1015 1202 hoc
1045 1169 1122 1210 est,
1165 1161 1273 1214 quod
1308 1160 1564 1202 iureconsulti
1602 1161 1716 1200 aiunt
1736 1191 1749 1212 ,

316 1235 474 1260 servum
502 1220 657 1259 nullum
685 1222 747 1259 ius
773 1217 933 1259 habere.
990 1217 1178 1256 Subditos
1212 1215 1455 1268 principibus
1481 1223 1520 1256 et
1554 1218 1752 1270 principes

315 1275 483 1315 subditis
510 1275 661 1314 utiliter
689 1276 821 1314 iurare
839 1303 851 1326 ‚
879 1273 991 1313 haud
1018 1271 1187 1310 dubium
1215 1277 1285 1309 est.
1316 1284 1486 1315 ronun.

425 1332 529 1383 Bag.
558 1329 629 1381 83,
661 1329 699 1369 6.
730 1326 828 1375 τοὺς
855 1323 1071 1374 τοιούτους
1096 1327 1153 1369 Μ.
1183 1339 1262 1379 mg.
1290 1339 1366 1379 pro
1393 1325 1592 1366 τουτουσὶ
1615 1321 1726 1372 τούς.

426 1386 531 1438 Pag.
560 1384 627 1435 83,
649 1398 711 1423 ιι.
742 1384 803 1430 εἰς
830 1385 889 1426 Μ.

426 1442 530 1492 Pag.
559 1438 625 1490 83,
639 1453 702 1479 20.
731 1439 806 1479 νῦν
839 1435 879 1477 οἱ
908 1431 1031 1479 mirol
1056 1437 1114 1477 M.

425 1496 528 1547 Pag.
556 1494 706 1545 85‚22.
734 1492 849 1543 ὑμᾶς
877 1496 934 1533 Μ.

426 1550 528 1602 Pag.
557 1549 623 1598 85,
642 1550 679 1592 5.
711 1548 850 1604 quod
877 1550 996 1587 illis
1029 1547 1079 1586 in
1111 1547 1246 1586 locis
1271 1548 1493 1587 versari
1516 1555 1750 1602 nequeat.

315 1608 467 1647 Mirum
484 1612 566 1643 tam
590 1604 719 1643 levem
734 1605 990 1642 recusationis
1010 1609 1048 1641 et
1071 1602 1309 1641 detrectatae
1337 1603 1566 1656 provinciae
1594 1616 1752 1641 causam

316 1663 369 1701 ab
400 1661 562 1700 homine
581 1659 778 1712 prudente
803 1658 948 1701 afferri,
997 1657 1074 1695 Sed
1100 1657 1283 1695 idoneam
1311 1657 1440 1697 bonus
1460 1660 1522 1696 vir
1541 1672 1622 1696 non
1642 1671 1752 1709 repe·

317 1716 462 1756 riebat.
519 1715 683 1752 Certum
712 1720 771 1752 est
799 1721 958 1763 tamen,
975 1726 1049 1751 nos
1077 1711 1145 1750 illa
1173 1712 1259 1750 loca
1282 1721 1426 1751 natura
1453 1713 1616 1751 horrere
1636 1725 1755 1750 aver-

314 1774 502 1824 sarique,
552 1772 593 1809 in
619 1769 765 1822 quibus
806 1783 879 1808 nos
918 1768 1093 1807 nostrive
1123 1767 1270 1806 damno
1298 1767 1432 1820 aliquo
1467 1768 1616 1806 maiore
1644 1766 1752 1806 mul-

316 1827 390 1865 tati
422 1831 540 1865 sunt:
571 1824 701 1864 multo
730 1825 878 1879 magis,
900 1825 934 1864 si
965 1824 1086 1863 etiam
1114 1821 1170 1861 ihi
1197 1830 1266 1861 aut
1296 1823 1493 1862 interfecti
1516 1829 1586 1861 aut
1611 1821 1754 1862 morbo

315 1881 556 1933 consumpti.
586 1893 755 1919 romum.

422 1936 526 1988 Pag.
557 1933 625 1985 85,
659 1935 725 1973 23.
756 1934 1138 1973 Catalanorum.
1166 1933 1228 1972 De
1255 1934 1408 1985 origine
1433 1939 1472 1972 et
1498 1931 1658 1970 nomine
1679 1930 1755 1969 Ca-

310 1990 545 2030 talanorum
572 1989 689 2036 vide,
724 1989 821 2042 quid
853 1989 999 2028 scribat
1025 1989 1140 2028 initio
1166 1987 1261 2026 libri
1289 1989 1418 2040 quinti
1450 1987 1638 2026 historiae
1674 1987 1756 2024 Ge·-

315 2046 477 2084 nuensis
507 2046 648 2084 Petrus
675 2045 851 2084 Bizarus.
904 2044 1014 2083 Malo
1059 2050 1192 2082 autem
1229 2056 1320 2080 cum
1362 2041 1498 2081 multis
1531 2041 1753 2091 casulani,

317 2114 440 2153 quam
467 2113 558 2138 cum
587 2101 741 2139 Graeco
771 2098 952 2138 Catelani
975 2113 986 2138 ε
1015 2099 1147 2152 prima
1167 2127 1177 2147 ‚
1208 2099 1399 2150 inquam,
1444 2095 1608 2149 vocali,
1634 2109 1756 2150 quam

317 2154 504 2196 secunda.
534 2168 709 2195 PONTAN.

426 2208 527 2260 Pag.
557 2207 626 2256 86,
662 2208 724 2248 16.
750 2208 1015 2256 κελεύσαντος
1049 2203 1203 2258 αὐτὸν,
1234 2206 1306 2247 καί
1334 2206 1392 2246 Μ.
1423 2220 1505 2259 mg.

428 2261 530 2314 Pag.
557 2262 628 2312 86,
659 2262 724 2314 24.
758 2278 980 2316 magnae
1011 2262 1363 2301 hebdomadis.
1409 2263 1755 2315 Magna‚propter

318 2330 464 2371 magna
490 2318 674 2370 mysteria
690 2346 702 2367 ‚
732 2332 835 2371 quae
862 2333 934 2371 per
962 2318 1044 2357 dies
1062 2317 1150 2356 illos
1174 2317 1290 2356 nobis
1309 2318 1351 2355 in
1372 2318 1604 2355 memoriam
1626 2316 1754 2354 canti-

318 2372 396 2411 bus
422 2378 461 2410 et
488 2373 711 2411 cerimoniis
740 2375 1011 2412 sacratissimis
1039 2373 1304 2426 rediguntur:
1345 2373 1542 2410 cruciatus
1571 2369 1755 2410 videlicet

320 2441 367 2466 ac
395 2440 504 2464 mors
532 2426 695 2465 Domini
725 2430 851 2467 nostri
880 2429 970 2468 lesu
997 2427 1171 2476 Christi,
1202 2427 1348 2480 quibus
1378 2427 1610 2465 humanum.
1629 2438 1754 2478 genus

321 2483 522 2534 expiatum
552 2487 622 2521 est.
679 2481 904 2522 Alexander
944 2482 1164 2522 monachus
1218 2483 1397 2520 oratione
1433 2482 1483 2520 de
1523 2481 1753 2519 inventione

320 2542 479 2575 sanctae
521 2534 658 2576 Crucis
695 2533 770 2590 τὴν
797 2538 875 2576 τοῦ
915 2537 1123 2590 σωτηρίου
1165 2532 1331 2582 πάθους
1367 2531 1581 2587 ἑβδομάδα
1621 2535 1751 2574 nomi-

320 2596 404 2634 nat,
430 2603 603 2628 PONTAN.

432 2645 535 2695 Pag.
563 2644 633 2694 88,
661 2644 700 2684 6.
729 2646 948 2698 στρατείας
982 2648 1037 2688 Μ.
1068 2660 1186 2697 supra
1216 2644 1372 2686 lineam.

434 2698 535 2751 Pag.
562 2698 628 2749 88,
652 2699 711 2751 14.
739 2697 836 2755 περὶ
857 2702 933 2741 τοῦ
964 2699 1196 2750 Βυζάντιον
1222 2700 1278 2740 Μ.
