1794 3158
315 113 426 169 536
817 133 1229 174 ANNoTAnonEs

309 238 454 276 siastiei
477 250 561 292 cap.
584 235 677 287 342:
717 236 881 275 Somnia
907 237 1102 276 extollunt
1126 237 1406 292 imprudentes,
1439 238 1555 294 quasi
1581 237 1649 292 qui
1666 251 1740 291 ap-

303 293 515 347 prehendit
541 293 724 331 umbram
755 299 801 330 et'
814 293 1063 346 persequitur
1086 301 1245 331 ventum
1267 322 1278 342 ‚
1315 294 1371 331 sic
1405 303 1442 333 et
1475 295 1545 349 qui
1574 292 1741 332 attendit

306 348 367 386 acl
386 348 608 394 insomn1'a5
637 347 776 385 multos
791 361 926 385 errare
945 344 1130 399 fecerant
1156 351 1309 387 somnia
1335 357 1373 387 et
1399 349 1635 388 exciderant
1652 361 1742 401 spe-

309 412 442 442 rantes
470 403 631 441 inillis.
689 402 743 440 Et
779 409 909 440 totum
939 404 1161 452 somnium,
1210 403 1317 455 quod
1363 402 1439 442 hoc
1478 402 1567 442 loco
1604 407 1741 441 narrat

310 458 624 506 Cantacuzenus,
653 456 750 510 quid
779 457 853 495 nisi
893 459 1091 496 somnium
1122 457 1229 496 fuit?
1285 458 1363 497 Sed
1394 472 1442 496 an
1475 459 1636 498 somniis
1665 457 1741 495 ha-

307 513 440 553 benda
471 513 523 551 sit
549 512 672 562 fides,
704 512 831 565 deque
873 514 1001 551 causis
1040 526 1228 551 verorum
1255 514 1503 552 somniorum
1527 521 1566 553 et
1592 512 1741 566 quibus

308 569 430 620 signis
463 567 639 619 dignosci
689 574 836 620 queant
875 568 1028 606 somnia
1056 568 1192 607 divina
1222 582 1245 606 a
1272 582 1353 607 non
1380 568 1550 618 divinis,
1580 569 1740 621 copiose

309 623 446 661 docuit
475 622 709 662 Benedictus
737 622 921 661 Pererius
949 630 1083 662 noster
1113 622 1215 662 libro
1243 623 1416 662 secundo
1446 623 1634 662 adversus
1661 620 1740 662 fal-

309 677 416 716 laces
442 684 482 716 et
509 678 795 731 superstitiosas
822 685 940 729 artes,
970 692 1051 731 quo
1081 677 1268 718 lectorem
1297 681 1455 718 remitto
1475 708 1486 727 ‚
1519 685 1562 718 ut
1588 677 1639 718 de
1665 677 1743 716 hoc

307 732 507 772 manuelis
535 735 692 772 somnio
719 733 912 771 iudicium
941 734 1072 773 faciat.
1106 748 1295 775 GRETSER.

419 788 523 840 Pag.
545 787 641 842 509,
666 802 725 842 ¹9·
754 797 803 826 ut
838 797 933 827 aut
970 789 1121 832 victi.
1174 789 1325 829 Vicisse
1363 802 1532 842 magnos
1556 801 1628 827 cur
1654 785 1742 825 lau—

307 842 400 882 dem
429 844 574 896 pariat,
604 843 856 882 manifestum
886 850 945 882 est
976 843 1167 883 cuilibet:
1215 844 1284 883 sed
1314 845 1465 884 victum
1493 857 1574 882 esse
1605 857 1628 881 a
1656 855 1742 880 ma—

309 899 397 950 gnis
426 912 498 937 cur
526 899 671 937 honori
699 901 786 937 est?
843 899 949 948 Quia
978 898 1165 938 videntur
1208 900 1284 951 ipsi
1323 914 1403 938 non
1435 897 1745 952 qualescumque

309 954 444 1004 fuisse,
477 955 546 1006 qui
575 967 655 992 non
684 967 707 991 a
736 952 1018 1007 qualicumque
1046 961 1114 992 aut
1141 960 1358 1006 potuerunt
1377 984 1388 1003 ‚
1419 961 1488 993 aut
1518 953 1744 992 debuerunt

307 1010 418 1048 vinci
459 1015 579 1061 atque
608 1008 748 1048 occidi.
809 1008 947 1062 ltaque
975 1016 1090 1062 putat
1117 1009 1249 1048 Lauso
1279 1008 1427 1062 gloriae
1466 1007 1572 1060 apud
1613 1014 1746 1061 poste-

307 1078 374 1103 ros
402 1063 486 1102 fore
515 1064 671 1102 Aeneas
700 1063 773 1103 lib.
802 1078 861 1106 10.
896 1064 1076 1114 Aeneid.‚
1104 1064 1212 1117 quod
1243 1063 1295 1103 ab
1322 1066 1456 1104 Aenea
1484 1065 1745 1115 interemptus

308 1121 370 1163 sit.
431 1119 525 1160 Hoc
558 1129 693 1158 tamen
732 1118 883 1173 infelix
917 1120 1101 1158 miseram
1130 1119 1309 1158 solabere
1349 1127 1510 1159 mortem
1530 1132 1542 1156 :
1581 1117 1745 1156 Aeneae

308 1175 447 1228 magni
481 1174 630 1212 dextra
659 1175 780 1215 cadis.
839 1175 885 1212 In
915 1188 1034 1227 quem
1062 1188 1223 1214 versum
1266 1174 1379 1228 lege,
1408 1181 1515 1228 quae'
1549 1171 1673 1212 multa
1705 1172 1746 1212 in

307 1228 498 1285 symbolis
527 1231 674 1268 nostris
704 1230 952 1268 adduximus.
982 1243 1155 1269 PONTAN.

420 1286 524 1337 Pag.
558 1283 651 1336 5187
696 1285 753 1325 16.
793 1284 1097 1336 Selybriam
1134 1284 1312 1339 primo
1363 1285 1563 1339 impetu
1597 1283 1747 1337 cepit.

307 1341 408 1381 Post
452 1340 550 1379 haec
589 1340 712 1379 verba
758 1342 799 1379 in
831 1341 984 1378 Graeco
1028 1339 1165 1379 codice
1204 1354 1329 1393 parva
1359 1339 1502 1378 lacuna
1530 1345 1617 1388 est3
1662 1338 1744 1376 sor-

307 1403 414 1436 tasse
441 1394 556 1449 plura
586 1395 731 1449 oppida
771 1401 841 1435 aut
879 1408 1006 1434 unum
1033 1394 1174 1436 saltem
1209 1395 1433 1435 alterumve
1479 1393 1745 1432 nominaban-

307 1459 388 1495 tur.
417 1464 592 1490 PONTAN.

419 1506 522 1558 Pag.
550 1505 644 1555 535,
667 1519 726 1559 19.
756 1503 855 1544 ου’δὲ
882 1501 1099 1558 πυρφόρος
1129 1502 1406 1546 ὑπελέλειπτο.
1451 1504 1585 1544 Etiam
1611 1504 1679 1557 qui
1705 1505 1746 1543 in

307 1563 393 1601 acie
419 1563 550 1615 ignem
578 1560 870 1614 praeferebant,
889 1557 1102 1612 πυρφόροι
1133 1559 1381 1602 dicebantur.
1435 1561 1540 1600 Nam
1567 1560 1606 1598 in
1635 1573 1751 1598 more

305 1618 383 1656 suit
410 1617 550 1669 priscis
573 1646 584 1665 ,
621 1624 668 1655 ut
696 1623 807 1655 vates
846 1616 1034 1654 exercitui
1066 1616 1238 1667 praeiret
1258 1645 1268 1662 ‚
1317 1615 1430 1654 lauro
1459 1621 1670 1654 coronatus
1700 1629 1751 1653 ac

304 1672 433 1711 facem
463 1678 647 1725 gestans:
689 1672 731 1709 in
758 1684 878 1723 quem
928 1673 1079 1710 ferrum
1117 1672 1336 1724 stringere,
1373 1677 1419 1709 ut
1451 1670 1654 1709 hominem
1683 1684 1747 1709 sa-

306 1741 447 1774 crum,
488 1727 599 1765 nefas
637 1725 878 1764 habebatur.
943 1725 1066 1764 Unde
1113 1727 1340 1778 paroemia,
1388 1719 1487 1765 οὗδὲ
1531 1721 1750 1779 πυρφόρος

303 1781 482 1835 ἐλείφθη
503 1811 515 1832 ,
545 1795 625 1835 quo
653 1781 926 1834 significatur,
969 1794 1105 1820 omnes
1134 1781 1174 1819 in
1200 1781 1352 1834 proelio
1382 1780 1600 1820 trucidatos
1629 1780 1752 1818 fuisse

303 1837 355 1875 ad
383 1852 509 1876 unum
530 1865 541 1886 ‚
585 1836 713 1883 ades),
755 1843 801 1874 ut
832 1851 883 1875 ne
911 1836 946 1874 ei
988 1836 1150 1890 quidem
1194 1837 1467 1890 pepercerint,
1506 1837 1576 1890 qui
1615 1840 1748 1887 ignem

301 1892 565 1944 praeferebat.
620 1891 747 1931 Plura
794 1890 1006 1931 thesaurus
1047 1892 1237 1943 Stephani
1284 1893 1326 1930 in
1370 1905 1471 1930 voce
1510 1888 1747 1944 πυρφόρος.

302 1947 369 1986 Ad
402 1946 499 1986 alias
527 1960 649 2000 porro
679 1947 852 1999 insignes
879 1947 1151 1997 calamitates,
1184 1947 1328 2000 quibus
1357 1946 1499 2000 aliquis
1530 1948 1570 1985 in
1601 1960 1647 1985 eo
1678 1959 1746 1998 ge-

301 2015 398 2042 nere
414 2003 593 2042 funditus
618 2003 782 2055 periret,
811 2002 1050 2041 translatum
1078 2002 1197 2041 fuisse
1225 2003 1422 2054 adagium,
1453 2001 1663 2041 historicus
1682 2003 1749 2038 in-

302 2057 440 2110 dicat,
475 2058 575 2097 dum
617 2059 702 2111 ait,
749 2052 775 2096 ὅ
808 2070 940 2112 φασιν
981 2056 1053 2099 ἐπὶ
1088 2056 1173 2097 τῶν
1211 2055 1403 2111 μεγάλων
1446 2052 1743 2110 ἀτυχημάτων.

300 2124 482 2153 ΡοΝΤΑΝ.
944 2135 946 2137 >

411 2167 517 2221 Pag.
542 2167 639 2218 533,
662 2167 728 2220 24.
767 2168 1164 2210 illacrimavit.
1219 2169 1328 2207 Mitis
1370 2167 1492 2206 animi
1532 2180 1746 2220 argumen-

297 2228 402 2272 tum,
431 2224 552 2262 etiam
570 2224 748 2263 hostium
774 2221 1000 2262 calamitate
1028 2231 1098 2262 aut
1128 2231 1255 2263 morte
1284 2223 1434 2273 dolere,
1469 2225 1591 2262 immo
1620 2229 1658 2261 et
1685 2221 1746 2260 la-

299 2278 436 2316 crimis
476 2292 595 2331 super
637 2292 684 2317 ea
710 2292 792 2318 non
822 2292 937 2330 posse
977 2277 1189 2318 abstinere.
1244 2280 1358 2318 Fecit
1404 2278 1480 2317 hoc
1523 2276 1749 2316 Alexander

301 2346 471 2385 magnus
499 2334 543 2371 in
574 2340 705 2372 morte
749 2334 883 2373 uxoris
914 2334 1026 2372 Darii
1058 2333 1209 2382 hostis,
1255 2334 1416 2373 Curtius
1448 2333 1516 2372 lib.
1538 2331 1578 2384 4.
1634 2332 1748 2370 Fecit·

298 2386 516 2427 Marcellus
568 2389 693 2439 captis
729 2388 934 2442 Syracusis
957 2418 968 2439 ‚
1026 2388 1206 2428 Annibal
1248 2403 1368 2441 super
1412 2402 1509 2427 nece
1551 2386 1744 2428 Marcelli.

298 2442 477 2481 Zonaras
522 2442 573 2482 de
602 2443 820 2482 Constante
859 2444 1094 2495 imperatore
1124 2445 1163 2483 3.
1193 2443 1366 2486 Annal.:
1422 2456 1546 2495 „cum
1588 2441 1746 2480 tumulo

297 2498 477 2550 quodam
528 2511 746 2537 conscenso
809 2497 1029 2537 subiectam
1070 2498 1278 2551 planitiem
1322 2506 1360 2537 et
1397 2495 1748 2551 praeterfluentem

299 2566 462 2591 amnem
493 2553 752 2592 cadaveribus
778 2551 898 2606 plena
923 2553 1098 2602 vidisset,
1129 2555 1170 2591 in
1200 2554 1427 2592 manifestas
1453 2553 1583 2605 erupit
1625 2551 1745 2591 lacri-

298 2621 410 2656 mas,
440 2621 522 2646 non
551 2616 634 2647 tam
660 2609 828 2648 victoria
869 2610 1033 2658 (contra
1069 2609 1345 2661 Magnentium
1373 2607 1618 2662 tyrannum)
1663 2607 1745 2646 lae-

299 2669 421 2711 tatus,
452 2677 576 2715 quam
605 2663 658 2702 ob
699 2677 905 2702 caesorum
945 2663 1152 2701 interitum
1183 2671 1373 2702 moestus.
1431 2663 1535 2701 Nam
1571 2676 1663 2701 cum
1693 2661 1745 2700 ad

302 2719 503 2773 octoginta
535 2717 660 2760 millia
689 2718 867 2770 haberet,
898 2717 948 2759 ad
977 2719 1140 2774 triginta
1172 2717 1296 2759 millia
1325 2719 1536 2760 cecidisse:
1578 2717 1627 2759 de
1655 2717 1745 2758 Ma*
