1794 3158
395 105 469 146 AD
509 102 879 147 CANTACUzmi
923 103 1021 143 Lm.
1045 104 1117 159 ιιι,
1357 81 1423 137 52
1439 102 1458 136 1

36 215 206 262 nmque
242 204 503 247 revelationes
537 206 678 246 attinet
694 235 707 258 ,
752 202 882 259 primo
915 204 1094 244 omnium
1137 201 1466 245 considerandam

35 276 120 304 esse
149 262 266 302 fldem
294 262 401 311 eius,
441 262 513 314 qui
550 261 625 300 sibi
655 260 938 300 revelationem
965 260 1156 299 divinitus
1181 258 1326 297 factam
1355 257 1466 296 affir-

34 325 120 357 mat
137 348 150 368 ‚
176 330 273 356 num
301 316 486 356 videlicet
521 317 571 355 sit
607 315 846 363 catholicus,
877 329 975 354 num
1012 315 1232 354 haereticus
1251 343 1262 362 ,
1295 312 1466 366 numZe-

33 373 208 412 thnicus.
238 373 291 411 Et
316 373 349 411 si
376 371 537 425 quidem
557 385 580 410 a
598 385 693 410 vera
719 371 796 410 fide
823 373 874 410 sit
891 370 1042 410 alienus
1059 399 1070 420 ,
1100 383 1284 423 magnam
1311 369 1466 407 cautio-

32 441 125 467 nem
154 427 420 466 adhibendam
442 455 454 477 ,
485 440 536 465 ne
567 426 753 465 fallamur
787 425 840 465 ob
881 425 1082 478 decipulas
1109 425 1397 463 haereticorum
1427 430 1468 461 et

33 483 376 522 schismaticorum
393 512 405 534 ,
422 495 521 535 quas
551 482 720 520 incautis
747 482 788 519 in
817 480 893 519 hoc
918 487 1152 533 argumento
1181 486 1324 533 parant
1341 493 1351 517 ε
1368 477 1466 517 dnm

30 539 162 577 varias
189 538 393 587 visiones,
422 536 682 576 revelationes
700 566 712 587 ,
753 535 910 574 divinos
949 537 1159 574 instinctus
1194 542 1235 574 et
1275 532 1468 586 impulsus

31 593 386 632 comminiscuntur
400 622 411 642 ,
426 606 518 631 cum
539 605 618 630 non
638 605 661 629 a
693 591 835 643 spiritu
849 591 950 640 Dei,
971 590 1040 629 sed
1056 589 1108 628 ab
1126 590 1194 629 illo
1213 620 1225 641 ,
1245 591 1314 642 qui
1335 589 1465 628 omnis

30 647 298 702 improbitatis
320 654 458 686 auctor
487 653 545 685 est
568 653 607 685 et
631 646 882 692 architectus,
914 652 1097 698 agantur.
1153 644 1259 698 Lege
1279 643 1464 683 Delrium

28 711 209 743 nostrum
238 710 335 742 tom.
355 716 396 741 2.
417 702 662 755 Magicarum
677 701 1001 754 disquisitionum
1030 714 1118 752 cap.
1139 713 1172 742 1.
1191 715 1228 752 q.
1244 701 1279 742 5.
1307 706 1404 739 sect.
1423 713 1467 738 2.

142 758 242 807 Quis
273 757 452 804 dubitet,
483 755 631 795 multos
658 770 704 795 ex
741 755 998 795 schismaticis
1038 756 1122 794 istis
1159 755 1320 803 fecisse,
1354 755 1466 807 quod

27 811 121 852 fecit
147 812 242 852 olim
263 812 469 866 presbyter
486 812 696 850 Donatista
712 841 724 858 ,
745 812 815 864 qui
846 818 890 849 ut
920 810 1043 850 alium
1075 809 1126 848 ad
1152 810 1300 849 Donati
1333 817 1465 848 castra

24 867 275 917 traduceret,
305 866 597 914 mentiebatur,
628 865 813 919 angelum
847 866 921 904 sibi
950 865 1180 918 apparuisse
1207 873 1246 904 et
1272 866 1464 917 imperas-

25 935 70 962 se
88 953 100 973 ,
133 930 179 962 ut
209 923 339 976 ipsum
367 923 513 974 scripta
541 921 705 975 epistola
740 921 791 960 ad
824 922 1126 960 Donatistarum
1169 928 1301 972 partes
1341 934 1464 959 voca-

24 984 106 1017 ret.
160 977 206 1016 In
234 991 353 1031 quem
381 976 547 1030 pulchre
573 983 731 1015 sanctus
759 976 1008 1028 Augustinus
1048 974 1225 1015 scribens
1269 975 1319 1013 ad
1349 975 1463 1013 illum

24 1033 155 1086 ipsum
169 1062 180 1083 ‚
199 1033 249 1071 ad
269 1047 388 1085 quem
405 1031 611 1085 presbyter
626 1032 835 1070 Donatista
853 1030 1003 1070 litteras
1028 1030 1203 1073 dederat.
1230 1030 1277 1069 Si
1302 1030 1465 1085 tibiipsi

25 1088 187 1138 angelus
207 1088 433 1134 adstitisset,
459 1101 574 1142 quem
591 1087 667 1125 sibi
689 1087 757 1124 ille
780 1096 947 1141 propter
966 1095 1002 1125 te
1022 1085 1238 1133 adstitisse,
1273 1095 1463 1139 quantum

25 1143 293 1193 arbitramur,
318 1151 446 1181 astuta
477 1143 650 1181 novitate
671 1141 880 1196 corfingit,
919 1150 958 1180 et
987 1143 1081 1179 haec
1106 1142 1194 1194 ipsa
1229 1140 1302 1179 tibi
1330 1140 1465 1178 dixis-

24 1206 82 1237 set
95 1227 106 1245 ,
144 1211 244 1252 quae
272 1199 340 1237 iste
365 1197 552 1236 mandato
581 1198 688 1235 illius
716 1197 787 1235 tibi
820 1211 859 1235 se
886 1197 1084 1235 insinuare
1109 1196 1233 1234 dicit.-
1273 1203 1468 1250 oporteret

24 1261 63 1292 te
89 1252 340 1308 Apostolicae
370 1253 580 1291 sententiae
606 1266 813 1290 memorem
833 1250 935 1306 fieri
944 1281 959 1298 ,
986 1264 1085 1305 quae
1112 1252 1193 1289 ait.-
1222 1250 1334 1288 Licet
1356 1264 1431 1289 nos
1450 1279 1465 1300 ,

25 1316 99 1346 aut
137 1309 294 1360 angelus
336 1308 386 1346 de
421 1308 526 1346 coelo
550 1307 659 1345 vobis
692 1307 1035 1358 evangelizaverit
1060 1314 1228 1360 praeter
1253 1305 1321 1353 id,
1357 1304 1468 1359 quod

151 1364 378 1402 elizavimus
422 1363 554 1410 vobis,
586 1362 796 1400 anathema
822 1362 887 1400 sit.
946 1360 1053 1400 Haec
1082 1367 1241 1401 sanctus
1269 1359 1465 1413 Augusti-

25 1431 102 1458 nus
132 1420 247 1471 epist.
271 1417 358 1460 165.

138 1474 242 1512 Mira
268 1474 374 1512 canit
399 1471 638 1511 Philotheus
667 1471 717 1511 de
747 1471 953 1511 monachis
981 1471 1127 1509 montis
1156 1468 1267 1508 Atho
1291 1470 1333 1508 in
1375 1484 1466 1509 ora-

25 1529 136 1568 tione
159 1543 219 1572 12.
253 1536 392 1567 contra
429 1528 651 1581 Gregoram
669 1556 680 1578 ‚
711 1529 825 1579 quasi
855 1526 1088 1580 prophetiae
1108 1525 1215 1564 dono
1245 1525 1465 1564 claruerint

25 1591 67 1624 et
93 1591 176 1623 tam
209 1584 314 1631 vivi,
348 1597 469 1637 quam
498 1584 646 1622 mortui
671 1582 862 1621 miracula
890 1582 1070 1620 fecerint.
1125 1580 1204 1620 Sed
1225 1579 1464 1620 Philotheus

25 1639 103 1678 fuit
130 1639 226 1678 olim
254 1653 358 1678 unus
387 1653 432 1677 ex
465 1637 545 1677 illis
563 1652 573 1687 3
592 1651 671 1676 non
702 1639 832 1690 potuit
860 1639 994 1676 minus
1022 1637 1177 1686 facere,
1200 1634 1363 1674 laudare
1394 1636 1464 1674 de-

25 1693 174 1745 bebat,
205 1708 250 1733 ex
278 1707 447 1747 quorum
478 1693 687 1746 disciplina
720 1692 934 1744 prodibat:
985 1688 1040 1738 ὥς
1080 1689 1153 1728 καί
1181 1686 1301 1728 αὐτοὶ
1328 1687 1462 1742 δήπου

23 1749 148 1800 πείρα
176 1748 381 1799 μαθόντες
413 1744 587 1799 ἔχομεν,
637 1748 737 1799 παρ’
757 1743 926 1791 ἐκείνοις
954 1741 1067 1790 ὅντες
1107 1742 1236 1783 πάλαι
1264 1747 1351 1791 τοῖς
1377 1758 1464 1794 μα-

23 1789 199 1855 naming.
258 1805 330 1843 His
351 1812 481 1842 tamen
511 1805 673 1842 minime
702 1802 917 1855 impeditus
945 1802 1143 1853 Gregoras
1170 1806 1209 1837 et
1236 1799 1334 1848 alii,
1370 1801 1462 1852 qui-

23 1856 100 1898 bus
130 1860 297 1898 istorum
333 1860 415 1897 vita
443 1873 523 1898 non
554 1866 638 1897 erat
671 1859 898 1911 incognita,
946 1856 1075 1895 dicere
1113 1853 1322 1893 solebant:
1354 1855 1462 1904 ψεῦ-

21 1911 94 1960 δος
124 1908 233 1953 εἶναι
259 1910 373 1953 κενὸν
403 1913 476 1952 καί
509 1909 731 1963 πλάσματα
760 1909 833 1950 καί
859 1903 986 1962 ὄχλον
1014 1904 1214 1964 ῥημάτων
1244 1907 1385 1954 ἁπλῶς
1410 1905 1460 1948 τοὶ

20 1965 120 2021 περὶ
155 1967 320 2008 ἐκείνων
361 1965 559 2019 λεγόμενα
603 1965 753 2007 πάντα.
815 1967 898 2005 Nec
941 1966 1011 2005 abs
1047 1979 1090 2003 re
1132 1964 1203 2002 ista
1249 1963 1460 2014 dicebant,

21 2035 275 2077 quocumque
303 2024 465 2063 tandem
493 2025 625 2062 animo
659 2023 755 2062 haec
783 2023 960 2061 dicerent
991 2028 1029 2060 et
1059 2026 1290 2073 spargerent
1320 2033 1330 2058 :
1367 2033 1462 2058 nam

22 2089 69 2116 ex
101 2077 204 2118 libro
233 2081 361 2130 primo
393 2079 658 2117 Cantacuzeni
687 2079 811 2117 nostri
840 2077 1004 2130 planum
1034 2076 1100 2125 fit,
1125 2088 1246 2127 quam
1276 2073 1463 2113 monachi

7 2132 83 2171 isti
132 2140 171 2172 et
212 2134 484 2188 Hesychastae
541 2147 664 2186 prope
699 2134 749 2171 ad
789 2132 1118 2171 Massalianorum
1172 2131 1461 2168 institutionem

20 2200 113 2226 cum
152 2202 224 2227 suo
253 2190 383 2228 nescio
412 2203 492 2241 quo
532 2188 705 2237 lumine,
738 2188 990 2241 precantibus
1023 2194 1062 2226 et
1099 2184 1460 2237 contemplantibus

20 2241 140 2281 obiici
170 2242 286 2283 solito
303 2274 313 2291 ‚
348 2243 597 2283 accesserint.
654 2243 706 2281 Et
739 2251 909 2296 quantae
934 2243 1024 2281 fidei
1052 2248 1111 2281 est
1138 2239 1281 2279 sabella
1298 2272 1310 2290 ,
1340 2254 1460 2293 quam

21 2297 258 2336 Philotheus
303 2306 440 2337 narrat
488 2298 539 2336 de
578 2298 741 2336 Palama
770 2297 1155 2350 Constantinopolim
1192 2296 1458 2346 adventante,

19 2357 154 2391 tantae
180 2353 270 2392 fidei
317 2354 348 2392 si
387 2360 426 2392 et
466 2360 596 2391 cetera
625 2352 825 2391 Philothei
861 2352 983 2392 lector
1011 2352 1252 2401 arbitretur,
1285 2349 1455 2399 nullam,

20 2408 187 2460 opinor,
217 2409 368 2447 auctori
396 2409 583 2446 iniuriam
612 2408 740 2446 faciet.
796 2408 866 2447 Ait
887 2438 898 2458 ,
935 2407 1139 2447 Palamam
1170 2420 1241 2460 per
1267 2418 1376 2443 mare
1404 2404 1456 2443 ab

19 2461 168 2515 angelis
194 2465 426 2502 comitatum
458 2477 537 2502 non
570 2464 653 2501 sine
680 2462 835 2502 caelesti
868 2463 1065 2510 melodia,
1105 2458 1160 2506 ὥς
1197 2459 1270 2499 καί
1295 2456 1456 2498 κατιόν-

18 2529 62 2555 τι
90 2513 204 2566 παρὰ
233 2514 332 2564 τούς
358 2518 433 2570 τῆς
459 2516 672 2568 βασιλίδος
692 2518 774 2556 τῶν
800 2513 960 2557 πόλεων
979 2515 1131 2568 ταύτης
1158 2514 1327 2564 λιμένας
1355 2528 1453 2553 συν-

17 2568 301 2618 εξακούεσθαί
327 2587 410 2612 τισι
451 2572 534 2611 τῶν
564 2570 754 2622 εὖλαβῶν
782 2569 875 2611 τότε
904 2570 1002 2616 τούς
1030 2567 1188 2620 ὕμνους
1230 2569 1326 2620 παρ’
1343 2569 1452 2619 αἰγι-

15 2625 132 2671 αλοῖς
172 2621 372 2678 ἓστηκόσι.
430 2624 467 2666 οῖ
517 2624 588 2665 καί
625 2623 669 2665 τὸ
700 2623 844 2666 καινὸν
877 2627 1006 2666 ἐκεῖνο
1046 2625 1117 2677 τῆς
1157 2623 1298 2676 καινῆς
1340 2621 1450 2677 ᾠδῆς

15 2691 60 2717 τε
86 2675 159 2721 καί
186 2682 257 2721 τοῦ
283 2680 437 2732 μέλους
466 2675 856 2733 ἆποθαυμάζοντες,
907 2675 1050 2719 καινόν
1085 2678 1161 2730 μέν
1187 2691 1227 2718 τι
1255 2678 1327 2717 καί
1353 2671 1451 2715 ἅπι·
