1800 3164
334 196 350 228 1
365 175 436 231 80
845 191 1221 235 CANTACUZENI

119 295 405 338 Δ.Ο.ι35ιτῶν
437 295 652 348 δογμάτων
684 296 948 349 ἐγκαλοῖντο,
991 293 1116 336 αὐτοὶ
1141 295 1301 347 μᾶλλον
1325 296 1462 344 κακῶς
1497 297 1596 350 περί
1621 290 1759 337 αὗτῶν

323 363 588 416 φρονοῦντες,
622 360 670 401 οὐ
699 361 924 415 περιεῖδον,
954 361 1044 401 ἀλλ’
1072 362 1145 402 ἐπὶ
1163 358 1236 415 τὴν
1258 361 1440 411 ἐξέτασιν
1458 361 1646 402 ἐκέλευον
1671 376 1758 413 χω-

323 431 410 480 ρεῖν
443 425 515 467 καί
543 425 766 479 τυγχάνειν
797 427 878 467 τῶν
907 426 1106 478 δικαίων,
1145 425 1216 467 καί
1245 428 1405 475 πίστεις
1445 430 1643 481 παρεῖχον
1688 426 1760 467 ἐπὶ

319 493 375 548 τῷ
404 491 624 534 πείσεσθαι
652 492 885 548 προσδοκᾷν
915 492 1046 547 μηδὲν
1085 489 1232 533 δεινόν.
1270 492 1497 534 δεδοικέναι
1525 490 1603 546 γὰρ
1634 489 1758 544 ἔλεγε,

319 556 378 611 μή
421 556 584 613 εἷρχθῇ.
662 555 788 605 αὕτὸς
830 558 877 598 δὲ
919 557 1042 600 οὐδὲν
1079 551 1202 612 ἧττον
1239 559 1313 598 καί
1348 556 1456 610 μετὰ
1497 555 1573 606 τοὶς
1603 556 1794 604 πίστεις5

319 621 602 677 α’πεκρύπτετο
631 624 703 664 καί
731 622 913 678 ἦγνοὴθη
940 625 1068 679 μέχρι
1092 623 1295 678 τελευτῆς.
1345 620 1484 681 χρόνῳ
1513 623 1559 664 δὲ
1588 618 1761 677 ὕστερον

318 688 411 730 ἐπεῖ
439 683 568 737 αὐτός
600 703 646 729 τε
674 689 896 744 Γρηγορᾶς
923 691 997 730 καί
1024 685 1144 730 ἄλλοι
1174 686 1418 743 α’νεφύησαν
1444 690 1515 744 τῆς
1544 686 1758 742 Βαρλαοὶμ

316 753 390 795 καί
415 750 671 795 Ἀκινδύνου
702 752 902 809 αἱρέσεως
934 751 1126 807 διάδοχοι
1165 753 1237 795 καὶ
1262 752 1338 809 τὴν
1365 756 1584 809 ἐκκλησίαν
1609 752 1758 807 ἐθορύ-

315 822 420 872 βουν
447 818 521 860 καί
539 817 585 860 τό
617 817 886 874 δικαστήριον
913 821 1154 873 ἐπεβοῶντο,
1181 816 1228 861 οὗ
1251 822 1457 875 περιεῖδον
1475 814 1617 870 αὖθις,
1649 817 1756 860 ἀλλὰ

317 882 491 926 σύνοδόν
517 900 561 926 τε
590 885 635 926 ἐκ
663 887 825 926 πολλῶν
854 885 1087 940 ἀρχιερέων
1115 883 1411 941 συνεκρότουν,
1442 886 1514 928 καί
1543 882 1618 927 τὸν
1649 885 1755 926 Θεσ-
1775 898 1800 924 κ

242 997 250 1004 Β
270 957 303 991 D
317 951 533 1005 σαλονίκης
559 952 601 993 Γ
598 948 793 1006 ρηγόριον
812 949 882 992 τόν
902 953 1120 1004 Παλαμᾶν
1147 949 1469 1006 μετεπεμπόμην
1500 948 1633 1005 λόγον,
1662 948 1762 1006 περὶ

317 1010 376 1058 ὧν
403 1017 649 1069 ἐνεκαλεῖτο,
682 1014 883 1070 δώσοντα,
915 1020 1050 1059 καίτοι
1078 1016 1236 1066 δίκαιος
1264 1012 1323 1059 α’)’ν
1354 1015 1406 1058 τὰ
1437 1017 1501 1065 δίς
1518 1012 1758 1072 ἐψηφισμέ-

313 1098 366 1124 να
393 1083 583 1137 στέργειν
611 1081 829 1137 πρότερον.
884 1081 1085 1136 βασιλεύς
1112 1098 1157 1124 τε
1189 1081 1277 1138 γὰρ,
1305 1080 1581 1137 Ἀνδρόνικος
1610 1082 1632 1122 ὁ
1666 1078 1757 1123 clol-

313 1149 434 1200 διμος
480 1146 586 1200 μετὰ
629 1149 704 1202 τῆς
740 1148 921 1190 συνόδου
955 1150 1224 1190 κατεδίκασεν
1269 1145 1454 1198 ἁπάσαις
1494 1147 1656 1203 ψήφοις
1702 1146 1752 1188 οὗ

312 1212 528 1268 Βαρλαάμ
555 1211 645 1254 τότε
672 1211 823 1266 μόνον,
852 1211 957 1255 ἀλλὰ
987 1215 1060 1256 καί
1087 1212 1131 1255 εἴ
1151 1230 1213 1263 τις
1241 1210 1419 1269 ὕστερον
1439 1216 1631 1270 φαίνοιτο
1651 1229 1755 1270 φρο-
1772 1208 1800 1251 i!

309 1282 393 1321 νῶν
421 1277 473 1320 τοὶ
498 1278 583 1331 ἴσα,
613 1281 686 1321 καί
710 1278 819 1332 μετὰ
850 1282 995 1332 ταῦτα,
1027 1281 1131 1329 ἐμοῦ
1160 1277 1346 1333 α’πόντος,
1364 1274 1509 1322 ’‘Avva
1536 1279 1563 1335 ἦ
1591 1278 1758 1333 βασιλίς

308 1343 414 1397 μετὰ
445 1345 527 1387 τῶν
560 1345 806 1399 α’ρχιερέων,
841 1343 962 1398 ἡνίκα
986 1344 1250 1399 πατριάρχην
1278 1360 1322 1387 τε
1355 1348 1548 1387 καθεῖλον
1573 1342 1645 1399 τόν
1671 1347 1757 1388 Ἰω-

312 1408 439 1465 άννην
474 1408 545 1451 διὰ
574 1409 651 1464 τήν
677 1412 925 1461 κακοδοξίαν
971 1410 1044 1451 καί
1086 1408 1182 1460 τους
1210 1412 1466 1465 φρονοῦντας
1493 1409 1547 1452 τοὶ
1576 1401 1648 1453 ἴσα
1676 1406 1757 1451 αὖ-

307 1479 379 1525 θις
409 1471 437 1530 ἢ
456 1476 752 1531 φρονήσοντας,
781 1473 843 1517 ὅτε
865 1475 936 1517 καί
949 1477 1032 1518 τῶν
1048 1472 1224 1531 ὕστερον
1243 1472 1538 1530 ἀντιλεγόντων
1570 1474 1611 1518 οἱ
1641 1477 1755 1517 πλεί-

310 1555 384 1592 ους
397 1537 506 1596 ἦσαν
518 1540 757 1597 σύμψηφοι,
771 1536 798 1595 ἢ
812 1540 1043 1596 προστάται
1061 1543 1144 1582 τῶν
1157 1542 1381 1594 γινομένων
1398 1543 1574 1594 μᾶλλον.
1593 1540 1753 1590 δίκαιος
1765 1559 1800 1585 21

310 1602 402 1661 οὖν,
434 1603 573 1662 ὥσπερ
602 1604 723 1662 ἔφην,
741 1605 791 1647 τά
819 1608 1088 1662 ἐψηφισμένα
1115 1608 1301 1662 στέργειν
1326 1603 1400 1660 ὧν,
1433 1607 1483 1647 οὔ
1484 1624 1515 1662 χ
1527 1602 1748 1660 ’ὑπέμεινἀ,

160 1681 200 1716 P.
227 1682 296 1716 806
306 1673 364 1730 μὴ
397 1675 471 1715 καί
497 1674 562 1714 ἐπ’
593 1671 785 1725 ἐμαυτοῦ
811 1671 888 1725 τήν
916 1674 1103 1723 ἐξέτασιν
1123 1671 1384 1727 ποιήσασθαι
1400 1675 1483 1715 τῶν
1503 1675 1750 1728 λεγομένων,

306 1741 381 1783 καί
402 1737 478 1781 τὸν
508 1739 585 1780 τοῦ
615 1736 781 1779 δικαίου
815 1735 938 1791 λόγον
966 1738 1015 1779 οὗ
1045 1740 1267 1793 παρεῖδον,
1311 1739 1401 1780 ἀλλ’
1441 1736 1633 1793 ἐξήνεγκα
1673 1737 1752 1793 τήν

305 1808 450 1862 ψῆφον
479 1805 620 1859 α’ληθῆ
656 1804 730 1845 καί
757 1803 950 1858 δικαίαν,
982 1797 1080 1845 οὔτε
1109 1805 1279 1860 φιλίαν,
1310 1799 1408 1846 οὔτε
1436 1801 1626 1860 ἔχθραν,
1655 1799 1751 1847 οὔτε

404 1908 434 1932 ι.
461 1895 661 1941 ἔγκαλοῖτο
687 1896 736 1933 Μ,
761 1907 829 1941 mg,

306 1976 489 2021 fidemque
516 1974 613 2015 dedi,
631 1974 728 2008 nihil
754 1975 789 2008 ei
818 1974 922 2009 triste
948 1980 1182 2010 eventurum:
1203 1977 1334 2011 timere
1360 1975 1457 2011 enim
1472 1986 1510 2010 se
1533 1975 1750 2016 affirmabat,

305 2034 354 2056 ne
379 2023 477 2056 iussu
503 2033 583 2055 meo
607 2023 646 2055 in
674 2027 1074 2066 carceremraperetur.
1121 2024 1185 2056 llle
1213 2034 1318 2065 vere,
1355 2034 1570 2069 quamquam
1606 2027 1753 2067 accepta

306 2070 394 2110 fide,
418 2069 536 2102 nihilo
562 2069 682 2102 minus
708 2080 745 2102 se
770 2069 998 2109 occultabat,
1033 2075 1069 2102 et
1092 2069 1136 2102 ad
1162 2076 1309 2104 mortem
1335 2080 1449 2116 usque
1470 2070 1589 2104 latuit.
1638 2071 1751 2104 Tem-

307 2127 398 2162 pore
426 2115 671 2159 procedente,
706 2115 770 2148 ubi
805 2116 882 2159 ipse
909 2115 1083 2160 Gregoras
1119 2121 1155 2150 et
1190 2117 1254 2149 alii
1290 2117 1466 2149 Barlaami
1503 2121 1539 2149 et
1571 2115 1751 2159 Acindyni

305 2163 469 2197 haeresis
493 2171 715 2195 successores
744 2163 881 2200 exorti,
920 2162 1108 2195 ecclesiam
1141 2162 1399 2208 perturbarunt
1433 2168 1470 2195 et
1496 2162 1658 2196 tribunal
1680 2174 1752 2207 ap·-

303 2209 510 2254 pellarunt,
541 2207 661 2240 denuo
687 2218 762 2241 rem
786 2209 935 2240 minime
963 2210 1260 2242 dissimulandam
1290 2211 1441 2250 censui,
1466 2209 1529 2242 sed
1552 2210 1751 2242 multorum

306 2258 557 2300 episcoporum
581 2253 756 2297 synodum
782 2255 881 2299 coegi
907 2255 1192 2302 Gregoriumque
1219 2256 1414 2297 Palamam‚
1444 2255 1749 2290 Thessalonicen-

305 2313 380 2336 sem
405 2302 628 2343 antistitem,
667 2301 864 2340 accersivi,
911 2302 956 2334 de
995 2302 1127 2347 quibus
1165 2303 1424 2344 accusabatur,
1470 2313 1751 2347 responsurum,

306 2349 472 2394 quamvis
498 2352 604 2380 antea
634 2345 691 2380 bis
722 2347 875 2381 decretis
901 2349 1031 2381 merito
1058 2355 1247 2383 contentus
1286 2360 1362 2382 esse
1398 2350 1606 2393 potuissem.
1656 2349 1752 2389 Nam

306 2401 344 2428 et
370 2393 639 2428 laudatissimus
664 2394 728 2427 ille
760 2396 958 2438 imperator
981 2397 1207 2429 Andronicus
1232 2408 1311 2430 cum
1344 2397 1484 2440 synodo
1509 2407 1583 2429 non
1608 2396 1751 2429 Barlaa-

305 2454 402 2475 mum
429 2441 545 2473 solum
563 2465 572 2480 ‚
599 2439 661 2473 sed
684 2441 714 2472 si
739 2441 820 2486 quis
844 2442 883 2473 in
908 2446 1091 2485 posterum
1118 2444 1216 2487 paria
1240 2443 1372 2477 sentire
1403 2443 1644 2487 reperiretur,
1681 2452 1750 2486 pe·

305 2491 404 2523 nitus
425 2488 628 2525 damnavit,
652 2491 689 2519 et
717 2490 856 2531 postea,
880 2499 936 2520 mc
962 2488 1122 2529 absente,
1146 2491 1247 2523 Anna
1274 2491 1482 2534 imperatrix
1504 2500 1583 2522 cum
1609 2488 1750 2533 episco-

306 2538 364 2582 pis
380 2561 389 2576 ,
415 2534 560 2579 quando
586 2535 758 2567 loannem
784 2533 1025 2576 patriarcham
1051 2540 1199 2579 propter
1224 2536 1406 2580 opinionis
1433 2546 1589 2570 errorem
1624 2536 1748 2568 simul-

307 2593 379 2628 que
409 2591 531 2615 omnes
552 2579 678 2612 eadem
707 2580 904 2614 sentientes
942 2587 1005 2614 aut
1039 2593 1203 2616 sensuros
1229 2584 1495 2622 exauctoravit,
1520 2593 1600 2614 cum
1625 2583 1748 2626 plures

308 2640 454 2668 eorum,
483 2628 546 2672 qui
570 2627 886 2668 contradixerunt,
913 2630 1172 2662 assentirentur
1189 2654 1198 2668 ‚
1229 2630 1302 2662 imo
1330 2629 1382 2660 rei
1408 2628 1572 2672 agundae
1607 2638 1748 2673 praees·
1793 2647 1797 2650 -

307 2681 389 2709 sent
411 2676 543 2720 potius.
595 2674 684 2707 Cum
709 2674 858 2717 itaque,
883 2678 925 2706 ut
947 2677 1111 2715 narravi,
1148 2675 1301 2708 decretis
1328 2680 1520 2708 contentus
1561 2685 1637 2707 esse
1660 2685 1748 2719 pos-

307 2734 407 2761 sem,
431 2733 506 2755 non
532 2720 681 2766 quievi,
715 2721 805 2766 quin
838 2730 894 2752 me
932 2733 1079 2767 quoque
1113 2722 1349 2766 imperatore,
1386 2732 1478 2767 quae
1513 2721 1611 2755 dicta
1642 2725 1747 2761 sunt,

306 2770 346 2804 in
373 2769 668 2816 disquisitionem
690 2772 968 2813 vocarentur-,et
991 2768 1154 2802 iustitiae
1180 2770 1356 2802 rationem
1379 2768 1506 2810 habui,
1530 2769 1747 2803 sententiam
