1794 3158
441 138 514 180 ΑΙ)
552 138 925 180 CANTAcqum
970 138 1066 178 Lm.
1107 139 1141 178 1
1406 115 1518 184 445

84 243 290 286 Matthaei.
350 242 564 284 Probabile
589 243 680 283 fidei
704 249 983 307 argumentum
1015 248 1108 291 est,
1118 237 1226 295 quod
1253 252 1298 279 ex
1321 238 1525 280 miraculis

85 301 268 349 sumitur,
295 300 387 352 quia
414 313 486 352 per
513 299 633 339 fidem
659 313 796 352 saepe,
831 301 916 338 sine
956 297 1035 337 fide
1067 310 1159 337 raio
1188 294 1406 334 admodum
1438 296 1525 335 fieri

85 353 245 394 solent·
277 361 316 393 et
345 369 436 393 cum
467 354 569 394 fiunt
594 369 675 394 non
709 354 761 393 ad
792 353 1040 407 probandam
1068 365 1222 398 eorum,
1253 351 1324 404 qui
1353 350 1523 402 faciunt,

83 409 153 449 sed
186 423 342 459 eorum,
366 410 435 463 qui
467 423 606 449 veram
635 410 753 448 fidem
778 408 1078 459 habent,fie1·i
1102 405 1244 455 solent.
1300 405 1380 445 Nec
1418 407 1526 446 enim

82 463 245 504 Balaam
273 464 409 504 futuia
459 464 730 518 pxaedicendo
773 478 887 503 suam
924 464 1047 515 ipsius
1066 492 1077 513 ‚
1115 461 1185 502 sed
1223 460 1361 515 populi
1392 463 1526 514 potius

82 519 175 570 Dei,
204 519 395 559 adversus
424 534 546 572 quem
575 520 796 559 conductus
826 519 982 568 suerat,
1019 518 1139 556 fidem
1167 516 1443 556 confirmavit:
1486 523 1528 556 et

82 574 164 619 sere
194 576 329 614 omnia
353 575 561 625 miracula,
594 589 696 628 quae
725 588 798 628 per
831 573 1052 612 haereticos
1084 566 1190 611 facta
1213 571 1398 625 legimus,
1423 586 1527 626 quae

81 631 318 683 paucissima
341 637 460 682 sunt,
491 630 722 669 huiusmodi
750 643 833 668 esse
859 634 1013 667 constat
1030 657 1042 678 ‚
1081 626 1214 681 qualia
1249 641 1323 677 ea,
1352 641 1454 680 quae
1484 628 1526 666 in

81 684 353 725 ecclesiasticis
382 685 559 725 historiis
585 693 624 724 et
645 684 753 739 apud
769 684 1026 724 Anastasium
1049 683 1089 720 in
1112 682 1412 736 quaestionibus
1430 697 1492 722 sci
1493 697 1528 721 1-

31 753 33 758 ’
79 747 224 794 pturae
258 747 528 783 recensentur.
581 739 657 780 Est
697 742 816 779 etiam
856 744 1138 792 argumentum
1173 751 1196 775 a
1220 736 1424 777 miraculis
1451 738 1528 777 du-

81 803 192 836 ctum
219 809 300 835 una
324 795 467 836 saltem
491 810 538 836 ex
565 810 640 850 pax
642 803 680 835 te
712 795 1005 834 necessarium:
1046 806 1141 831 nam
1167 794 1240 830 etsi
1272 806 1354 831 non
1389 807 1529 832 neces-

78 852 186 891 sario
214 852 408 904 sequitur,
439 866 547 901 eum,
564 853 635 904 qui
665 848 860 890 miracula
886 849 1020 899 saciat,
1048 861 1186 888 veram
1217 846 1366 886 habere
1391 848 1528 900 fidem,

80 913 213 945 tamen
243 908 465 946 necessario
495 908 674 959 sequitur
690 935 703 958 ,
744 920 831 945 eam
851 935 864 957 ‚
907 905 947 943 in
979 917 1059 957 qua
1093 902 1317 956 fxequentia
1350 909 1390 941 et
1415 906 1530 956 quasi

79 962 282 1001 ordinaria
305 959 498 1001 miracula
526 962 640 1012 fiant,
665 975 804 1001 veram
836 974 919 1000 esse
940 958 1176 999 ecclesiam·
1217 958 1328 1011 quia,
1354 959 1428 997 etsi
1453 958 1530 997 ali-

80 1016 243 1070 quando
267 1017 378 1057 Deus
404 1031 476 1071 per
503 1019 683 1070 p11v⁴1tos
723 1024 837 1057 extra
869 1014 1074 1054 ecclesiam
1100 1026 1215 1052 suam
1244 1012 1428 1053 homines
1452 1014 1530 1052 mi-

78 1071 217 1112 racula
245 1072 332 1111 fieri
364 1072 584 1126 peimittat‚
617 1073 720 1112 sicut
752 1078 791 1110 et
823 1084 896 1124 per
921 1071 1074 1109 asinam
1102 1068 1194 1107 fecit
1218 1067 1394 1117 Balaam,
1426 1083 1530 1122 quae

80 1129 123 1166 in
154 1126 318 1167 ecclesia
347 1135 454 1167 ceite
497 1141 579 1166 non
610 1135 727 1167 erat.
754 1134 891 1165 tamen
925 1124 1027 1164 nulli
1056 1122 1292 1177 genelaliter
1318 1123 1531 1164 hominum

79 1183 274 1234 societati,
306 1183 384 1222 nisi
408 1182 596 1223 ecclesiae
621 1197 718 1222 suae
746 1182 991 1221 ordinariam
1022 1178 1193 1218 faciendi
1219 1178 1413 1219 miracula
1433 1193 1532 1218 con-

77 1239 194 1278 cessit
223 1245 474 1291 potestatem.
534 1239 644 1277 Haec
678 1237 953 1277 Maldonatus.
1012 1234 1118 1274 Huic
1148 1235 1367 1274 sententiae
1405 1234 1532 1274 adsti-

78 1292 212 1347 pula1i
239 1294 399 1333 videtur
427 1294 605 1333 lustinus
630 1300 803 1346 maityr,
826 1305 895 1331 seu
921 1292 1010 1343 quis
1039 1289 1156 1338 alius,
1182 1289 1289 1341 apud
1313 1303 1432 1353 quem
1462 1304 1532 1330 or-

77 1348 243 1388 thodoxi
279 1349 384 1388 hane
418 1351 693 1412 quaestionem
715 1354 888 1410 ponunt,
917 1353 957 1384 et
995 1352 1054 1384 est
1083 1345 1264 1410 quaestio
1274 1346 1461 1408 quinta:
1493 1344 1543 1386 εἶ’

75 1402 121 1444 ἐν
145 1408 235 1451 ταῖς
263 1403 503 1456 ἐκκλησίαις
528 1403 612 1444 τῶν
641 1399 864 1466 αἱρετικῶν
893 1396 1094 1450 δυνάμεις
1121 1397 1413 1466 ἐνεργοῦν-ται,
1443 1393 1532 1441 οἷον

75 1455 320 1511 νοσημάτων
348 1457 484 1506 ιάσεις
526 1473 596 1498 και
625 1452 878 1508 πνευμάτων
908 1452 1087 1506 ὃιωγμοί
1115 1448 1397 1521 ἀκαθάρτων,
1429 1470 1533 1509 καρ-

76 1513 167 1553 πῶν
195 1513 270 1566 γῆς
300 1527 412 1575 (pop-a
445 1528 516 1552 και
557 1513 699 1552 ἐλαιου
745 1507 1022 1562 ἀναβλυσεις,
1063 1508 1152 1557 πῶς
1196 1521 1271 1547 ουκ
1300 1506 1457 1563 ἀνάγκη
1485 1510 1532 1550 ἐκ

77 1563 236 1608 τούτων
269 1567 313 1608 ἐν
341 1583 390 1622 τῃ
426 1565 559 1635 πλάνῃ
589 1567 877 1632 βεβαιοῦσθαι
900 1564 1113 1612 ἐκεινους·
1100 1595 1111 1614 ,
1152 1564 1382 1628 Respondet
1410 1566 1533 1605 Iusti-

74 1637 178 1662 nus·
235 1636 374 1689 ωσπερ
404 1618 450 1661 τὸ
482 1610 720 1662 ἀνατέλλειν
748 1619 820 1661 τόν
848 1616 966 1673 ἥλιον
992 1616 1062 1658 ἐπί
1088 1615 1295 1685 πονηρούς
1322 1619 1396 1659 καί
1426 1619 1532 1672 ἀγα.

72 1675 197 1728 θούς,
232 1692 300 1717 και
329 1677 497 1728 βρέχειν
523 1676 594 1717 ἐπι
626 1677 814 1723 δικαίους
843 1690 913 1714 και
957 1673 1129 1721 ἀδίκους
1157 1673 1233 1712 οὐκ
1263 1670 1353 1713 ἔστι
1383 1676 1531 1726 βεβαι-

79 1729 233 1772 ωτικὸν
265 1733 457 1795 πονηρῶν
485 1729 559 1771 καὶ
598 1726 752 1771 αὸίκων
782 1730 826 1770 ἐν
849 1730 902 1783 τῇ
927 1729 1111 1794 πονηρία
1134 1726 1207 1767 καί
1234 1727 1388 1793 ἀδικία,
1419 1727 1529 1771 α’λλά

74 1783 468 1851 παρασκευαστικὸν
499 1800 557 1833 εις
584 1785 750 1825 δικαίαν
777 1783 1014 1848 τιμωρίαν,
1056 1777 1193 1829 οὕτως
1233 1779 1307 1822 οὐκ
1345 1783 1435 1825 ἔστι
1462 1786 1535 1837 βε-

76 1838 304 1894 βαιωτικόν
329 1841 414 1881 τῶν
451 1836 670 1909 αἱρετικῷν
709 1841 755 1880 ἐν
781 1840 834 1906 τῇ
862 1838 997 1893 πλάνῃ
1043 1835 1090 1878 τὸ
1122 1838 1301 1890 ἐνεργεῖν
1337 1853 1454 1886 τινας
1485 1839 1532 1880 ἐν

75 1896 221 1944 αὕτοῖς
248 1893 461 1947 δυνάμεις.
518 1895 558 1937 εἰ
582 1893 662 1949 γάρ
692 1889 746 1960 ἧν
774 1882 987 1942 ἀπόδειξις
1015 1892 1088 1932 καί
1116 1897 1287 1946 σημεῖον
1315 1894 1534 1946 εὐσεβείας

75 1948 120 1992 τὸ
150 1951 332 2004 ἐνεργεῖν
361 1947 574 2014 δυνάμεις,
607 1951 683 1990 οὔκ
712 1945 763 1990 ἂν
796 1947 819 1988 ὃ
845 1946 989 2017 κύριος
1014 1947 1242 1999 ἀδοκιζιιους
1262 1962 1307 1987 τε
1335 1964 1405 1989 και
1429 1950 1533 1990 α’να-

76 2006 191 2055 ξίους
217 2006 291 2071 τῇς
323 2001 428 2073 πρὸς
460 2003 586 2046 αὐτὸν
631 2001 878 2050 οἰκειωσεως
917 2002 1204 2067 ἀποφαίνεται
1231 2001 1330 2050 τοὺς
1361 2001 1528 2056 εἰρηκό-

74 2075 166 2109 τας,
198 2057 332 2113 κύριε,
366 2059 419 2099 ου’
444 2060 503 2115 τῷ
534 2061 595 2116 σῶ
617 2055 792 2111 ὄνόματι
818 2054 1242 2124 προεφητεύσαμενς.
1260 2066 1336 2100 etc.
1394 2061 1531 2111 Quae-

74 2117 202 2157 stione
229 2122 366 2156 tamen
399 2118 616 2155 centesima
652 2116 899 2155 contlaiium
932 2115 1091 2154 videtur
1125 2114 1259 2155 asseri.
1314 2115 1380 2155 Sic
1422 2118 1531 2155 enim

71 2171 286 2236 respondet
333 2171 385 2212 ad
414 2173 688 2236 quaestionem
735 2172 980 2235 propositam
1014 2169 1214 2208 lustinus:
1274 2169 1315 2210 ει
1349 2170 1436 2235 μὲν
1457 2169 1528 2211 διὰ

71 2240 156 2267 των
193 2222 413 2291 αἱρετικῶν
447 2222 657 2274 ζώντων
629 2242 665 2292 η
698 2221 998 2266 ἀποθανόντων
1029 2220 1066 2289 ἦ
1084 2223 1183 2264 θεία
1209 2219 1338 2287 χάρις
1364 2221 1531 2294 ἐνήργει

72 2277 124 2322 w}
152 2278 399 2346 χαρίσματα
419 2311 430 2333 ,
463 2275 577 2346 εἶχεν
607 2275 662 2321 ἂν
689 2278 734 2321 τὸ
774 2278 999 2333 γενόμενον
1027 2275 1198 2332 εὔλογον
1238 2273 1444 2347 ἀπορίαν.
1490 2280 1532 2321 εἶ

72 2335 121 2376 δὲ
152 2332 192 2376 οἱ
223 2332 276 2375 τὰ
306 2336 403 2375 θεῖα
430 2332 652 2399 &exoptata-
667 2336 712 2377 ἐν
739 2350 832 2383 ταις
859 2335 1097 2401 ἐκκλησίαις
1125 2334 1386 2404 ἐνεργοῦντες
1414 2330 1532 2386 ἱίγιοί

72 2390 180 2431 εἰσιν
212 2388 476 2438 ἀπόστολοι,
507 2388 731 2445 προφῆταί
750 2404 794 2431 τε
822 2391 896 2431 καί
906 2388 1181 2458 μάρτυρες,
1194 2384 1253 2429 ων
1279 2392 1365 2436 τοῖς
1393 2391 1528 2437 θείοις

72 2440 210 2512 ἔργοις
259 2444 592 2496 διαμαρτύρεται
629 2447 686 2502 τῷ
725 2441 866 2502 κόσμω
900 2443 922 2486 ὃ
949 2442 1051 2493 θεὸς
1090 2442 1260 2484 ἐκείνων
1303 2438 1410 2484 εἶναι
1451 2441 1526 2492 τὰς

73 2498 318 2565 ἐκκλησίας,
358 2499 414 2539 δι’
455 2495 515 2541 ὤν
554 2486 760 2553 θαύματα
802 2486 1028 2542 ἐκτελεΐται
1048 2532 1061 2552 ,
1099 2499 1286 2540 τουτέστι
1326 2499 1411 2542 τῶν
1453 2497 1524 2554 ὀρ-

75 2551 276 2604 θοδόξων.
305 2569 494 2597 οιιιετεειι.

184 2609 287 2662 Pag.
308 2623 405 2664 270,
436 2626 498 2665 ¹9·
531 2610 821 2679 σφακελλίζων
853 2612 912 2652 Μ.
947 2626 1067 2667 supxa
1100 2607 1171 2649 lin.

187 2663 290 2716 Pag.
310 2678 406 2719 271,
429 2666 468 2708 5.
494 2659 763 2731 ἐρριμμένος
775 2667 833 2710 Μ,

134 2764 135 2768 Ἰ
185 2719 287 2772 Pag.
308 2721 462 2774 272,4.
496 2717 521 2759 ὃ
549 2722 607 2764 Μ.
634 2734 706 2774 pro
738 2716 797 2763 ὃν.
