1800 3164
313 157 386 225 54
840 173 1210 217 CANTACUZENI

104 283 193 319 A.c.
212 282 295 328 ¹347
311 275 468 331 σχόντα
509 277 689 330 πόλεμον
730 277 801 318 ἐπὶ
828 278 1004 318 τοιαῦτα
1041 273 1158 317 ἔλθοι
1176 307 1188 329 ,
1231 275 1323 317 ἀλλ’
1350 270 1399 316 οὗ
1426 273 1498 330 τήν
1525 275 1742 316 κοινωνίαν

309 345 393 385 τῶν
420 340 647 399 βαρβάρων
674 339 970 394 ἀσπαζόμενος.
1035 338 1178 382 ἔπειτα
1208 341 1338 382 ἐδεῖτο
1366 342 1439 382 καί
1462 338 1536 394 τὴν
1563 343 1744 392 μελετω-
1783 350 1786 355 ·

310 411 437 464 μένην
477 409 552 450 ὑπ’
594 404 727 448 αὐτοῦ
763 405 882 448 ποίπα
921 405 994 448 καί
1021 407 1104 448 τῶν
1142 404 1246 447 κατὰ
1274 405 1350 461 τὴν
1375 404 1553 448 Ἰταλίαν
1577 405 1649 446 καὶ
1673 402 1745 459 τὴν
1799 455 1800 476 ἢ

310 468 438 528 ἄλλην
463 471 643 528 ἑσπέραν
671 471 773 513 κατὰ
807 473 888 513 ταῖν
915 472 1141 528 βαρβάρων
1169 470 1320 528 ἔφοδον
1352 474 1436 513 τῶν
1453 473 1661 524 πολεμίων
1687 471 1748 527 τῷ
1799 477 1800 544 ἶ

184 547 296 592 P.733
311 542 528 595 στρατηγῷ
569 538 634 579 ἐπ’
673 537 806 579 αὐτοῦ
838 537 932 580 νυνί
959 539 1220 592 γεγενῆσθαι.
1276 535 1463 592 ἥδεσθαί
1484 553 1529 579 τε
1551 536 1631 592 γάρ
1660 534 1800 590 μοί-ᾧ

308 609 432 647 λιστα
465 603 536 646 ἐπὶ
561 605 611 660 τῇ
640 602 806 645 ἐκείνων
834 601 1016 661 ἀπωλείᾳ
1046 604 1119 645 καί
1147 606 1291 661 φθορᾷ
1321 601 1394 645 καί
1421 600 1552 644 αὐτὸν
1591 600 1644 643 τὰ
1670 602 1746 655 μέ-

308 686 427 725 γιστα
458 667 746 724 συνεργήσειν,
777 669 827 710 οὕ
854 667 985 723 μόνον
1013 669 1208 724 διάβασιν
1230 671 1468 726 παρέχοντα
1496 669 1548 726 τῇ
1568 669 1746 726 στρατιᾷ

307 734 409 790 πρὸς
445 734 520 791 τὴν
547 733 695 777 Ἀσίαν
724 730 898 788 ἄπονον,
940 734 1047 778 α’λλοὶ
1079 738 1152 778 καί
1178 734 1310 778 αὐτὸν
1336 736 1608 789 συμπαρόντα
1639 733 1745 788 μετὰ

306 804 380 853 τῆς
406 802 606 856 στρατιᾶς
645 799 718 843 καί
743 802 1123 857 συναγωνιζόμενον
1155 803 1400 858 προθύμως.
1453 802 1535 844 τῶν
1561 803 1638 854 μὲν
1665 799 1746 856 γὰρ

306 861 443 909 ἄλλων
471 865 834 923 πλεονεκτημάτων
864 874 947 917 τοῖς
981 867 1060 924 πρὸ
1091 870 1227 910 αὐτοῦ’
1262 865 1582 922 βεβασιλευκόσι
1614 864 1748 923 ῥᾷστα
1765 880 1797 908 n

308 930 360 975 ἂν
389 931 732 989 παραχωρήσειε·
788 936 1032 988 προθυμίας
1059 936 1104 976 δὲ
1133 935 1205 989 τῆς
1237 934 1335 990 περὶ
1362 932 1413 976 τὰ
1442 933 1548 974 καλὰ
1577 931 1649 974 καί
1666 933 1740 975 τοῦ

306 1000 535 1052 βούλεσθαι
561 997 658 1048 τούς
690 998 935 1055 βαρβάρους
964 1001 1120 1042 ἐπιδεῖν
1146 1000 1384 1054 πάσχοντας
1402 999 1636 1054 α’ντίρᾘοπα
1654 1003 1742 1049 τοῖς

305 1069 555 1120 τολμηθεΐσι
592 1063 700 1107 κατὰ
742 1067 1014 1121 Χριστιανῶν
1057 1065 1130 1108 ἐπὶ
1157 1069 1350 1108 τοσοῦτον
1376 1066 1556 1120 χρόνον,
1590 1064 1744 1107 οὐδενί.

305 1131 333 1186 ἦ
374 1133 452 1183 μὲν
491 1125 564 1172 οὖν
601 1134 801 1186 πρεσβεία
839 1130 1013 1186 τοιαύτη
1057 1125 1133 1186 ἧν,
1178 1132 1251 1173 καί
1275 1132 1408 1173 πάντα
1436 1132 1608 1174 ἐτελεῖτο
1634 1129 1742 1172 κατὰ

308 1195 475 1253 γνώμην
510 1200 688 1251 βασιλεῖ.
754 1199 1054 1251 διαλεγομένων
1080 1196 1161 1253 γὰρ
1190 1199 1273 1239 τῶν
1301 1199 1515 1251 πρεσβέων
1541 1199 1600 1255 τῷ
1627 1196 1744 1256 mimia
1765 1197 1799 1239 1⁷!

311 1263 411 1317 περὶ
445 1257 503 1304 ὧν
546 1256 661 1317 ἧκον,
703 1264 855 1312 ἐκεῖνος
891 1262 961 1304 τὸν
1001 1261 1118 1317 λόγον
1147 1261 1382 1317 α’ναλαβών,
1410 1260 1544 1306 πάντα
1574 1265 1753 1318 διηγεῖτο

275 1329 524 1383 Βοῖκριβῶς,
567 1325 704 1383 ὥσπερ
748 1324 799 1370 ἂν
840 1327 966 1377 αὐτὸς
993 1326 1140 1383 παρών
1168 1330 1244 1371 τοῦ
1271 1331 1454 1382 πολέμου
1484 1330 1752 1382 τελουμένου.

313 1393 620 1447 θαυμαζόντων
654 1396 700 1436 δὲ
738 1397 820 1437 ’τῶν
850 1395 1067 1450 πρεσβέων
1094 1397 1166 1436 καί
1194 1397 1535 1449 πυνθανομένων,
1567 1391 1667 1437 ὅθεν
1695 1395 1755 1437 εἶ-

179 1461 406 1514 v.5881521'27
434 1462 565 1502 ταῦτα
595 1460 818 1516 ἀσφαλῶς,
853 1459 967 1515 παρὰ
995 1460 1224 1513 Ζαμπαίας
1253 1462 1325 1515 τῆς
1354 1460 1398 1502 ἔκ
1426 1463 1619 1515 Σαβωῖας
1648 1460 1755 1518 ἔφα-

313 1540 408 1567 σκεν
445 1524 665 1580 ἀκηκοέναι
699 1527 886 1580 βασιλίδι
922 1526 1226 1582 συμπαρούσης
1254 1528 1299 1568 ὲν
1328 1528 1551 1585 Βυζαντίῳ
1579 1528 1654 1569 a’n’
1680 1528 1800 1583 ‹ip-2³

309 1592 391 1645 χῆς
419 1587 605 1642 μάλιστα
640 1594 716 1633 τοῦ
744 1590 926 1644 πολέμου
961 1587 1062 1647 ἄχρι
1089 1593 1259 1642 τέλους·
1306 1591 1334 1647 ἢ
1360 1592 1465 1646 μετὰ
1495 1592 1541 1634 τό
1576 1593 1757 1647 βασιλέα

313 1656 551 1708 Βυζάντιον
587 1655 718 1711 ἑλεῖν,
748 1655 988 1710 ἅπαίρουσα
1022 1659 1081 1707 εἰς
1105 1657 1179 1713 την
1208 1660 1382 1711 οἰκείαν,
1416 1657 1550 1701 πάντα
1579 1661 1757 1714 διηγεῖτο
1787 1665 1793 1677 ”

313 1721 497 1777 ἀκριβῶς
525 1724 583 1779 τῷ
604 1722 722 1781 πάπᾳ
749 1726 1032 1778 συντυχοῦσα,
1061 1724 1118 1773 ὥς
1146 1726 1317 1778 ἐγένετο,
1348 1726 1481 1780 μηδὲν
1507 1723 1758 1781 α’ποκρόψα-

313 1802 371 1829 σα
409 1787 482 1843 τῆς
525 1784 741 1844 ἀληθείας.
799 1788 942 1848 ἐπῄνει
967 1804 1016 1832 τε»
1043 1789 1064 1833 ὃ
1091 1787 1232 1840 πάπας
1258 1794 1436 1846 βασιλέα
1472 1794 1547 1834 καί
1570 1790 1757 1848 ὗπερηύ-
1795 1803 1800 1818 ·

407 1876 440 1910 6.
468 1876 532 1909 καὶ
557 1876 689 1922 φθορᾷ
714 1886 782 1908 om.
808 1877 842 1910 P.
939 1887 994 1912 22.
1018 1876 1144 1912 οἰκίαν
1169 1878 1204 1912 Ρ.

314 1962 458 1996 nempe,
475 1950 574 1986 bello
594 1959 794 1997 premente,
813 1956 1016 1988 necessario
1033 1954 1072 1987 id
1090 1954 1232 1996 secisse,
1256 1966 1331 1990 non
1346 1956 1445 2002 quod
1465 1958 1756 1993 communionem
1786 1951 1796 1981 Ῐ

314 1998 549 2032 barbarorum
563 2000 852 2043 amplecteretur.
887 2001 1030 2034 Deinde
1049 2001 1212 2046 rogabat,
1237 2014 1342 2047 quam
1363 2006 1439 2048 ipse
1453 2016 1545 2050 papa
1560 2011 1597 2038 et
1623 2016 1702 2039 cum
1722 2017 1766 2041 eo
1792 2022 1800 2046 μ’

316 2045 444 2077 Italiae
472 2049 508 2076 et
523 2046 720 2079 occidentis
746 2047 929 2092 principes
952 2052 1075 2081 contra
1096 2048 1268 2081 barbaros
1294 2052 1406 2084 crucis
1423 2050 1542 2084 hostes
1561 2052 1766 2097 expeditio-

313 2102 398 2124 nem
413 2090 580 2124 meditati
595 2098 726 2132 essent,
744 2104 780 2125 se
799 2105 895 2127 nnnc
910 2094 1129 2139 imperatore
1146 2096 1379 2140 susciperent.
1406 2098 1600 2131 Plurimum
1617 2100 1712 2132 enim
1727 2111 1766 2134 se

316 2137 463 2169 illorum
489 2143 589 2181 peste
614 2145 650 2171 et
665 2140 913 2173 internecione
934 2142 1072 2180 laetari,
1101 2152 1211 2186 seque
1235 2142 1436 2177 adiutorem
1460 2144 1538 2178 fore
1554 2147 1764 2187 maximum,
1798 2155 1800 2157 ’

314 2193 389 2216 non
404 2184 519 2216 solum
534 2186 721 2222 transitum
740 2186 950 2230 expeditum
966 2189 1140 2221 exercitui
1156 2189 1315 2222 inAsiam
1332 2190 1563 2225 concedendo
1577 2218 1586 2233 ‚
1609 2193 1671 2227 sed
1686 2204 1767 2226 cum

317 2229 390 2262 suis
405 2240 550 2275 quoque
564 2232 677 2274 copiis
692 2232 950 2276 proficiscendo
976 2239 1013 2267 et
1042 2246 1110 2267 una
1127 2241 1307 2268 certamen
1323 2238 1454 2281 cupide
1469 2239 1650 2272 obeundo.
1666 2239 1756 2274 Aliis

317 2275 416 2308 enim
441 2278 697 2321 praerogativis
723 2279 1008 2312 antecessoribus
1036 2282 1107 2314 suis
1132 2283 1408 2326 imperatoribus
1433 2285 1674 2320 libentissime
1699 2297 1757 2318 ce-
1795 2316 1797 2322 Α

318 2320 427 2362 dere,
463 2323 649 2358 alacritate
675 2330 794 2364 autem
817 2325 861 2357 ad
887 2337 941 2358 res
967 2327 1135 2362 honestas
1170 2334 1207 2361 et
1242 2329 1423 2364 desiderio
1457 2332 1603 2366 videndi
1629 2332 1759 2367 barba·
1789 2332 1791 2334 ’

317 2379 374 2401 ros
400 2367 524 2401 eadem
557 2371 652 2414 pati,
688 2382 782 2416 quae
808 2371 1022 2416 Christianis
1059 2379 1130 2407 tam
1157 2374 1218 2408 diu
1243 2377 1382 2410 nefarie
1407 2379 1637 2421 intulissent,
1664 2380 1757 2414 nulli

319 2414 457 2448 cedere.
520 2416 667 2461 Legatio
701 2419 752 2451 ita
783 2429 821 2451 se
853 2417 1031 2458 habebat,
1065 2426 1101 2453 et
1129 2422 1232 2455 ibant
1255 2433 1299 2456 ex
1322 2427 1503 2459 sententia
1530 2426 1757 2470 imperatoris
1795 2430 1800 2443 “·

318 2462 449 2494 omnia.
500 2462 589 2495 Cum
623 2464 719 2497 enim
743 2465 852 2508 legati
878 2466 1130 2509 exposuissent
1152 2480 1286 2513 papae,
1325 2483 1479 2518 quorum
1511 2474 1625 2516 gratia
1648 2483 1758 2507 vene·
1795 2470 1800 2490 “·

318 2513 411 2548 rant,
436 2508 500 2542 ille
525 2520 683 2548 exorsus,
708 2513 828 2544 omnia
858 2511 952 2545 bello
981 2519 1079 2558 gesta
1104 2520 1176 2548 tam
1201 2521 1337 2558 exacte,
1366 2529 1473 2562 quam
1498 2520 1527 2552 si
1554 2529 1672 2553 coram
1703 2520 1757 2552 af-

318 2553 472 2594 fuisset,
507 2557 727 2589 recensebat.
789 2558 1004 2592 Mirantibus
1036 2560 1160 2603 legatis
1199 2572 1239 2597 ac
1277 2565 1619 2608 percunctantibus,
1657 2565 1756 2600 unde

319 2599 409 2633 haec
435 2601 490 2635 illi
516 2607 588 2634 tam
614 2609 709 2636 certa
734 2604 880 2646 notitia,
902 2616 922 2637 a
946 2606 1129 2649 Zampaea,
1155 2607 1395 2648 Sabaudiensi
1421 2611 1567 2652 femina,
1597 2623 1691 2656 quae
1715 2612 1756 2646 in
1792 2636 1793 2639 η

325 2647 495 2681 comitatu
521 2648 756 2693 imperatricis
782 2650 868 2684 inde
896 2650 941 2683 ab
968 2652 1115 2685 exordio
1144 2653 1235 2688 belli
1260 2667 1374 2700 usque
1399 2657 1445 2688 ad
1461 2663 1658 2691 extremum
1678 2669 1756 2693 ver-
1794 2654 1800 2683 '-

320 2697 396 2726 sata
413 2699 519 2735 esset,
543 2706 580 2728 se
594 2698 772 2741 accepisse
789 2697 905 2731 dixit:
934 2709 1039 2743 quae,
1067 2705 1170 2743 capto
1197 2701 1381 2744 Byzantio,
1408 2704 1445 2736 in
1471 2706 1623 2748 patriam
1648 2706 1756 2738 remi·
1792 2706 1800 2732 ὃ

321 2749 437 2784 grans,
467 2742 610 2787 penitus
628 2744 747 2777 omnia
772 2743 843 2777 sibi
865 2744 918 2778 uti
940 2746 1190 2790 contigissent,
1214 2746 1407 2792 diligenter
1427 2756 1647 2786 enarrasset:
1676 2753 1755 2786 lau·
1791 2742 1800 2794 ξ
