1794 3158
419 156 494 199 An
530 156 905 202 CANTAcUzE-Ni
943 161 1042 202 Lm.
1069 163 1102 200 1.
1365 143 1482 211 435

152 258 367 314 Pag.224,
391 275 425 304 1.
454 261 495 302 εἰ
523 257 661 316 τύχοι,
693 261 950 317 προσβάλλοι
975 266 1036 305 Μ.
1058 276 1138 318 mg.
1163 275 1236 318 pro
1264 261 1483 324 ἐπίθηται,

43 314 86 356 εἰ
113 309 255 365 τύχοι.

151 370 258 424 Pag.
277 369 374 424 224,
399 371 464 415 13.
491 371 663 428 ἐμαυτῷ
689 380 798 414 recte
829 374 887 415 M.

148 424 360 479 Pag.225‚
382 427 420 476 4.
448 424 555 478 ὖπὲρ
589 429 646 467 Μ.
671 443 844 483 quoque.

148 479 420 534 Pag.226‚6.
448 491 682 538 quatuor
713 493 762 522 et
790 483 1011 535 viginti.
1068 486 1267 540 Gregoras
1283 486 1395 527 hunc
1427 487 1483 528 lo-

31 544 132 574 ‘cum
159 537 406 590 negligenter
438 539 638 577 tractavit·
693 538 822 589 Duos,
851 540 998 592 inquit,
1033 551 1240 593 senatores,
1265 543 1364 583 duos
1387 557 1486 598 pon-

32 592 175 647 (ssew,
205 593 302 631 duos
328 593 484 631 selectos
528 593 745 632 sacerdotes
773 601 813 632 et
846 602 1018 648 quatuor
1043 596 1198 636 selectos
1227 611 1248 637 e
1276 599 1393 652 plebe
1426 595 1488 637 ad

32 660 123 688 eum
148 647 265 690 misit.
322 648 472 687 Decem
499 647 682 687 homines
713 655 913 698 numerat,
946 663 1039 688 cum
1066 659 1203 691 noster
1240 653 1292 692 ad
1319 654 1485 708 triginta

38 709 238 742 numeret.
265 716 441 742 PONTAN.

141 756 359 811 Pag.226‚
375 757 413 799 8.
449 751 471 795 ὅ
500 764 591 797 ante
621 757 810 805 Κλειὸᾶς
839 758 894 797 Μ.
925 773 1047 812 supra
1076 758 1242 802 lineam.

145 811 245 865 Pag.
267 811 362 862 226,
381 826 441 854 12.
471 813 545 852 καί
569 813 642 866 τῆς
672 806 785 860 ὄντος
814 813 969 867 σοφίας
998 806 1129 866 ἄκροις
1161 815 1482 869 ἐπειλημμένος.

33 865 178 906 Viden'
207 869 339 906 Deum
367 868 567 907 nominari
600 862 673 907 τὸν
714 861 850 908 fibra?
877 869 1001 922 idque
1037 872 1275 910 auctoritate
1316 881 1478 914 sanctae

32 920 274 974 Scripturae.
329 922 430 961 Nam
457 923 585 963 Exod.
629 937 717 976 cap.
734 923 772 963 5.
819 937 912 963 cum
943 926 1159 978 quaesisset
1186 940 1209 964 a
1236 927 1325 966 Deo
1352 929 1485 968 Moses

32 976 85 1015 ed
114 977 216 1016 filios
245 977 370 1016 Israel
397 978 640 1018 mittendus:
673 978 723 1016 Si
732 978 935 1018 *dixerint
965 980 1088 1029 mihi,
1115 981 1224 1035 quod
1252 990 1311 1020 esc
1341 996 1484 1023 nomen

29 1033 144 1071 eius?
177 1031 280 1089 qaid
305 1033 438 1072 dicam
469 1034 526 1072 eis
544 1038 564 1072 Ρ
590 1033 746 1073 audivit
770 1047 1029 1087 responsum:
1058 1035 1150 1087 Ego
1177 1050 1262 1075 sum
1283 1038 1355 1091 qui
1380 1052 1480 1077 sum.

26 1086 92 1126 'Et
111 1089 182 1137 ait,
215 1089 271 1127 sic
303 1088 407 1127 dices
413 1088 526 1144 filiis
549 1089 683 1127 Israc'l
695 1118 707 1138 ,
738 1090 814 1154 ¹qui
834 1099 918 1140 est,
959 1090 1068 1128 misit
1104 1104 1168 1128 me
1198 1091 1257 1129 ad
1292 1106 1377 1136 υοε.
1434 1094 1484 1133 In

31 1142 295 1196 Septuaginta
324 1150 411 1182 est:
443 1139 523 1194 ἐγώ
552 1143 640 1193 εἰμι
670 1141 692 1182 ὁ
722 1157 794 1186 ων.
845 1144 918 1183 καί
942 1138 1068 1192 εἶπεν·
1101 1139 1232 1192 οὕτως
1263 1145 1374 1197 ἐρεῖς
1400 1150 1486 1194 τοῖς

30 1193 142 1244 υἱοῖς
167 1192 346 1250 Ἰσραήλ·
375 1193 396 1237 ὃ
424 1192 484 1238 ὢν
513 1193 743 1238 οἷπὲσταλκέ
770 1211 824 1248 με
866 1194 972 1252 πρὸς
999 1196 1126 1248 ὑμᾶς,
1181 1201 1331 1240 Seneca
1369 1203 1483 1254 epist.

29 1251 97 1293 58.
124 1248 172 1292 τὸ
209 1246 256 1292 ὃν
285 1267 367 1292 non
397 1255 491 1293 satis
519 1254 622 1293 bene
649 1254 763 1295 reddi
792 1260 906 1306 putat
933 1254 1042 1308 quod
1067 1262 1144 1293 est.-
1180 1256 1291 1307 quia,
1332 1256 1481 1310 inquit,

27 1321 148 1360 cogor
172 1308 331 1347 verbum
356 1323 434 1363 pro
464 1309 653 1348 vocabalo
681 1323 843 1364 ponere.
901 1309 1012 1347 Idem
1039 1310 1282 1349 censendum
1312 1309 1362 1349 de
1382 1326 1482 1351 voce

29 1362 166 1414 virili3
206 1377 300 1401 nam
331 1363 472 1403 melius
511 1364 660 1402 dicitur
687 1365 798 1403 Deus
842 1356 901 1402 ὢν
942 1365 1123 1414 Graece,
1165 1378 1288 1418 quam
1328 1368 1400 1420 qui
1429 1375 1486 1407 esc

29 1417 185 1458 Latine.
242 1419 419 1458 Iustinus
446 1419 605 1473 Martyr
624 1419 792 1461 ›Exhort.
821 1418 873 1458 ad
900 1426 1035 1472 gentes
1064 1419 1180 1458 docet
1203 1420 1372 1470 erudite,
1406 1435 1479 1460 cur

28 1472 139 1512 Deus
167 1473 335 1528 Moysen
361 1474 413 1513 ad
444 1474 648 1513 Hebraeos
677 1476 839 1514 mittens
881 1488 926 1513 ac
953 1474 1002 1513 de
1030 1488 1071 1512 sc
1092 1473 1285 1528 loquens,
1313 1476 1479 1527 partici-

27 1529 95 1584 pio
139 1542 235 1568 usus
277 1531 353 1577 sit,
398 1536 438 1568 et
479 1528 661 1568 Platonis
700 1526 746 1568 τὸ
789 1522 838 1568 ὃν
870 1543 963 1568 cum
1007 1529 1131 1569 Mosis
1165 1525 1188 1567 ὅ
1221 1523 1280 1570 ὢν
1308 1530 1478 1571 confert.

26 1594 203 1626 Fon-un.
227 1584 360 1623 'Recte
387 1584 433 1625 P.
468 1576 608 1630 ὄντως.
645 1584 735 1624 vid.
759 1599 797 1637 p.
828 1582 922 1638 547,
952 1598 992 1637 9.

140 1638 247 1692 Pag.
266 1639 363 1691 226,
384 1639 449 1678 25.
479 1638 519 1678 δ’
546 1636 567 1677 ὃ
597 1637 921 1691 ἅρχιεπίσκοπος
949 1640 1007 1679 Μ.

137 1693 240 1746 Pag.
262 1708 359 1748 227,
381 1693 418 1733 5.
447 1691 628 1746 ἠξίωσας
658 1695 714 1732 Μ.

138 1747 243 1802 Pag.
260 1762 311 1788 22
345 1779 356 1796 ‚
383 1750 445 1788 13.
473 1748 531 1794 εἰς
561 1742 692 1788 αὐτὸν
720 1747 898 1799 βασιλέα
925 1748 984 1788 Μ.

138 1802 240 1857 Pag.
259 1764 352 1854 22ἔ,
371 1803 407 1843 5.
435 1798 577 1842 λοιπὸν
606 1797 656 1855 ἦν
686 1797 714 1854 ἢ
744 1805 801 1842 Μ.

138 1858 241 1913 Pag.
261 1872 357 1912 229,
381 1872 441 1901 12.
485 1859 849 1898 accusationis
878 1859 1073 1914 capita.
1128 1857 1227 1898 Tria
1263 1860 1479 1914 praecipua

24 1921 205 1953 recenset
237 1914 452 1968 Gregoras,
485 1927 588 1967 quae
615 1920 751 1953 tamen
780 1927 862 1953 non
893 1914 1037 1967 Rhegii
1065 1928 1089 1953 a
1115 1913 1254 1967 legatis
1295 1929 1365 1954 seu
1406 1916 1478 1955 de-

26 1966 139 2009 lectis
167 1968 246 2008 illis
264 1999 276 2019 ‚
307 1969 377 2009 sed
403 1971 446 2008 in
472 1969 605 2008 medio
634 1969 776 2008 itinere
802 1969 854 2008 ab
883 1970 932 2008 iis
959 1970 1115 2008 obiecta
1143 1971 1246 2020 sint,
1285 1983 1386 2023 quos
1415 1984 1479 2010 se-

26 2024 118 2063 nior
145 2025 308 2064 miserat
331 2054 343 2075 ‚
389 2031 435 2063 ut
463 2024 498 2063 ei
527 2025 638 2063 urbis
678 2026 857 2076 ingressu
898 2025 1196 2064 interdicerent.
1252 2025 1314 2064 Ea
1360 2030 1478 2066 vocat

23 2080 251 2119 occasiones
275 2081 385 2134 rupti
420 2078 607 2122 Foederis.
665 2079 761 2119 Una
780 2109 792 2130 ‚
829 2079 939 2133 quod
972 2080 1225 2132 imperatoris
1254 2082 1479 2132 quaestori—

25 2132 102 2174 bus
128 2135 316 2174 omnibus
348 2136 560 2190 pecuniam
588 2136 796 2187 eripuisset
814 2164 825 2185 ,
869 2135 984 2175 cuius
1012 2148 1222 2188 nunquam
1250 2137 1378 2174 maior
1405 2149 1476 2189 pe·

24 2190 144 2229 nuria
174 2190 339 2242 fuisset,
385 2204 479 2230 cum
510 2204 557 2229 ea
597 2197 726 2230 essent
765 2197 948 2243 tempora
970 2219 981 2240 ‚
1011 2204 1116 2243 quae
1156 2189 1210 2229 ob
1239 2190 1479 2230 divisionem

27 2243 181 2298 ‘mperii
208 2253 392 2300 sumptus
420 2247 613 2284 maximos
641 2245 904 2298 postularent.
961 2245 1119 2295 Altera,
1138 2245 1261 2298 quod,
1284 2259 1307 2284 a
1326 2260 1368 2284 se
1389 2247 1481 2285 mis-

43 2299 77 2339 is
104 2299 268 2339 urbium
296 2301 518 2341 rectoribus
548 2302 681 2340 eiectis
699 2330 712 2353 ,
753 2299 852 2340 alios
877 2314 950 2340 suo
991 2301 1189 2340 arbitratu
1217 2301 1273 2339 ibi
1304 2300 1478 2339 colloca-

25 2361 103 2394 ret.
159 2355 312 2406 Tertia,
341 2356 450 2410 quod
465 2356 715 2404 Crzssacnam,
749 2357 916 2396 amitam
954 2370 1069 2396 suam
1097 2363 1136 2395 et
1165 2357 1386 2395 monastico
1414 2354 1478 2394 in-

25 2409 167 2449 dutam
195 2410 356 2462 habitu,
387 2411 662 2464 indignantem
690 2418 730 2451 et
758 2411 1021 2451 reluctantem
1043 2441 1055 2463 ‚
1092 2410 1143 2451 ad
1170 2412 1365 2450 incestum
1393 2411 1478 2448 coi-

26 2470 115 2504 tum
143 2466 412 2519 compulisset.
472 2466 581 2506 Haec
607 2481 632 2507 a
656 2474 795 2507 nostra
821 2466 1005 2519 historia,
1040 2466 1151 2521 quod
1180 2466 1314 2517 vides,
1343 2464 1475 2518 pluri·-

26 2532 142 2561 mum
170 2521 420 2562 dissentiunt.
450 2535 622 2565 rosus.
1163 2520 1172 2530 '

143 2574 362 2630 Pag.229,
386 2577 446 2617 16.
486 2578 745 2628 infirma,
787 2578 1022 2618 incerta.
1078 2576 1235 2615 Iudicat
1262 2574 1340 2613 hoc
1369 2572 1476 2613 idem

30 2629 242 2683 Gregoras.
301 2630 565 2679 Accedebant,
596 2634 741 2686 inquit,
770 2643 808 2672 ct
834 2635 940 2672 aliae
958 2646 1113 2681 causae,
1139 2639 1303 2685 propter
1329 2642 1425 2684 quas
1440 2627 1478 2666 ci

25 2685 139 2791 erss
173 2686 346 2737 ingressu
368 2688 628 2741 interdiceret,
655 2688 858 2742 plurimae
884 2690 980 2729 illac
1008 2687 1184 2742 quidem,
1211 2685 1282 2723 scd
1310 2698 1387 2722 non
1418 2683 1477 2722 ita

48 2753 185 2781 mnae.
227 2754 396 2780 ponus.
