<?xml version="1.0" encoding="UTF-8"?>
<!DOCTYPE html PUBLIC "-//W3C//DTD XHTML 1.0 Transitional//EN"
    "http://www.w3.org/TR/xhtml1/DTD/xhtml1-transitional.dtd">
<html xmlns="http://www.w3.org/1999/xhtml" xml:lang="en" lang="en">
 <head>
  <title>
</title>
<meta http-equiv="Content-Type" content="text/html;charset=utf-8" />
  <meta name='ocr-system' content='tesseract 3.04.00' />
  <meta name='ocr-capabilities' content='ocr_page ocr_carea ocr_par ocr_line ocrx_word'/>
</head>
<body>
  <div class='ocr_page' id='page_1' title='image "./corpusscriptorum25niebuoft_0134.png"; bbox 0 0 1800 3164; ppageno 0'>
   <div class='ocr_carea' id='block_1_1' title="bbox 323 169 1222 235">
    <p class='ocr_par' dir='ltr' id='par_1_1' title="bbox 323 169 1222 235">
     <span class='ocr_line' id='line_1_1' title="bbox 323 169 1222 235; baseline -0.001 -12"><span class='ocrx_word' id='word_1_1' title='bbox 323 188 340 223; x_wconf 80' lang='grc' dir='ltr'><em>ι</em></span> <span class='ocrx_word' id='word_1_2' title='bbox 357 169 427 235; x_wconf 72' lang='lat'><em>24</em></span> <span class='ocrx_word' id='word_1_3' title='bbox 851 182 1222 226; x_wconf 75' lang='lat' dir='ltr'><strong>CANTAcqum</strong></span> 
     </span>
    </p>
   </div>
   <div class='ocr_carea' id='block_1_2' title="bbox 99 276 1800 1857">
    <p class='ocr_par' dir='ltr' id='par_1_2' title="bbox 99 276 1795 866">
     <span class='ocr_line' id='line_1_2' title="bbox 99 276 1758 342; baseline -0.001 -15"><span class='ocrx_word' id='word_1_4' title='bbox 99 294 136 327; x_wconf 83' lang='grc' dir='ltr'><em>Α.</em></span> <span class='ocrx_word' id='word_1_5' title='bbox 154 293 192 329; x_wconf 91' lang='lat' dir='ltr'><em>C.</em></span> <span class='ocrx_word' id='word_1_6' title='bbox 210 295 294 330; x_wconf 84' lang='grc' dir='ltr'><em>ι35ο</em></span> <span class='ocrx_word' id='word_1_7' title='bbox 309 290 459 329; x_wconf 72' lang='grc' dir='ltr'><em>κεσθαι</em></span> <span class='ocrx_word' id='word_1_8' title='bbox 487 289 572 335; x_wconf 87' lang='grc' dir='ltr'><em>τοῖς</em></span> <span class='ocrx_word' id='word_1_9' title='bbox 600 288 825 339; x_wconf 83' lang='grc' dir='ltr'><em>πολεμίοις.</em></span> <span class='ocrx_word' id='word_1_10' title='bbox 882 284 980 333; x_wconf 82' lang='grc' dir='ltr'><em>τοὺς</em></span> <span class='ocrx_word' id='word_1_11' title='bbox 1030 285 1075 325; x_wconf 78' lang='grc' dir='ltr'><em>δὲ</em></span> <span class='ocrx_word' id='word_1_12' title='bbox 1130 286 1203 325; x_wconf 83' lang='grc' dir='ltr'><em>καί</em></span> <span class='ocrx_word' id='word_1_13' title='bbox 1226 281 1347 336; x_wconf 86' lang='grc' dir='ltr'><em>μόνοι</em></span> <span class='ocrx_word' id='word_1_14' title='bbox 1375 276 1530 338; x_wconf 74' lang='grc' dir='ltr'><em>ἤρκουν</em></span> <span class='ocrx_word' id='word_1_15' title='bbox 1558 284 1758 342; x_wconf 51' lang='lat' dir='ltr'><em>‹lamp-9612·</em></span> 
     </span>
     <span class='ocr_line' id='line_1_3' title="bbox 307 343 1755 409; baseline -0.003 -15"><span class='ocrx_word' id='word_1_16' title='bbox 307 369 395 409; x_wconf 87' lang='grc' dir='ltr'><em>ρειν</em></span> <span class='ocrx_word' id='word_1_17' title='bbox 427 351 466 394; x_wconf 84' lang='grc' dir='ltr'><em>οἱ</em></span> <span class='ocrx_word' id='word_1_18' title='bbox 496 351 705 407; x_wconf 78' lang='grc' dir='ltr'><em>ἐγχώριοι.</em></span> <span class='ocrx_word' id='word_1_19' title='bbox 765 350 821 398; x_wconf 78' lang='grc' dir='ltr'><em>ὥς</em></span> <span class='ocrx_word' id='word_1_20' title='bbox 848 349 925 404; x_wconf 85' lang='grc' dir='ltr'><em>γὰρ</em></span> <span class='ocrx_word' id='word_1_21' title='bbox 956 344 1135 405; x_wconf 70' lang='grc' dir='ltr'><em>ᾔσθοντο</em></span> <span class='ocrx_word' id='word_1_22' title='bbox 1178 348 1292 391; x_wconf 79' lang='grc' dir='ltr'><em>ἔνδον</em></span> <span class='ocrx_word' id='word_1_23' title='bbox 1323 343 1422 390; x_wconf 74' lang='grc' dir='ltr'><em>ὅντα</em></span> <span class='ocrx_word' id='word_1_24' title='bbox 1453 351 1655 401; x_wconf 80' lang='grc' dir='ltr'><em>βασιλέα,</em></span> <span class='ocrx_word' id='word_1_25' title='bbox 1683 350 1755 403; x_wconf 79' lang='grc' dir='ltr'><em>τῆς</em></span> 
     </span>
     <span class='ocr_line' id='line_1_4' title="bbox 304 414 1754 476; baseline -0.004 -14"><span class='ocrx_word' id='word_1_26' title='bbox 304 421 518 476; x_wconf 72' lang='grc' dir='ltr'><em>εὐφημίας</em></span> <span class='ocrx_word' id='word_1_27' title='bbox 556 421 660 460; x_wconf 80' lang='grc' dir='ltr'><em>πᾶσι</em></span> <span class='ocrx_word' id='word_1_28' title='bbox 689 414 884 471; x_wconf 79' lang='grc' dir='ltr'><em>ποιούσης</em></span> <span class='ocrx_word' id='word_1_29' title='bbox 914 416 1068 471; x_wconf 74' lang='grc' dir='ltr'><em>δῆλον,</em></span> <span class='ocrx_word' id='word_1_30' title='bbox 1105 417 1297 458; x_wconf 76' lang='grc' dir='ltr'><em>ἐπέθεντο</em></span> <span class='ocrx_word' id='word_1_31' title='bbox 1330 416 1481 457; x_wconf 70' lang='grc' dir='ltr'><em>αὐτίκα</em></span> <span class='ocrx_word' id='word_1_32' title='bbox 1518 418 1754 469; x_wconf 85' lang='grc' dir='ltr'><em>Τριβαλοῖς,</em></span> 
     </span>
     <span class='ocr_line' id='line_1_5' title="bbox 303 477 1754 537; baseline -0.004 -11"><span class='ocrx_word' id='word_1_33' title='bbox 303 484 377 526; x_wconf 81' lang='grc' dir='ltr'><em>καί</em></span> <span class='ocrx_word' id='word_1_34' title='bbox 403 484 455 526; x_wconf 80' lang='grc' dir='ltr'><em>τοί</em></span> <span class='ocrx_word' id='word_1_35' title='bbox 473 500 515 526; x_wconf 89' lang='grc' dir='ltr'><em>τε</em></span> <span class='ocrx_word' id='word_1_36' title='bbox 546 479 645 526; x_wconf 70' lang='grc' dir='ltr'><em>ὄντα</em></span> <span class='ocrx_word' id='word_1_37' title='bbox 676 481 906 537; x_wconf 74' lang='grc' dir='ltr'><em>διήρπαζον</em></span> <span class='ocrx_word' id='word_1_38' title='bbox 927 514 939 534; x_wconf 95' lang='grc'><em>,</em></span> <span class='ocrx_word' id='word_1_39' title='bbox 971 483 1042 523; x_wconf 82' lang='grc' dir='ltr'>καί</span> <span class='ocrx_word' id='word_1_40' title='bbox 1069 480 1379 534; x_wconf 73' lang='grc' dir='ltr'><em>συνελάμβανον</em></span> <span class='ocrx_word' id='word_1_41' title='bbox 1406 478 1452 521; x_wconf 86' lang='grc' dir='ltr'><em>εἴ</em></span> <span class='ocrx_word' id='word_1_42' title='bbox 1473 495 1554 522; x_wconf 89' lang='grc' dir='ltr'><em>που</em></span> <span class='ocrx_word' id='word_1_43' title='bbox 1584 477 1754 535; x_wconf 76' lang='grc' dir='ltr'><em>περιτύ-</em></span> 
     </span>
     <span class='ocr_line' id='line_1_6' title="bbox 300 544 1795 605; baseline -0.003 -14"><span class='ocrx_word' id='word_1_44' title='bbox 300 551 418 604; x_wconf 84' lang='grc' dir='ltr'><em>χοιέν</em></span> <span class='ocrx_word' id='word_1_45' title='bbox 450 566 542 595; x_wconf 89' lang='grc' dir='ltr'><em>τινι.</em></span> <span class='ocrx_word' id='word_1_46' title='bbox 601 547 639 590; x_wconf 82' lang='grc' dir='ltr'><em>οἱ</em></span> <span class='ocrx_word' id='word_1_47' title='bbox 674 546 876 603; x_wconf 79' lang='grc' dir='ltr'><em>Τριβαλοί</em></span> <span class='ocrx_word' id='word_1_48' title='bbox 913 549 959 589; x_wconf 75' lang='grc' dir='ltr'><em>δὲ</em></span> <span class='ocrx_word' id='word_1_49' title='bbox 991 547 1085 590; x_wconf 73' lang='grc' dir='ltr'><em>ἐπεῖ</em></span> <span class='ocrx_word' id='word_1_50' title='bbox 1109 547 1342 605; x_wconf 66' lang='grc' dir='ltr'><em>ᾐσθάνοντο</em></span> <span class='ocrx_word' id='word_1_51' title='bbox 1373 544 1606 588; x_wconf 74' lang='grc' dir='ltr'><em>ἑαλωκυῖαν</em></span> <span class='ocrx_word' id='word_1_52' title='bbox 1642 545 1795 602; x_wconf 38' lang='lat' dir='ltr'><strong>Beki-52</strong></span> 
     </span>
     <span class='ocr_line' id='line_1_7' title="bbox 301 608 1756 671; baseline -0.003 -14"><span class='ocrx_word' id='word_1_53' title='bbox 301 614 451 671; x_wconf 74' lang='grc' dir='ltr'><em>ῥοιαν,</em></span> <span class='ocrx_word' id='word_1_54' title='bbox 494 616 638 670; x_wconf 78' lang='grc' dir='ltr'><em>πρῶτα</em></span> <span class='ocrx_word' id='word_1_55' title='bbox 670 614 748 667; x_wconf 81' lang='grc' dir='ltr'><em>μὲν</em></span> <span class='ocrx_word' id='word_1_56' title='bbox 788 614 860 656; x_wconf 75' lang='grc' dir='ltr'><em>ἐπὶ</em></span> <span class='ocrx_word' id='word_1_57' title='bbox 893 612 988 663; x_wconf 74' lang='grc' dir='ltr'><em>τούς</em></span> <span class='ocrx_word' id='word_1_58' title='bbox 1025 608 1232 669; x_wconf 74' lang='grc' dir='ltr'><em>ἄρχοντας</em></span> <span class='ocrx_word' id='word_1_59' title='bbox 1265 614 1462 655; x_wconf 75' lang='grc' dir='ltr'><em>συνέθεον</em></span> <span class='ocrx_word' id='word_1_60' title='bbox 1490 611 1756 665; x_wconf 73' lang='grc' dir='ltr'><em>πανταχόθεν</em></span> 
     </span>
     <span class='ocr_line' id='line_1_8' title="bbox 300 673 1756 735; baseline -0.003 -12"><span class='ocrx_word' id='word_1_61' title='bbox 300 683 572 734; x_wconf 77' lang='grc' dir='ltr'><em>ὠπλισμένοι,</em></span> <span class='ocrx_word' id='word_1_62' title='bbox 612 679 669 730; x_wconf 75' lang='grc' dir='ltr'><em>ὥς</em></span> <span class='ocrx_word' id='word_1_63' title='bbox 714 676 743 734; x_wconf 78' lang='grc' dir='ltr'><em>ἢ</em></span> <span class='ocrx_word' id='word_1_64' title='bbox 769 678 1066 733; x_wconf 66' lang='grc' dir='ltr'><em>ἀμυνούμενοι,</em></span> <span class='ocrx_word' id='word_1_65' title='bbox 1103 676 1153 720; x_wconf 74' lang='grc' dir='ltr'><em>ἂν</em></span> <span class='ocrx_word' id='word_1_66' title='bbox 1188 679 1279 735; x_wconf 79' lang='grc' dir='ltr'><em>ἐξῇ,</em></span> <span class='ocrx_word' id='word_1_67' title='bbox 1321 675 1347 734; x_wconf 81' lang='grc' dir='ltr'><em>ἢ</em></span> <span class='ocrx_word' id='word_1_68' title='bbox 1379 676 1455 727; x_wconf 81' lang='grc' dir='ltr'><em>τοὶς</em></span> <span class='ocrx_word' id='word_1_69' title='bbox 1492 675 1595 732; x_wconf 86' lang='grc' dir='ltr'><em>πρὸς</em></span> <span class='ocrx_word' id='word_1_70' title='bbox 1625 679 1677 734; x_wconf 82' lang='grc' dir='ltr'><em>τῇ</em></span> <span class='ocrx_word' id='word_1_71' title='bbox 1705 673 1756 719; x_wconf 81' lang='grc' dir='ltr'><em>οἷ-</em></span> 
     </span>
     <span class='ocr_line' id='line_1_9' title="bbox 299 743 1755 801; baseline -0.003 -13"><span class='ocrx_word' id='word_1_72' title='bbox 299 743 494 801; x_wconf 85' lang='grc' dir='ltr'><em>κροπόλει</em></span> <span class='ocrx_word' id='word_1_73' title='bbox 526 746 662 796; x_wconf 74' lang='grc' dir='ltr'><em>πύλας</em></span> <span class='ocrx_word' id='word_1_74' title='bbox 696 746 974 796; x_wconf 75' lang='grc' dir='ltr'><em>δίανοίξαντες</em></span> <span class='ocrx_word' id='word_1_75' title='bbox 1003 746 1360 799; x_wconf 75' lang='grc' dir='ltr'><em>α’ποδιδροίσκοιεν.</em></span> <span class='ocrx_word' id='word_1_76' title='bbox 1415 744 1499 786; x_wconf 77' lang='grc' dir='ltr'><em>τῶν</em></span> <span class='ocrx_word' id='word_1_77' title='bbox 1526 744 1755 799; x_wconf 81' lang='grc' dir='ltr'><em>βαρβάρων</em></span> 
     </span>
     <span class='ocr_line' id='line_1_10' title="bbox 300 806 1755 866; baseline -0.002 -12"><span class='ocrx_word' id='word_1_78' title='bbox 300 814 348 854; x_wconf 72' lang='grc' dir='ltr'><em>δὲ</em></span> <span class='ocrx_word' id='word_1_79' title='bbox 385 812 679 863; x_wconf 68' lang='grc' dir='ltr'><em>ἀλαλαξάντων</em></span> <span class='ocrx_word' id='word_1_80' title='bbox 715 808 874 861; x_wconf 66' lang='grc' dir='ltr'><em>ἔξωθεν</em></span> <span class='ocrx_word' id='word_1_81' title='bbox 907 813 980 865; x_wconf 85' lang='grc' dir='ltr'><em>τῆς</em></span> <span class='ocrx_word' id='word_1_82' title='bbox 1013 806 1299 866; x_wconf 71' lang='grc' dir='ltr'><em>ἀκροπόλεως,</em></span> <span class='ocrx_word' id='word_1_83' title='bbox 1338 810 1488 852; x_wconf 66' lang='grc' dir='ltr'><em>αὐτίκα</em></span> <span class='ocrx_word' id='word_1_84' title='bbox 1519 810 1658 853; x_wconf 80' lang='grc' dir='ltr'><em>πᾶσαν</em></span> <span class='ocrx_word' id='word_1_85' title='bbox 1686 811 1755 851; x_wconf 81' lang='grc' dir='ltr'><em>ἑλ-</em></span> 
     </span>
    </p>

    <p class='ocr_par' dir='ltr' id='par_1_3' title="bbox 258 873 1800 1662">
     <span class='ocr_line' id='line_1_11' title="bbox 258 873 1800 933; baseline -0.005 -12"><span class='ocrx_word' id='word_1_86' title='bbox 258 879 401 922; x_wconf 77' lang='grc' dir='ltr'><em>Οπίὸα</em></span> <span class='ocrx_word' id='word_1_87' title='bbox 430 879 640 933; x_wconf 81' lang='grc' dir='ltr'><em>σωτηρίας</em></span> <span class='ocrx_word' id='word_1_88' title='bbox 680 875 955 930; x_wconf 70' lang='grc' dir='ltr'><em>ἀπογνόντες,</em></span> <span class='ocrx_word' id='word_1_89' title='bbox 984 879 1064 919; x_wconf 77' lang='grc' dir='ltr'><em>τῶν</em></span> <span class='ocrx_word' id='word_1_90' title='bbox 1092 878 1231 919; x_wconf 77' lang='grc' dir='ltr'><em>ἵππων</em></span> <span class='ocrx_word' id='word_1_91' title='bbox 1259 874 1577 929; x_wconf 84' lang='grc' dir='ltr'><em>α’ποβαίνοντες,</em></span> <span class='ocrx_word' id='word_1_92' title='bbox 1620 873 1752 932; x_wconf 78' lang='grc' dir='ltr'><em>εἰσῄε-</em></span> <span class='ocrx_word' id='word_1_93' title='bbox 1771 885 1800 914; x_wconf 77' lang='lat' dir='ltr'><strong>u</strong></span> 
     </span>
     <span class='ocr_line' id='line_1_12' title="bbox 297 939 1752 998; baseline -0.003 -11"><span class='ocrx_word' id='word_1_94' title='bbox 297 961 377 987; x_wconf 86' lang='grc' dir='ltr'><em>σαν</em></span> <span class='ocrx_word' id='word_1_95' title='bbox 415 945 475 992; x_wconf 85' lang='grc' dir='ltr'><em>εἰς</em></span> <span class='ocrx_word' id='word_1_96' title='bbox 525 943 599 998; x_wconf 81' lang='grc' dir='ltr'><em>τὴν</em></span> <span class='ocrx_word' id='word_1_97' title='bbox 646 941 872 998; x_wconf 74' lang='grc' dir='ltr'><em>ἀκρόπολιν</em></span> <span class='ocrx_word' id='word_1_98' title='bbox 902 977 914 996; x_wconf 86' lang='grc'><em>,</em></span> <span class='ocrx_word' id='word_1_99' title='bbox 974 945 1131 993; x_wconf 79' lang='grc' dir='ltr'><em>παῖδας</em></span> <span class='ocrx_word' id='word_1_100' title='bbox 1184 941 1256 983; x_wconf 83' lang='grc' dir='ltr'><em>καί</em></span> <span class='ocrx_word' id='word_1_101' title='bbox 1307 948 1508 995; x_wconf 81' lang='grc' dir='ltr'><em>γυναῖκας</em></span> <span class='ocrx_word' id='word_1_102' title='bbox 1560 939 1752 995; x_wconf 77' lang='grc' dir='ltr'><em>ἔχοντες,</em></span> 
     </span>
     <span class='ocr_line' id='line_1_13' title="bbox 294 1001 1750 1063; baseline -0.003 -11"><span class='ocrx_word' id='word_1_103' title='bbox 294 1014 379 1052; x_wconf 78' lang='grc' dir='ltr'><em>τῶν</em></span> <span class='ocrx_word' id='word_1_104' title='bbox 411 1012 457 1052; x_wconf 76' lang='grc' dir='ltr'><em>δὲ</em></span> <span class='ocrx_word' id='word_1_105' title='bbox 495 1005 631 1052; x_wconf 69' lang='grc' dir='ltr'><em>ἄλλων</em></span> <span class='ocrx_word' id='word_1_106' title='bbox 683 1010 834 1052; x_wconf 76' lang='grc' dir='ltr'><em>ου’ὃένα</em></span> <span class='ocrx_word' id='word_1_107' title='bbox 879 1007 1001 1063; x_wconf 86' lang='grc' dir='ltr'><em>λόγον</em></span> <span class='ocrx_word' id='word_1_108' title='bbox 1028 1010 1258 1053; x_wconf 78' lang='grc' dir='ltr'><em>ἐποιοῦντο.</em></span> <span class='ocrx_word' id='word_1_109' title='bbox 1317 1001 1445 1051; x_wconf 80' lang='grc' dir='ltr'><em>ὅντων</em></span> <span class='ocrx_word' id='word_1_110' title='bbox 1474 1009 1520 1050; x_wconf 79' lang='grc' dir='ltr'><em>δὲ</em></span> <span class='ocrx_word' id='word_1_111' title='bbox 1558 1009 1750 1058; x_wconf 70' lang='grc' dir='ltr'><em>πολλῶν,</em></span> 
     </span>
     <span class='ocr_line' id='line_1_14' title="bbox 296 1070 1754 1133; baseline -0.003 -14"><span class='ocrx_word' id='word_1_112' title='bbox 296 1074 541 1133; x_wconf 81' lang='grc' dir='ltr'><em>(τριάκοντα</em></span> <span class='ocrx_word' id='word_1_113' title='bbox 570 1074 652 1131; x_wconf 78' lang='grc' dir='ltr'><em>γὰρ</em></span> <span class='ocrx_word' id='word_1_114' title='bbox 676 1070 784 1130; x_wconf 79' lang='grc' dir='ltr'><em>ἦσαν</em></span> <span class='ocrx_word' id='word_1_115' title='bbox 803 1079 883 1118; x_wconf 81' lang='grc' dir='ltr'><em>τῶν</em></span> <span class='ocrx_word' id='word_1_116' title='bbox 913 1071 1175 1130; x_wconf 76' lang='grc' dir='ltr'><em>εὐπατριδῶν</em></span> <span class='ocrx_word' id='word_1_117' title='bbox 1203 1072 1291 1128; x_wconf 82' lang='grc' dir='ltr'><em>ἅμα</em></span> <span class='ocrx_word' id='word_1_118' title='bbox 1302 1073 1468 1130; x_wconf 75' lang='grc' dir='ltr'><em>γυναιξὶ</em></span> <span class='ocrx_word' id='word_1_119' title='bbox 1493 1077 1566 1117; x_wconf 81' lang='grc' dir='ltr'>καί</span> <span class='ocrx_word' id='word_1_120' title='bbox 1582 1076 1754 1128; x_wconf 78' lang='grc' dir='ltr'><em>τέκνοις,</em></span> 
     </span>
     <span class='ocr_line' id='line_1_15' title="bbox 294 1138 1756 1198; baseline -0.002 -14"><span class='ocrx_word' id='word_1_121' title='bbox 294 1142 336 1184; x_wconf 82' lang='grc' dir='ltr'><em>οἵ</em></span> <span class='ocrx_word' id='word_1_122' title='bbox 362 1143 632 1198; x_wconf 76' lang='grc' dir='ltr'><em>στρατιωτῶν</em></span> <span class='ocrx_word' id='word_1_123' title='bbox 659 1142 808 1191; x_wconf 83' lang='grc' dir='ltr'><em>πάντες</em></span> <span class='ocrx_word' id='word_1_124' title='bbox 836 1138 989 1197; x_wconf 82' lang='grc' dir='ltr'><em>ἧρχον,</em></span> <span class='ocrx_word' id='word_1_125' title='bbox 1027 1143 1284 1197; x_wconf 82' lang='grc' dir='ltr'><em>στρατιῶται</em></span> <span class='ocrx_word' id='word_1_126' title='bbox 1313 1141 1359 1182; x_wconf 80' lang='grc' dir='ltr'><em>δὲ</em></span> <span class='ocrx_word' id='word_1_127' title='bbox 1390 1138 1654 1182; x_wconf 82' lang='grc' dir='ltr'><em>πεντακόσιοι</em></span> <span class='ocrx_word' id='word_1_128' title='bbox 1681 1141 1756 1183; x_wconf 78' lang='grc' dir='ltr'><em>καί</em></span> 
     </span>
     <span class='ocr_line' id='line_1_16' title="bbox 293 1199 1800 1264; baseline -0.001 -15"><span class='ocrx_word' id='word_1_129' title='bbox 293 1209 467 1264; x_wconf 83' lang='grc' dir='ltr'><em>χίλιοι,)</em></span> <span class='ocrx_word' id='word_1_130' title='bbox 498 1209 593 1249; x_wconf 81' lang='grc' dir='ltr'><em>ἑπεί</em></span> <span class='ocrx_word' id='word_1_131' title='bbox 626 1213 677 1249; x_wconf 70' lang='lat' dir='ltr'><em>va*</em></span> <span class='ocrx_word' id='word_1_132' title='bbox 712 1210 785 1262; x_wconf 76' lang='grc' dir='ltr'><em>τῆς</em></span> <span class='ocrx_word' id='word_1_133' title='bbox 825 1205 1089 1262; x_wconf 76' lang='grc' dir='ltr'><em>ἀκροπόλεως</em></span> <span class='ocrx_word' id='word_1_134' title='bbox 1126 1205 1243 1261; x_wconf 84' lang='grc' dir='ltr'><em>τείχη</em></span> <span class='ocrx_word' id='word_1_135' title='bbox 1293 1208 1366 1248; x_wconf 82' lang='grc' dir='ltr'><strong><em>καί</em></strong></span> <span class='ocrx_word' id='word_1_136' title='bbox 1392 1204 1431 1247; x_wconf 80' lang='grc' dir='ltr'><em>οἶ</em></span> <span class='ocrx_word' id='word_1_137' title='bbox 1459 1206 1611 1261; x_wconf 79' lang='grc' dir='ltr'><em>πύργοι</em></span> <span class='ocrx_word' id='word_1_138' title='bbox 1642 1202 1751 1261; x_wconf 78' lang='grc' dir='ltr'><em>ἦσαν</em></span> <span class='ocrx_word' id='word_1_139' title='bbox 1769 1199 1800 1242; x_wconf 70' lang='lat'><em>¹!</em></span> 
     </span>
     <span class='ocr_line' id='line_1_17' title="bbox 294 1267 1753 1327; baseline -0.001 -11"><span class='ocrx_word' id='word_1_140' title='bbox 294 1271 477 1327; x_wconf 76' lang='grc' dir='ltr'><em>ἀτελεῖς,</em></span> <span class='ocrx_word' id='word_1_141' title='bbox 523 1273 562 1315; x_wconf 86' lang='grc' dir='ltr'><em>οἱ</em></span> <span class='ocrx_word' id='word_1_142' title='bbox 598 1275 676 1326; x_wconf 86' lang='grc' dir='ltr'><em>μὲν</em></span> <span class='ocrx_word' id='word_1_143' title='bbox 716 1267 914 1327; x_wconf 75' lang='grc' dir='ltr'><em>ἄρχοντες</em></span> <span class='ocrx_word' id='word_1_144' title='bbox 953 1270 1042 1326; x_wconf 76' lang='grc' dir='ltr'><em>ἅμα</em></span> <span class='ocrx_word' id='word_1_145' title='bbox 1080 1271 1245 1327; x_wconf 69' lang='grc' dir='ltr'><em>γυναιξί</em></span> <span class='ocrx_word' id='word_1_146' title='bbox 1282 1271 1354 1314; x_wconf 75' lang='grc' dir='ltr'><em>καὶ</em></span> <span class='ocrx_word' id='word_1_147' title='bbox 1390 1273 1548 1322; x_wconf 80' lang='grc' dir='ltr'><em>τέκνοις</em></span> <span class='ocrx_word' id='word_1_148' title='bbox 1587 1274 1646 1322; x_wconf 83' lang='grc' dir='ltr'><em>εἰς</em></span> <span class='ocrx_word' id='word_1_149' title='bbox 1678 1274 1753 1315; x_wconf 72' lang='grc' dir='ltr'><em>ἕνα</em></span> 
     </span>
     <span class='ocr_line' id='line_1_18' title="bbox 291 1333 1753 1396; baseline -0.001 -13"><span class='ocrx_word' id='word_1_150' title='bbox 291 1341 373 1383; x_wconf 82' lang='grc' dir='ltr'><em>τῶν</em></span> <span class='ocrx_word' id='word_1_151' title='bbox 402 1343 573 1395; x_wconf 77' lang='grc' dir='ltr'><em>πύργων</em></span> <span class='ocrx_word' id='word_1_152' title='bbox 601 1337 740 1392; x_wconf 73' lang='grc' dir='ltr'><em>ὕψους</em></span> <span class='ocrx_word' id='word_1_153' title='bbox 768 1339 921 1389; x_wconf 79' lang='grc' dir='ltr'><em>ἱκανῶς</em></span> <span class='ocrx_word' id='word_1_154' title='bbox 949 1338 1096 1393; x_wconf 83' lang='grc' dir='ltr'><em>ἔχοντα</em></span> <span class='ocrx_word' id='word_1_155' title='bbox 1124 1339 1338 1396; x_wconf 77' lang='grc' dir='ltr'><em>εἰσῄεσαν,</em></span> <span class='ocrx_word' id='word_1_156' title='bbox 1393 1337 1438 1382; x_wconf 86' lang='grc' dir='ltr'><em>τὸ</em></span> <span class='ocrx_word' id='word_1_157' title='bbox 1480 1341 1516 1381; x_wconf 81' lang='lat'><em>‹5’</em></span> <span class='ocrx_word' id='word_1_158' title='bbox 1539 1333 1641 1382; x_wconf 73' lang='grc' dir='ltr'><em>ἄλλο</em></span> <span class='ocrx_word' id='word_1_159' title='bbox 1669 1342 1753 1382; x_wconf 77' lang='grc' dir='ltr'><em>τῶν</em></span> 
     </span>
     <span class='ocr_line' id='line_1_19' title="bbox 296 1401 1750 1460; baseline 0 -11"><span class='ocrx_word' id='word_1_160' title='bbox 296 1408 565 1460; x_wconf 74' lang='grc' dir='ltr'><em>στρατιωτῶν</em></span> <span class='ocrx_word' id='word_1_161' title='bbox 594 1408 779 1460; x_wconf 77' lang='grc' dir='ltr'><em>πλῆθος,</em></span> <span class='ocrx_word' id='word_1_162' title='bbox 823 1405 861 1447; x_wconf 83' lang='grc' dir='ltr'><em>οἱ</em></span> <span class='ocrx_word' id='word_1_163' title='bbox 894 1407 973 1458; x_wconf 80' lang='grc' dir='ltr'><em>μὲν</em></span> <span class='ocrx_word' id='word_1_164' title='bbox 1000 1403 1363 1458; x_wconf 83' lang='grc' dir='ltr'><em>συνελαμβάνοντο</em></span> <span class='ocrx_word' id='word_1_165' title='bbox 1403 1401 1588 1458; x_wconf 56' lang='lat' dir='ltr'><strong>aduam,</strong></span> <span class='ocrx_word' id='word_1_166' title='bbox 1633 1404 1671 1447; x_wconf 83' lang='grc' dir='ltr'><em>οἱ</em></span> <span class='ocrx_word' id='word_1_167' title='bbox 1703 1406 1750 1449; x_wconf 77' lang='grc' dir='ltr'><em>δὲ</em></span> 
     </span>
     <span class='ocr_line' id='line_1_20' title="bbox 291 1469 1751 1528; baseline 0 -14"><span class='ocrx_word' id='word_1_168' title='bbox 291 1471 398 1527; x_wconf 85' lang='grc' dir='ltr'><em>πρὸς</em></span> <span class='ocrx_word' id='word_1_169' title='bbox 426 1470 500 1521; x_wconf 81' lang='grc' dir='ltr'><em>τοὶς</em></span> <span class='ocrx_word' id='word_1_170' title='bbox 529 1473 661 1520; x_wconf 80' lang='grc' dir='ltr'><em>οἰκίας</em></span> <span class='ocrx_word' id='word_1_171' title='bbox 705 1469 1031 1525; x_wconf 79' lang='grc' dir='ltr'><em>κατεκρόπτοντο</em></span> <span class='ocrx_word' id='word_1_172' title='bbox 1062 1470 1178 1526; x_wconf 79' lang='grc' dir='ltr'><em>παρὰ</em></span> <span class='ocrx_word' id='word_1_173' title='bbox 1219 1469 1318 1519; x_wconf 81' lang='grc' dir='ltr'><em>τούς</em></span> <span class='ocrx_word' id='word_1_174' title='bbox 1348 1473 1510 1528; x_wconf 81' lang='grc' dir='ltr'><em>φίλους.</em></span> <span class='ocrx_word' id='word_1_175' title='bbox 1567 1470 1606 1514; x_wconf 80' lang='grc' dir='ltr'><em>οἱ</em></span> <span class='ocrx_word' id='word_1_176' title='bbox 1644 1473 1687 1514; x_wconf 94' lang='grc' dir='ltr'><strong>Γ</strong></span> <span class='ocrx_word' id='word_1_177' title='bbox 1682 1488 1751 1527; x_wconf 85' lang='grc' dir='ltr'><em>ερ-</em></span> 
     </span>
     <span class='ocr_line' id='line_1_21' title="bbox 291 1533 1800 1597; baseline -0.003 -18"><span class='ocrx_word' id='word_1_178' title='bbox 291 1537 419 1592; x_wconf 81' lang='grc' dir='ltr'><em>μανοὶ</em></span> <span class='ocrx_word' id='word_1_179' title='bbox 441 1539 487 1579; x_wconf 79' lang='grc' dir='ltr'><em>δὲ</em></span> <span class='ocrx_word' id='word_1_180' title='bbox 514 1536 589 1592; x_wconf 74' lang='grc' dir='ltr'><em>τήν</em></span> <span class='ocrx_word' id='word_1_181' title='bbox 617 1535 762 1592; x_wconf 73' lang='grc' dir='ltr'><em>ἑτέραν</em></span> <span class='ocrx_word' id='word_1_182' title='bbox 791 1533 905 1590; x_wconf 85' lang='grc' dir='ltr'><em>εἶχον</em></span> <span class='ocrx_word' id='word_1_183' title='bbox 933 1535 1158 1594; x_wconf 86' lang='grc' dir='ltr'><em>α’κρόπολιν</em></span> <span class='ocrx_word' id='word_1_184' title='bbox 1185 1539 1284 1577; x_wconf 72' lang='grc' dir='ltr'><em>καθ’</em></span> <span class='ocrx_word' id='word_1_185' title='bbox 1310 1534 1511 1592; x_wconf 74' lang='grc' dir='ltr'><em>ἑαυτούς,</em></span> <span class='ocrx_word' id='word_1_186' title='bbox 1532 1534 1559 1592; x_wconf 77' lang='grc' dir='ltr'><em>ἢ</em></span> <span class='ocrx_word' id='word_1_187' title='bbox 1579 1538 1682 1593; x_wconf 84' lang='grc' dir='ltr'><em>πρὸς</em></span> <span class='ocrx_word' id='word_1_188' title='bbox 1698 1541 1752 1597; x_wconf 83' lang='grc' dir='ltr'><em>τῇ</em></span> <span class='ocrx_word' id='word_1_189' title='bbox 1765 1546 1800 1574; x_wconf 70' lang='grc'><em>2(</em></span> 
     </span>
     <span class='ocr_line' id='line_1_22' title="bbox 291 1596 1751 1662; baseline -0.004 -15"><span class='ocrx_word' id='word_1_190' title='bbox 291 1606 498 1662; x_wconf 84' lang='grc' dir='ltr'><em>Βασιλικῇ</em></span> <span class='ocrx_word' id='word_1_191' title='bbox 518 1605 750 1659; x_wconf 77' lang='grc' dir='ltr'><em>καλουμένῃ</em></span> <span class='ocrx_word' id='word_1_192' title='bbox 775 1604 883 1658; x_wconf 80' lang='grc' dir='ltr'><em>πύλῃ</em></span> <span class='ocrx_word' id='word_1_193' title='bbox 912 1597 985 1658; x_wconf 76' lang='grc' dir='ltr'><em>ἦν·</em></span> <span class='ocrx_word' id='word_1_194' title='bbox 1014 1596 1114 1643; x_wconf 68' lang='grc' dir='ltr'><em>ἄλλο</em></span> <span class='ocrx_word' id='word_1_195' title='bbox 1134 1603 1180 1644; x_wconf 74' lang='grc' dir='ltr'><em>δέ</em></span> <span class='ocrx_word' id='word_1_196' title='bbox 1201 1619 1243 1643; x_wconf 88' lang='grc' dir='ltr'><em>τι</em></span> <span class='ocrx_word' id='word_1_197' title='bbox 1268 1605 1427 1658; x_wconf 67' lang='grc' dir='ltr'><em>πλῆθος</em></span> <span class='ocrx_word' id='word_1_198' title='bbox 1455 1601 1751 1661; x_wconf 73' lang='grc' dir='ltr'><em>ἆχθοφορούν.</em></span> 
     </span>
    </p>

    <p class='ocr_par' dir='ltr' id='par_1_4' title="bbox 246 1663 1750 1857">
     <span class='ocr_line' id='line_1_23' title="bbox 246 1663 1750 1727; baseline -0.003 -14"><span class='ocrx_word' id='word_1_199' title='bbox 246 1684 402 1724; x_wconf 80' lang='grc' dir='ltr'><em>Βτων,</em></span> <span class='ocrx_word' id='word_1_200' title='bbox 431 1670 488 1720; x_wconf 73' lang='grc' dir='ltr'><em>ὥς</em></span> <span class='ocrx_word' id='word_1_201' title='bbox 519 1671 681 1722; x_wconf 75' lang='grc' dir='ltr'><em>ἐλέγετο</em></span> <span class='ocrx_word' id='word_1_202' title='bbox 710 1667 814 1723; x_wconf 74' lang='grc' dir='ltr'><em>ὑπὲρ</em></span> <span class='ocrx_word' id='word_1_203' title='bbox 845 1670 1024 1722; x_wconf 89' lang='grc' dir='ltr'><em>μυρίους</em></span> <span class='ocrx_word' id='word_1_204' title='bbox 1045 1663 1117 1721; x_wconf 81' lang='grc' dir='ltr'><em>ὂν,</em></span> <span class='ocrx_word' id='word_1_205' title='bbox 1166 1671 1210 1711; x_wconf 82' lang='grc' dir='ltr'><em>ἐκ</em></span> <span class='ocrx_word' id='word_1_206' title='bbox 1239 1668 1376 1723; x_wconf 80' lang='grc' dir='ltr'><em>πάσης</em></span> <span class='ocrx_word' id='word_1_207' title='bbox 1408 1673 1482 1724; x_wconf 78' lang='grc' dir='ltr'><em>τῆς</em></span> <span class='ocrx_word' id='word_1_208' title='bbox 1511 1670 1592 1712; x_wconf 76' lang='grc' dir='ltr'><em>ὑπὸ</em></span> <span class='ocrx_word' id='word_1_209' title='bbox 1627 1673 1750 1727; x_wconf 74' lang='grc' dir='ltr'><em>Κρά,</em></span> 
     </span>
     <span class='ocr_line' id='line_1_24' title="bbox 291 1731 1750 1791; baseline -0.004 -13"><span class='ocrx_word' id='word_1_210' title='bbox 291 1740 366 1791; x_wconf 87' lang='grc' dir='ltr'><em>λην</em></span> <span class='ocrx_word' id='word_1_211' title='bbox 392 1739 467 1791; x_wconf 76' lang='grc' dir='ltr'><em>γῆς</em></span> <span class='ocrx_word' id='word_1_212' title='bbox 494 1731 673 1790; x_wconf 80' lang='grc' dir='ltr'><em>ἦγμένον</em></span> <span class='ocrx_word' id='word_1_213' title='bbox 700 1735 773 1775; x_wconf 74' lang='grc' dir='ltr'><em>ἐπὶ</em></span> <span class='ocrx_word' id='word_1_214' title='bbox 799 1732 871 1788; x_wconf 76' lang='grc' dir='ltr'><em>τὴν</em></span> <span class='ocrx_word' id='word_1_215' title='bbox 897 1733 1115 1788; x_wconf 78' lang='grc' dir='ltr'><em>οἰκοδομὴν</em></span> <span class='ocrx_word' id='word_1_216' title='bbox 1145 1738 1215 1789; x_wconf 82' lang='grc' dir='ltr'><em>τῆς</em></span> <span class='ocrx_word' id='word_1_217' title='bbox 1245 1735 1528 1790; x_wconf 77' lang='grc' dir='ltr'><em>α’κροπόλεως,</em></span> <span class='ocrx_word' id='word_1_218' title='bbox 1561 1735 1640 1789; x_wconf 79' lang='grc' dir='ltr'><em>ἔξω</em></span> <span class='ocrx_word' id='word_1_219' title='bbox 1671 1739 1750 1780; x_wconf 77' lang='lat' dir='ltr'><em>av&#39;.</em></span> 
     </span>
     <span class='ocr_line' id='line_1_25' title="bbox 293 1795 1750 1857; baseline 0.001 -13"><span class='ocrx_word' id='word_1_220' title='bbox 293 1801 509 1856; x_wconf 85' lang='grc' dir='ltr'><em>λιζόμενον</em></span> <span class='ocrx_word' id='word_1_221' title='bbox 538 1801 689 1855; x_wconf 78' lang='grc' dir='ltr'><em>τειχῶν</em></span> <span class='ocrx_word' id='word_1_222' title='bbox 707 1832 719 1855; x_wconf 88' lang='grc'><em>,</em></span> <span class='ocrx_word' id='word_1_223' title='bbox 744 1799 801 1848; x_wconf 76' lang='grc' dir='ltr'><em>ὥς</em></span> <span class='ocrx_word' id='word_1_224' title='bbox 821 1795 975 1857; x_wconf 72' lang='grc' dir='ltr'><em>ᾔσθετο</em></span> <span class='ocrx_word' id='word_1_225' title='bbox 1004 1799 1103 1849; x_wconf 76' lang='grc' dir='ltr'><em>τούς</em></span> <span class='ocrx_word' id='word_1_226' title='bbox 1130 1800 1371 1857; x_wconf 70' lang='grc' dir='ltr'><em>βαρβάρους</em></span> <span class='ocrx_word' id='word_1_227' title='bbox 1390 1835 1401 1854; x_wconf 86' lang='grc'><em>,</em></span> <span class='ocrx_word' id='word_1_228' title='bbox 1426 1800 1490 1844; x_wconf 84' lang='grc' dir='ltr'><em>ἔτι</em></span> <span class='ocrx_word' id='word_1_229' title='bbox 1517 1805 1648 1846; x_wconf 78' lang='grc' dir='ltr'><em>δοκῶν</em></span> <span class='ocrx_word' id='word_1_230' title='bbox 1673 1819 1750 1857; x_wconf 84' lang='grc' dir='ltr'><em>με·-</em></span> 
     </span>
    </p>
   </div>
   <div class='ocr_carea' id='block_1_3' title="bbox 290 1927 1794 2823">
    <p class='ocr_par' dir='ltr' id='par_1_5' title="bbox 290 1927 1794 2823">
     <span class='ocr_line' id='line_1_26' title="bbox 291 1927 1747 1975; baseline 0.002 -14"><span class='ocrx_word' id='word_1_231' title='bbox 291 1932 349 1962; x_wconf 85' lang='lat' dir='ltr'><strong>sat</strong></span> <span class='ocrx_word' id='word_1_232' title='bbox 382 1927 489 1960; x_wconf 89' lang='lat' dir='ltr'><strong>multi</strong></span> <span class='ocrx_word' id='word_1_233' title='bbox 521 1931 631 1961; x_wconf 84' lang='lat' dir='ltr'><strong>erant.</strong></span> <span class='ocrx_word' id='word_1_234' title='bbox 682 1927 729 1960; x_wconf 91' lang='lat' dir='ltr'><strong>Ut</strong></span> <span class='ocrx_word' id='word_1_235' title='bbox 753 1927 851 1961; x_wconf 88' lang='lat' dir='ltr'><strong>enim</strong></span> <span class='ocrx_word' id='word_1_236' title='bbox 876 1928 972 1960; x_wconf 86' lang='lat' dir='ltr'><strong>intra</strong></span> <span class='ocrx_word' id='word_1_237' title='bbox 1004 1929 1150 1962; x_wconf 85' lang='lat' dir='ltr'><strong>moenia</strong></span> <span class='ocrx_word' id='word_1_238' title='bbox 1176 1929 1431 1973; x_wconf 81' lang='lat' dir='ltr'><strong>imperatorem</strong></span> <span class='ocrx_word' id='word_1_239' title='bbox 1458 1941 1536 1964; x_wconf 90' lang='lat' dir='ltr'><strong>esse</strong></span> <span class='ocrx_word' id='word_1_240' title='bbox 1568 1941 1747 1975; x_wconf 86' lang='lat' dir='ltr'><strong>cognove-</strong></span> 
     </span>
     <span class='ocr_line' id='line_1_27' title="bbox 291 1974 1747 2021; baseline 0.003 -13"><span class='ocrx_word' id='word_1_241' title='bbox 291 1979 402 2015; x_wconf 83' lang='lat' dir='ltr'><strong>runt,</strong></span> <span class='ocrx_word' id='word_1_242' title='bbox 426 1974 684 2009; x_wconf 82' lang='lat' dir='ltr'>acclamatione</span> <span class='ocrx_word' id='word_1_243' title='bbox 709 1974 827 2009; x_wconf 80' lang='lat' dir='ltr'><strong>fausta</strong></span> <span class='ocrx_word' id='word_1_244' title='bbox 853 1986 935 2007; x_wconf 89' lang='lat' dir='ltr'><em>eum</em></span> <span class='ocrx_word' id='word_1_245' title='bbox 959 1975 1137 2021; x_wconf 81' lang='lat' dir='ltr'><strong>prodente</strong></span> <span class='ocrx_word' id='word_1_246' title='bbox 1164 1976 1333 2009; x_wconf 85' lang='lat' dir='ltr'><strong>omnibus</strong></span> <span class='ocrx_word' id='word_1_247' title='bbox 1349 2002 1357 2017; x_wconf 95' lang='lat'><em>‚</em></span> <span class='ocrx_word' id='word_1_248' title='bbox 1383 1978 1505 2010; x_wconf 85' lang='lat' dir='ltr'><strong>statim</strong></span> <span class='ocrx_word' id='word_1_249' title='bbox 1532 1977 1571 2010; x_wconf 88' lang='lat' dir='ltr'><strong>in</strong></span> <span class='ocrx_word' id='word_1_250' title='bbox 1599 1978 1747 2012; x_wconf 82' lang='lat' dir='ltr'><strong>Tribal-</strong></span> 
     </span>
     <span class='ocr_line' id='line_1_28' title="bbox 291 2021 1745 2066; baseline 0.002 -11"><span class='ocrx_word' id='word_1_251' title='bbox 291 2022 346 2055; x_wconf 87' lang='lat' dir='ltr'><em>los</em></span> <span class='ocrx_word' id='word_1_252' title='bbox 384 2023 587 2061; x_wconf 76' lang='lat' dir='ltr'><strong>irruentes,</strong></span> <span class='ocrx_word' id='word_1_253' title='bbox 621 2021 811 2055; x_wconf 76' lang='lat' dir='ltr'><strong>facultates</strong></span> <span class='ocrx_word' id='word_1_254' title='bbox 848 2022 994 2055; x_wconf 89' lang='lat' dir='ltr'><strong>illorum</strong></span> <span class='ocrx_word' id='word_1_255' title='bbox 1038 2022 1264 2066; x_wconf 80' lang='lat' dir='ltr'><strong>diripiebant</strong></span> <span class='ocrx_word' id='word_1_256' title='bbox 1309 2028 1345 2056; x_wconf 84' lang='lat' dir='ltr'><em>et</em></span> <span class='ocrx_word' id='word_1_257' title='bbox 1379 2025 1474 2057; x_wconf 88' lang='lat' dir='ltr'><strong>forte</strong></span> <span class='ocrx_word' id='word_1_258' title='bbox 1516 2031 1745 2060; x_wconf 82' lang='lat' dir='ltr'><strong>occurrentes</strong></span> 
     </span>
     <span class='ocr_line' id='line_1_29' title="bbox 290 2067 1746 2117; baseline 0.003 -16"><span class='ocrx_word' id='word_1_259' title='bbox 290 2068 496 2113; x_wconf 81' lang='lat' dir='ltr'><strong>capiebant.</strong></span> <span class='ocrx_word' id='word_1_260' title='bbox 521 2067 680 2103; x_wconf 79' lang='lat' dir='ltr'><strong>Triballi</strong></span> <span class='ocrx_word' id='word_1_261' title='bbox 702 2068 828 2102; x_wconf 86' lang='lat' dir='ltr'><strong>urbem</strong></span> <span class='ocrx_word' id='word_1_262' title='bbox 861 2073 1002 2112; x_wconf 83' lang='lat' dir='ltr'><strong>captam</strong></span> <span class='ocrx_word' id='word_1_263' title='bbox 1029 2069 1387 2110; x_wconf 56' lang='lat' dir='ltr'><strong>animadvertentes;</strong></span> <span class='ocrx_word' id='word_1_264' title='bbox 1402 2071 1556 2115; x_wconf 86' lang='lat' dir='ltr'><strong>primum</strong></span> <span class='ocrx_word' id='word_1_265' title='bbox 1581 2072 1627 2105; x_wconf 83' lang='lat' dir='ltr'><em>ad</em></span> <span class='ocrx_word' id='word_1_266' title='bbox 1640 2083 1746 2117; x_wconf 86' lang='lat' dir='ltr'><strong>prae-</strong></span> 
     </span>
     <span class='ocr_line' id='line_1_30' title="bbox 291 2114 1748 2164; baseline 0.003 -16"><span class='ocrx_word' id='word_1_267' title='bbox 291 2115 408 2148; x_wconf 83' lang='lat' dir='ltr'><strong>fectos</strong></span> <span class='ocrx_word' id='word_1_268' title='bbox 434 2126 515 2148; x_wconf 87' lang='lat' dir='ltr'><strong>cum</strong></span> <span class='ocrx_word' id='word_1_269' title='bbox 539 2115 646 2148; x_wconf 82' lang='lat' dir='ltr'><strong>armis</strong></span> <span class='ocrx_word' id='word_1_270' title='bbox 674 2114 838 2161; x_wconf 88' lang='lat' dir='ltr'><strong>undique</strong></span> <span class='ocrx_word' id='word_1_271' title='bbox 864 2121 1147 2154; x_wconf 83' lang='lat' dir='ltr'><strong>concurrerunt,</strong></span> <span class='ocrx_word' id='word_1_272' title='bbox 1175 2122 1215 2149; x_wconf 88' lang='lat' dir='ltr'><em>ut</em></span> <span class='ocrx_word' id='word_1_273' title='bbox 1238 2129 1297 2150; x_wconf 89' lang='lat' dir='ltr'><em>eos</em></span> <span class='ocrx_word' id='word_1_274' title='bbox 1325 2117 1586 2159; x_wconf 79' lang='lat' dir='ltr'><strong>defenderent,</strong></span> <span class='ocrx_word' id='word_1_275' title='bbox 1611 2121 1641 2152; x_wconf 90' lang='lat' dir='ltr'><em>si</em></span> <span class='ocrx_word' id='word_1_276' title='bbox 1663 2131 1748 2164; x_wconf 85' lang='lat' dir='ltr'><strong>pos-</strong></span> 
     </span>
     <span class='ocr_line' id='line_1_31' title="bbox 291 2161 1746 2208; baseline 0.003 -14"><span class='ocrx_word' id='word_1_277' title='bbox 291 2166 391 2196; x_wconf 85' lang='lat' dir='ltr'><strong>sent:</strong></span> <span class='ocrx_word' id='word_1_278' title='bbox 417 2165 491 2200; x_wconf 82' lang='lat' dir='ltr'><strong>aut,</strong></span> <span class='ocrx_word' id='word_1_279' title='bbox 516 2163 631 2205; x_wconf 89' lang='lat' dir='ltr'><strong>portis</strong></span> <span class='ocrx_word' id='word_1_280' title='bbox 658 2161 756 2205; x_wconf 78' lang='lat' dir='ltr'><strong>apud</strong></span> <span class='ocrx_word' id='word_1_281' title='bbox 779 2174 897 2196; x_wconf 85' lang='lat' dir='ltr'><strong>arcem</strong></span> <span class='ocrx_word' id='word_1_282' title='bbox 911 2164 1058 2208; x_wconf 82' lang='lat' dir='ltr'><strong>apertis,</strong></span> <span class='ocrx_word' id='word_1_283' title='bbox 1076 2164 1299 2208; x_wconf 81' lang='lat' dir='ltr'><strong>aufugerent.</strong></span> <span class='ocrx_word' id='word_1_284' title='bbox 1326 2164 1491 2198; x_wconf 75' lang='lat' dir='ltr'><strong>Barbaris</strong></span> <span class='ocrx_word' id='word_1_285' title='bbox 1510 2172 1630 2200; x_wconf 88' lang='lat' dir='ltr'><strong>autem</strong></span> <span class='ocrx_word' id='word_1_286' title='bbox 1646 2173 1746 2200; x_wconf 79' lang='lat' dir='ltr'><strong>extra</strong></span> 
     </span>
     <span class='ocr_line' id='line_1_32' title="bbox 291 2208 1745 2257; baseline 0.003 -15"><span class='ocrx_word' id='word_1_287' title='bbox 291 2220 408 2242; x_wconf 84' lang='lat' dir='ltr'><strong>arcem</strong></span> <span class='ocrx_word' id='word_1_288' title='bbox 442 2208 578 2240; x_wconf 84' lang='lat' dir='ltr'><strong>laetum</strong></span> <span class='ocrx_word' id='word_1_289' title='bbox 613 2208 911 2250; x_wconf 83' lang='lat' dir='ltr'><strong>vociferantibus,</strong></span> <span class='ocrx_word' id='word_1_290' title='bbox 957 2211 1077 2243; x_wconf 82' lang='lat' dir='ltr'><strong>statim</strong></span> <span class='ocrx_word' id='word_1_291' title='bbox 1112 2211 1229 2244; x_wconf 82' lang='lat' dir='ltr'><strong>salute</strong></span> <span class='ocrx_word' id='word_1_292' title='bbox 1261 2211 1426 2245; x_wconf 82' lang='lat' dir='ltr'><strong>funditus</strong></span> <span class='ocrx_word' id='word_1_293' title='bbox 1460 2211 1668 2257; x_wconf 81' lang='lat' dir='ltr'><strong>desperata,</strong></span> <span class='ocrx_word' id='word_1_294' title='bbox 1699 2214 1745 2247; x_wconf 86' lang='lat' dir='ltr'><strong>ab</strong></span> 
     </span>
     <span class='ocr_line' id='line_1_33' title="bbox 293 2254 1747 2304; baseline 0.005 -16"><span class='ocrx_word' id='word_1_295' title='bbox 293 2256 397 2301; x_wconf 85' lang='lat' dir='ltr'><strong>equis</strong></span> <span class='ocrx_word' id='word_1_296' title='bbox 428 2254 690 2288; x_wconf 84' lang='lat' dir='ltr'><strong>descendentes</strong></span> <span class='ocrx_word' id='word_1_297' title='bbox 725 2267 803 2289; x_wconf 88' lang='lat' dir='ltr'><strong>cum</strong></span> <span class='ocrx_word' id='word_1_298' title='bbox 837 2256 963 2290; x_wconf 87' lang='lat' dir='ltr'><strong>liberis</strong></span> <span class='ocrx_word' id='word_1_299' title='bbox 1007 2262 1043 2291; x_wconf 89' lang='lat' dir='ltr'><em>et</em></span> <span class='ocrx_word' id='word_1_300' title='bbox 1071 2258 1265 2298; x_wconf 85' lang='lat' dir='ltr'><strong>uxoribus,</strong></span> <span class='ocrx_word' id='word_1_301' title='bbox 1301 2260 1430 2292; x_wconf 84' lang='lat' dir='ltr'><strong>ceteris</strong></span> <span class='ocrx_word' id='word_1_302' title='bbox 1466 2260 1663 2304; x_wconf 79' lang='lat' dir='ltr'><strong>neglectis,</strong></span> <span class='ocrx_word' id='word_1_303' title='bbox 1706 2262 1747 2294; x_wconf 82' lang='lat' dir='ltr'><strong>in</strong></span> 
     </span>
     <span class='ocr_line' id='line_1_34' title="bbox 293 2301 1746 2352; baseline 0.004 -17"><span class='ocrx_word' id='word_1_304' title='bbox 293 2313 412 2336; x_wconf 87' lang='lat' dir='ltr'><strong>arcem</strong></span> <span class='ocrx_word' id='word_1_305' title='bbox 439 2301 689 2345; x_wconf 86' lang='lat' dir='ltr'><strong>confugerunt.</strong></span> <span class='ocrx_word' id='word_1_306' title='bbox 726 2303 816 2335; x_wconf 89' lang='lat' dir='ltr'><strong>Cum</strong></span> <span class='ocrx_word' id='word_1_307' title='bbox 844 2314 951 2346; x_wconf 89' lang='lat' dir='ltr'><strong>porro</strong></span> <span class='ocrx_word' id='word_1_308' title='bbox 976 2305 1081 2337; x_wconf 89' lang='lat' dir='ltr'><strong>multi</strong></span> <span class='ocrx_word' id='word_1_309' title='bbox 1111 2310 1230 2338; x_wconf 85' lang='lat' dir='ltr'><strong>essent</strong></span> <span class='ocrx_word' id='word_1_310' title='bbox 1255 2306 1430 2352; x_wconf 84' lang='lat' dir='ltr'><strong>praefecti</strong></span> <span class='ocrx_word' id='word_1_311' title='bbox 1455 2307 1636 2348; x_wconf 83' lang='lat' dir='ltr'><strong>militum,</strong></span> <span class='ocrx_word' id='word_1_312' title='bbox 1664 2307 1746 2351; x_wconf 81' lang='lat' dir='ltr'><strong>(tri—-</strong></span> 
     </span>
     <span class='ocr_line' id='line_1_35' title="bbox 293 2348 1746 2393; baseline 0.005 -13"><span class='ocrx_word' id='word_1_313' title='bbox 293 2349 394 2393; x_wconf 83' lang='lat' dir='ltr'><strong>ginta</strong></span> <span class='ocrx_word' id='word_1_314' title='bbox 428 2348 601 2383; x_wconf 85' lang='lat' dir='ltr'><strong>videlicet</strong></span> <span class='ocrx_word' id='word_1_315' title='bbox 628 2348 791 2389; x_wconf 88' lang='lat' dir='ltr'><strong>nobiles,</strong></span> <span class='ocrx_word' id='word_1_316' title='bbox 827 2349 1005 2383; x_wconf 84' lang='lat' dir='ltr'><strong>habentes</strong></span> <span class='ocrx_word' id='word_1_317' title='bbox 1037 2362 1165 2385; x_wconf 86' lang='lat' dir='ltr'><strong>uxores</strong></span> <span class='ocrx_word' id='word_1_318' title='bbox 1200 2363 1241 2384; x_wconf 89' lang='lat' dir='ltr'><em>ac</em></span> <span class='ocrx_word' id='word_1_319' title='bbox 1265 2352 1419 2392; x_wconf 81' lang='lat' dir='ltr'><strong>liberos,</strong></span> <span class='ocrx_word' id='word_1_320' title='bbox 1456 2354 1590 2387; x_wconf 85' lang='lat' dir='ltr'><strong>milites</strong></span> <span class='ocrx_word' id='word_1_321' title='bbox 1625 2359 1746 2388; x_wconf 85' lang='lat' dir='ltr'><strong>autem</strong></span> 
     </span>
     <span class='ocr_line' id='line_1_36' title="bbox 293 2395 1794 2442; baseline 0.003 -12"><span class='ocrx_word' id='word_1_322' title='bbox 293 2396 396 2430; x_wconf 87' lang='lat' dir='ltr'><strong>mille</strong></span> <span class='ocrx_word' id='word_1_323' title='bbox 434 2395 661 2442; x_wconf 84' lang='lat' dir='ltr'><strong>quingenti‚)</strong></span> <span class='ocrx_word' id='word_1_324' title='bbox 701 2397 876 2441; x_wconf 86' lang='lat' dir='ltr'><strong>quoniam</strong></span> <span class='ocrx_word' id='word_1_325' title='bbox 911 2398 1000 2430; x_wconf 83' lang='lat' dir='ltr'><strong>arcis</strong></span> <span class='ocrx_word' id='word_1_326' title='bbox 1029 2400 1122 2431; x_wconf 88' lang='lat' dir='ltr'><strong>muri</strong></span> <span class='ocrx_word' id='word_1_327' title='bbox 1151 2404 1187 2432; x_wconf 85' lang='lat' dir='ltr'><em>et</em></span> <span class='ocrx_word' id='word_1_328' title='bbox 1218 2404 1334 2433; x_wconf 87' lang='lat' dir='ltr'><strong>turres</strong></span> <span class='ocrx_word' id='word_1_329' title='bbox 1360 2399 1520 2433; x_wconf 86' lang='lat' dir='ltr'><strong>nondum</strong></span> <span class='ocrx_word' id='word_1_330' title='bbox 1550 2406 1746 2435; x_wconf 76' lang='lat' dir='ltr'><strong>extremam</strong></span> <span class='ocrx_word' id='word_1_331' title='bbox 1782 2430 1794 2435; x_wconf 86' lang='grc'><strong>-</strong></span> 
     </span>
     <span class='ocr_line' id='line_1_37' title="bbox 293 2442 1746 2489; baseline 0.004 -13"><span class='ocrx_word' id='word_1_332' title='bbox 293 2454 440 2476; x_wconf 79' lang='lat' dir='ltr'><strong>manum</strong></span> <span class='ocrx_word' id='word_1_333' title='bbox 465 2446 700 2487; x_wconf 84' lang='lat' dir='ltr'><strong>acceperant,</strong></span> <span class='ocrx_word' id='word_1_334' title='bbox 735 2442 909 2486; x_wconf 82' lang='lat' dir='ltr'><strong>praefecti</strong></span> <span class='ocrx_word' id='word_1_335' title='bbox 937 2455 1017 2477; x_wconf 90' lang='lat' dir='ltr'><strong>cum</strong></span> <span class='ocrx_word' id='word_1_336' title='bbox 1044 2446 1258 2489; x_wconf 87' lang='lat' dir='ltr'><strong>coniugibus</strong></span> <span class='ocrx_word' id='word_1_337' title='bbox 1284 2453 1321 2480; x_wconf 93' lang='lat' dir='ltr'><em>et</em></span> <span class='ocrx_word' id='word_1_338' title='bbox 1345 2447 1431 2480; x_wconf 72' lang='lat' dir='ltr'><strong>filiis</strong></span> <span class='ocrx_word' id='word_1_339' title='bbox 1460 2448 1499 2480; x_wconf 90' lang='lat' dir='ltr'><strong>in</strong></span> <span class='ocrx_word' id='word_1_340' title='bbox 1524 2459 1632 2481; x_wconf 84' lang='lat' dir='ltr'><strong>unam</strong></span> <span class='ocrx_word' id='word_1_341' title='bbox 1667 2453 1746 2482; x_wconf 68' lang='lat' dir='ltr'><em>tur-⁴</em></span> 
     </span>
     <span class='ocr_line' id='line_1_38' title="bbox 295 2488 1744 2539; baseline 0.003 -16"><span class='ocrx_word' id='word_1_342' title='bbox 295 2490 363 2523; x_wconf 87' lang='lat' dir='ltr'><strong>rim</strong></span> <span class='ocrx_word' id='word_1_343' title='bbox 392 2490 478 2523; x_wconf 87' lang='lat' dir='ltr'><strong>satis</strong></span> <span class='ocrx_word' id='word_1_344' title='bbox 505 2489 614 2522; x_wconf 86' lang='lat' dir='ltr'><strong>altam</strong></span> <span class='ocrx_word' id='word_1_345' title='bbox 639 2500 676 2522; x_wconf 89' lang='lat' dir='ltr'><em>se</em></span> <span class='ocrx_word' id='word_1_346' title='bbox 701 2488 940 2523; x_wconf 85' lang='lat' dir='ltr'><strong>abdiderunt:</strong></span> <span class='ocrx_word' id='word_1_347' title='bbox 976 2490 1020 2523; x_wconf 89' lang='lat' dir='ltr'><em>de</em></span> <span class='ocrx_word' id='word_1_348' title='bbox 1055 2492 1236 2526; x_wconf 87' lang='lat' dir='ltr'><strong>militibus</strong></span> <span class='ocrx_word' id='word_1_349' title='bbox 1273 2494 1335 2526; x_wconf 83' lang='lat' dir='ltr'><strong>alii</strong></span> <span class='ocrx_word' id='word_1_350' title='bbox 1364 2494 1511 2539; x_wconf 86' lang='lat' dir='ltr'><strong>quidem</strong></span> <span class='ocrx_word' id='word_1_351' title='bbox 1534 2505 1620 2527; x_wconf 82' lang='lat' dir='ltr'><em>mox</em></span> <span class='ocrx_word' id='word_1_352' title='bbox 1643 2505 1744 2528; x_wconf 90' lang='lat' dir='ltr'><strong>com-</strong></span> 
     </span>
     <span class='ocr_line' id='line_1_39' title="bbox 294 2535 1746 2582; baseline 0.003 -12"><span class='ocrx_word' id='word_1_353' title='bbox 294 2535 639 2582; x_wconf 76' lang='lat' dir='ltr'><strong>prehendebantur,</strong></span> <span class='ocrx_word' id='word_1_354' title='bbox 677 2536 741 2569; x_wconf 85' lang='lat' dir='ltr'><strong>alii</strong></span> <span class='ocrx_word' id='word_1_355' title='bbox 770 2537 808 2568; x_wconf 89' lang='lat' dir='ltr'><strong>in</strong></span> <span class='ocrx_word' id='word_1_356' title='bbox 833 2537 983 2570; x_wconf 83' lang='lat' dir='ltr'><strong>aedibus</strong></span> <span class='ocrx_word' id='word_1_357' title='bbox 1010 2538 1054 2570; x_wconf 84' lang='lat' dir='ltr'><strong>ab</strong></span> <span class='ocrx_word' id='word_1_358' title='bbox 1084 2539 1209 2573; x_wconf 83' lang='lat' dir='ltr'><strong>amicis</strong></span> <span class='ocrx_word' id='word_1_359' title='bbox 1239 2541 1522 2574; x_wconf 80' lang='lat' dir='ltr'><strong>occultabantur.</strong></span> <span class='ocrx_word' id='word_1_360' title='bbox 1573 2541 1746 2575; x_wconf 82' lang='lat' dir='ltr'><strong>Germani</strong></span> 
     </span>
     <span class='ocr_line' id='line_1_40' title="bbox 295 2582 1745 2630; baseline 0.002 -12"><span class='ocrx_word' id='word_1_361' title='bbox 295 2585 446 2618; x_wconf 80' lang='lat' dir='ltr'><strong>alteram</strong></span> <span class='ocrx_word' id='word_1_362' title='bbox 480 2594 620 2622; x_wconf 88' lang='lat' dir='ltr'><strong>arcem,</strong></span> <span class='ocrx_word' id='word_1_363' title='bbox 659 2594 752 2627; x_wconf 87' lang='lat' dir='ltr'><strong>quae</strong></span> <span class='ocrx_word' id='word_1_364' title='bbox 784 2582 829 2616; x_wconf 89' lang='lat' dir='ltr'><em>ad</em></span> <span class='ocrx_word' id='word_1_365' title='bbox 862 2590 1004 2629; x_wconf 87' lang='lat' dir='ltr'><strong>portam</strong></span> <span class='ocrx_word' id='word_1_366' title='bbox 1041 2585 1174 2630; x_wconf 85' lang='lat' dir='ltr'><strong>regiam</strong></span> <span class='ocrx_word' id='word_1_367' title='bbox 1201 2593 1300 2626; x_wconf 85' lang='lat' dir='ltr'><strong>erat,</strong></span> <span class='ocrx_word' id='word_1_368' title='bbox 1328 2589 1395 2620; x_wconf 90' lang='lat' dir='ltr'><strong>soli</strong></span> <span class='ocrx_word' id='word_1_369' title='bbox 1426 2587 1643 2621; x_wconf 79' lang='lat' dir='ltr'><strong>tuebantur:</strong></span> <span class='ocrx_word' id='word_1_370' title='bbox 1671 2589 1745 2621; x_wconf 80' lang='lat' dir='ltr'><strong>alia</strong></span> 
     </span>
     <span class='ocr_line' id='line_1_41' title="bbox 296 2630 1744 2677; baseline 0.004 -13"><span class='ocrx_word' id='word_1_371' title='bbox 296 2630 494 2664; x_wconf 86' lang='lat' dir='ltr'><strong>multitudo</strong></span> <span class='ocrx_word' id='word_1_372' title='bbox 527 2631 793 2674; x_wconf 81' lang='lat' dir='ltr'><strong>operariorum,</strong></span> <span class='ocrx_word' id='word_1_373' title='bbox 823 2636 865 2663; x_wconf 87' lang='lat' dir='ltr'><em>ut</em></span> <span class='ocrx_word' id='word_1_374' title='bbox 896 2630 1105 2672; x_wconf 86' lang='lat' dir='ltr'><strong>ferebatur,</strong></span> <span class='ocrx_word' id='word_1_375' title='bbox 1142 2634 1224 2677; x_wconf 86' lang='lat' dir='ltr'><strong>plus</strong></span> <span class='ocrx_word' id='word_1_376' title='bbox 1263 2634 1387 2667; x_wconf 87' lang='lat' dir='ltr'><strong>decem</strong></span> <span class='ocrx_word' id='word_1_377' title='bbox 1424 2635 1561 2674; x_wconf 86' lang='lat' dir='ltr'><strong>millia,</strong></span> <span class='ocrx_word' id='word_1_378' title='bbox 1590 2646 1634 2668; x_wconf 84' lang='lat' dir='ltr'><em>ex</em></span> <span class='ocrx_word' id='word_1_379' title='bbox 1666 2640 1744 2670; x_wconf 80' lang='lat' dir='ltr'><strong>tota</strong></span> 
     </span>
     <span class='ocr_line' id='line_1_42' title="bbox 297 2676 1745 2722; baseline 0.003 -11"><span class='ocrx_word' id='word_1_380' title='bbox 297 2678 411 2712; x_wconf 80' lang='lat' dir='ltr'><strong>Cralis</strong></span> <span class='ocrx_word' id='word_1_381' title='bbox 436 2677 623 2722; x_wconf 83' lang='lat' dir='ltr'><strong>provincia</strong></span> <span class='ocrx_word' id='word_1_382' title='bbox 656 2676 702 2710; x_wconf 89' lang='lat' dir='ltr'><em>ad</em></span> <span class='ocrx_word' id='word_1_383' title='bbox 738 2678 828 2710; x_wconf 80' lang='lat' dir='ltr'><strong>arcis</strong></span> <span class='ocrx_word' id='word_1_384' title='bbox 864 2677 1152 2712; x_wconf 78' lang='lat' dir='ltr'><strong>aedificationem</strong></span> <span class='ocrx_word' id='word_1_385' title='bbox 1179 2680 1329 2714; x_wconf 83' lang='lat' dir='ltr'><strong>collecta</strong></span> <span class='ocrx_word' id='word_1_386' title='bbox 1347 2707 1355 2720; x_wconf 82' lang='lat'>‚</span> <span class='ocrx_word' id='word_1_387' title='bbox 1391 2686 1489 2714; x_wconf 82' lang='lat' dir='ltr'><strong>extra</strong></span> <span class='ocrx_word' id='word_1_388' title='bbox 1516 2693 1635 2716; x_wconf 87' lang='lat' dir='ltr'><strong>muros</strong></span> <span class='ocrx_word' id='word_1_389' title='bbox 1665 2693 1745 2716; x_wconf 88' lang='lat' dir='ltr'><em>ma-</em></span> 
     </span>
     <span class='ocr_line' id='line_1_43' title="bbox 295 2723 1744 2774; baseline 0.001 -16"><span class='ocrx_word' id='word_1_390' title='bbox 295 2735 406 2765; x_wconf 85' lang='lat' dir='ltr'><strong>nens,</strong></span> <span class='ocrx_word' id='word_1_391' title='bbox 430 2724 498 2761; x_wconf 70' lang='lat' dir='ltr'><strong>nbi</strong></span> <span class='ocrx_word' id='word_1_392' title='bbox 524 2723 695 2758; x_wconf 84' lang='lat' dir='ltr'><strong>barbaros</strong></span> <span class='ocrx_word' id='word_1_393' title='bbox 721 2725 855 2766; x_wconf 87' lang='lat' dir='ltr'><strong>sensit,</strong></span> <span class='ocrx_word' id='word_1_394' title='bbox 884 2726 991 2758; x_wconf 79' lang='lat' dir='ltr'><strong>etiam</strong></span> <span class='ocrx_word' id='word_1_395' title='bbox 1016 2731 1095 2760; x_wconf 85' lang='lat' dir='ltr'><em>tum</em></span> <span class='ocrx_word' id='word_1_396' title='bbox 1122 2725 1285 2759; x_wconf 82' lang='lat' dir='ltr'><strong>trabibus</strong></span> <span class='ocrx_word' id='word_1_397' title='bbox 1308 2729 1443 2772; x_wconf 82' lang='lat' dir='ltr'><strong>magnis</strong></span> <span class='ocrx_word' id='word_1_398' title='bbox 1467 2728 1514 2762; x_wconf 87' lang='lat' dir='ltr'><em>ad</em></span> <span class='ocrx_word' id='word_1_399' title='bbox 1536 2739 1656 2762; x_wconf 88' lang='lat' dir='ltr'><strong>muros</strong></span> <span class='ocrx_word' id='word_1_400' title='bbox 1680 2741 1744 2774; x_wconf 80' lang='lat' dir='ltr'><em>ap.</em></span> 
     </span>
     <span class='ocr_line' id='line_1_44' title="bbox 294 2771 1782 2823; baseline 0.003 -16"><span class='ocrx_word' id='word_1_401' title='bbox 294 2771 431 2819; x_wconf 84' lang='lat' dir='ltr'><strong>plicitis</strong></span> <span class='ocrx_word' id='word_1_402' title='bbox 455 2771 651 2818; x_wconf 88' lang='lat' dir='ltr'><strong>(lapidibus</strong></span> <span class='ocrx_word' id='word_1_403' title='bbox 677 2772 913 2819; x_wconf 85' lang='lat' dir='ltr'><strong>reliquaeque</strong></span> <span class='ocrx_word' id='word_1_404' title='bbox 938 2773 1109 2807; x_wconf 86' lang='lat' dir='ltr'><strong>materiae</strong></span> <span class='ocrx_word' id='word_1_405' title='bbox 1134 2786 1272 2808; x_wconf 86' lang='lat' dir='ltr'><strong>sursum</strong></span> <span class='ocrx_word' id='word_1_406' title='bbox 1297 2775 1534 2810; x_wconf 77' lang='lat' dir='ltr'><strong>attrahendae</strong></span> <span class='ocrx_word' id='word_1_407' title='bbox 1559 2776 1744 2823; x_wconf 84' lang='lat' dir='ltr'><strong>videlicet)</strong></span> <span class='ocrx_word' id='word_1_408' title='bbox 1772 2800 1782 2805; x_wconf 96' lang='lat'>-</span> 
     </span>
    </p>
   </div>
  </div>
 </body>
</html>
