1800 3164
319 153 393 208 36
853 165 1226 209 CANTAcqum

105 280 144 315 A.
162 279 198 312 C.
220 277 304 324 ¹347
318 268 393 325 τῆν
422 267 617 326 πατρῴαν
648 268 785 324 ἀρχὴν
814 267 1144 314 συνδιασώζειν.,
1186 267 1227 308 εἰ
1251 268 1330 320 μὲν
1358 261 1449 321 οὖν,
1478 264 1616 322 ὥσπερ
1641 268 1760 323 ἔξαρ-

186 345 219 379 Ρ.
237 338 394 391 γηχῆς
423 333 550 383 αὐτὸς
581 333 842 388 διενοούμην,
872 331 1008 375 πάντα
1038 332 1234 387 πράττειν
1262 332 1366 385 ὑπὲρ
1395 335 1468 388 τῆς
1496 336 1632 388 κοινῆς
1655 334 1759 376 Ῥω-

312 403 453 456 μαίων
486 402 705 457 ὠφελείας,
737 400 810 441 καί
832 399 1034 454 χρήματα
1064 399 1299 440 ἀναλίσκειν
1325 402 1507 441 τοσαῦτα
1540 397 1651 452 ὄντα,
1679 396 1760 442 ὅσα

312 467 416 520 ἴστε,
445 467 518 508 καί
544 465 681 508 πάντα
715 464 840 507 πόνον
867 467 939 507 καί
963 467 1152 507 κίνδυνον
1180 462 1470 520 ὑφίστασθαι,
1507 467 1580 509 καί
1616 464 1654 507 οἱ
1683 460 1760 508 ἆλ-

313 539 380 576 λοι
412 533 653 575 συνείποντο
690 530 920 587 προθύμως
949 527 975 586 ἢ
1003 528 1049 572 τό
1090 547 1134 586 γε
1162 530 1460 586 μετριώτερον,
1488 530 1546 587 μή
1578 531 1796 576 ἑκώλυονό

313 599 447 653 αύτοί,
479 599 556 639 οὐκ
585 594 637 639 ἄν
663 601 739 640 ’νῦν
767 600 864 653 περί
889 600 965 640 τοῦ
991 593 1020 654 ᾗ
1045 596 1130 653 χρὴ
1165 595 1391 651 σώζεσθαι,
1414 597 1516 650 ἀλλ’,
1538 596 1652 652 εἰμὴ
1671 596 1759 639 ἐπί-

313 669 473 722 φθονον
504 665 648 717 εἰπεῖν,
680 663 874 719 περὶτοῦ
907 661 1076 712 ὁποίους
1102 663 1187 718 χρη
1224 664 1511 705 καταδουλοῦν
1537 660 1760 716 ἐβουλευό-

309 735 441 785 μεθα.
498 729 590 771 ἐπεὶ
612 732 658 772 δὲ
687 728 797 771 οὕτω
826 732 963 771 ταῦτα
993 732 1176 784 πονηροῦ
1206 745 1317 778 τινος
1345 731 1541 782 δαίμονος
1566 729 1665 784 ἡμῖν
1681 732 1759 783 βα-

312 795 539 851 σκήιάντος
570 795 900 850 συνεσκευάσθη,
932 795 1005 837 καί
1031 795 1135 851 πρὸς
1159 797 1237 848 μὲν
1263 797 1337 847 ἐμὲ
1357 794 1430 840 τὸν,
1444 795 1551 850 ὑπὲρ
1573 797 1646 850 τῆς
1673 812 1761 838 κοι-

310 866 382 917 νῆς
422 861 628 918 σωτηρίας
666 861 821 916 πολλὴν
865 861 1066 916 πρόνοιαν
1102 863 1348 914 ποιούμενον
1385 861 1564 914 πόλεμον
1602 857 1757 918 ,ἤραντο
1777 877 1800 920 ¹}

311 926 571 983 προθύμως,
617 930 690 970 καί
719 927 820 978 τούς
853 923 1004 978 ἄλλους
1034 925 1223 976 ἅπαντας
1250 930 1516 983 συνέπεισαν,
1546 931 1616 970 καί
1637 925 1687 970 τά
1714 944 1759 984 τε

273 995 497 1050 Βῆμέτερα
535 992 700 1037 ἅπαντα
735 992 975 1036 ἇναλιόκασι
1015 995 1088 1036 καὶ
1114 992 1165 1036 τὰ
1193 993 1331 1046 κοινὰ,
1372 993 1495 1035 οὐδὲν
1523 989 1645 1049 ἧττον
1674 997 1761 1036 κατ’

310 1063 429 1115 ἐμοῦ,
464 1057 492 1117 ἢ
520 1062 594 1103 καί
622 1065 722 1103 καθ’
749 1061 869 1114 ὑμῶν
898 1058 1102 1112 ἁπάντων,
1135 1060 1175 1102 εἰ
1201 1062 1270 1102 δεῖ
1289 1057 1469 1115 τοῖληθὲς
1496 1062 1647 1113 εἰπεῖν,
1689 1059 1764 1116 κατ’

309 1128 385 1185 την
402 1126 550 1184 χώραν
581 1123 750 1170 ἅπασαν
777 1128 1038 1182 διέφθειραν,
1068 1127 1145 1183 ἀφ’
1171 1122 1219 1182 ἧς
1258 1126 1302 1169 αἱ
1341 1126 1554 1178 συντάξεις
1593 1129 1760 1168 συνελέ-

308 1209 444 1248 γοντο,
474 1195 548 1235 καί
572 1192 671 1242 τούς
697 1194 774 1246 μὲν
806 1196 1032 1245 πολεμίους
1061 1191 1271 1249 φοβερούς
1298 1194 1500 1247 ἐποίησαν
1527 1191 1650 1248 ἡμῖν,
1684 1190 1760 1234 πό·
1779 1209 1792 1234 ι

309 1263 396 1308 λεις
431 1258 509 1308 τὰς
539 1260 616 1312 μὲν
643 1255 779 1300 ἑκοντὶ
807 1261 1029 1313 προέμενοι
1061 1258 1249 1309 ἐκείνοις,
1281 1258 1334 1301 ἵν’
1362 1257 1491 1312 ἔχωσι
1511 1257 1762 1312 συμμάχους

309 1323 415 1367 κατοὶ
438 1325 671 1378 Ῥωμαίων,
703 1325 789 1366 τῶν
819 1325 857 1364 δ’
888 1324 1186 1379 ἀμελήσαντες,
1220 1320 1317 1365 ὥστ’
1343 1323 1522 1374 ἐκείνους
1551 1324 1764 1366 δύνασθαι

309 1391 608 1442 καταδουλοῦν,
641 1390 754 1445 ἡμᾶς
793 1391 839 1431 δὲ
869 1386 1198 1438 α’σθενεστάτους
1226 1385 1436 1445 ὀλιγότητι
1464 1393 1538 1445 τῆς
1566 1391 1763 1445 στρατιᾶς

309 1459 383 1499 καί
418 1455 652 1512 χρημάτων
695 1455 875 1512 ιῖπορίᾳ,
918 1457 1164 1510 περιέστηκε
1207 1457 1253 1497 δὲ
1293 1459 1368 1498 νῦν
1409 1457 1510 1511 ἡμῖν
1539 1457 1584 1498 ἐν
1616 1455 1763 1513 ιῖπόρῳ

308 1522 459 1576 πάντα,
489 1524 688 1564 σκεπτέον
716 1523 891 1563 ἕκαστον
923 1520 996 1563 καί
1019 1519 1185 1577 γνώμην
1215 1520 1309 1563 τινὰ
1339 1524 1602 1576 εἰσενεκτέον,
1633 1523 1689 1564 δι’
1715 1517 1800 1581 ἧςαι

267 1587 429 1631 Οέσται
456 1586 506 1630 τὰ
536 1588 764 1642 πράγματα
793 1587 894 1642 ἡμῖν
920 1586 1093 1641 βελτίω,
1127 1589 1201 1630 καί
1240 1591 1312 1643 τῆς
1341 1604 1385 1630 τε
1414 1588 1630 1645 παρούσης
1661 1590 1763 1632 δυσ-
1791 1621 1793 1625 ⁴

309 1656 491 1711 πραγίας
528 1655 602 1695 καί
636 1657 710 1708 τῆς
749 1651 812 1695 ἔτι
840 1653 1169 1707 ἀπαλλαξόμεθα
1189 1656 1545 1711 προσδοκωμένης.
1607 1661 1765 1713 Τριβα-

311 1767 472 1802 ctissimo
497 1767 713 1812 imperatore
738 1765 932 1798 amicitiam
958 1766 1042 1799 filiis
1067 1767 1143 1799 eius
1163 1777 1309 1811 parcere
1338 1773 1375 1801 et
1398 1773 1588 1812 paternum
1616 1771 1668 1804 eis
1691 1771 1764 1804 im-

310 1816 456 1860 perium
489 1814 673 1847 custodire
710 1813 903 1846 existimer.
964 1813 1002 1845 Si
1040 1824 1146 1857 ergo,
1181 1815 1485 1859 quemadmodum
1512 1827 1542 1848 va
1579 1818 1763 1862 principio

313 1863 392 1907 ipse
419 1861 645 1906 cogitabam,
672 1860 718 1892 ad
743 1870 968 1892 communem
998 1860 1239 1893 Romanorum
1267 1861 1423 1894 fructum
1453 1863 1614 1905 scilicet,
1637 1875 1762 1898 omnes

314 1910 477 1942 actiones
503 1918 599 1941 meas
637 1907 793 1952 dirigere
834 1906 1120 1952 impendereque
1145 1908 1317 1951 pecunias
1343 1919 1439 1942 meas
1466 1915 1606 1951 tantas,
1644 1923 1762 1956 quan-

312 1962 369 1989 tas
401 1966 463 1989 vos
497 1955 620 1994 scitis,
662 1959 699 1987 et
735 1953 875 1986 nullum
912 1953 1073 1986 laborem
1107 1959 1171 1986 aut
1201 1954 1395 1987 discrimen
1426 1955 1697 2001 subterfugere,
1730 1960 1762 1992 si

313 2002 426 2041 haec,
453 2004 622 2047 inquam,
656 2000 720 2032 alii
753 1999 972 2044 cogitassent
1005 2005 1041 2033 et
1065 2011 1121 2032 me
1155 2001 1305 2045 impigre
1339 2003 1453 2034 secuti
1478 2002 1655 2043 fuissent,
1677 2011 1763 2046 aut,

343 2049 416 2082 uod
451 2048 570 2080 miuus
604 2052 676 2085 est,
714 2047 839 2079 saltem
871 2057 928 2079 me
956 2059 1030 2080 non
1062 2045 1361 2091 prohibuissent,
1393 2060 1466 2081 non
1501 2049 1571 2082 hoc
1597 2056 1761 2095 tempore

315 2062 361 2128 de
397 2100 520 2127 nostra
547 2093 715 2126 libertate
740 2092 957 2132 retinenda,
1000 2093 1063 2126 sed
1101 2093 1212 2136 (absit
1245 2094 1356 2127 verbo
1392 2095 1546 2143 invidia)
1571 2098 1616 2131 de
1642 2099 1762 2133 aliena

313 2142 438 2187 potius
483 2139 671 2185 eripienda
705 2140 1000 2174 consultaremus.
1058 2139 1225 2172 Ceterum
1252 2143 1338 2186 quia
1364 2141 1454 2175 haec
1479 2143 1667 2178 adversum
1695 2157 1762 2179 nos

314 2189 494 2232 malignus
520 2187 701 2232 quispiam
722 2186 876 2218 daemon
902 2198 945 2219 ex
973 2187 1111 2220 invidia
1136 2187 1265 2220 callide
1290 2188 1515 2222 machinatus
1542 2196 1618 2231 est,
1645 2197 1681 2224 et
1704 2193 1762 2226 illi
1798 2207 1800 2212 ·

314 2240 438 2268 contra
472 2244 544 2275 me,
569 2233 769 2266 communis
794 2232 976 2266 libertatis
1003 2234 1338 2279 diligentissimum,
1363 2247 1459 2268 arma
1483 2237 1614 2280 cupide
1642 2250 1763 2272 susce-

313 2286 450 2327 perunt
486 2279 688 2325 eodemque
722 2280 811 2311 alios
843 2290 965 2312 omnes
1003 2281 1241 2324 perpulerunt
1289 2288 1504 2328 nostrasque
1529 2284 1693 2319 fortunas
1724 2292 1762 2320 et

315 2338 541 2361 communem
568 2326 762 2372 pecuniam
790 2337 930 2360 omnem
955 2326 1223 2371 prodegerunt‚
1249 2330 1287 2361 in
1312 2339 1354 2361 eo
1375 2330 1420 2372 (si
1446 2341 1567 2363 verum
1594 2332 1682 2365 licet
1706 2333 1762 2365 di-

315 2376 411 2419 cere)
425 2385 498 2407 non
525 2374 636 2419 magis
663 2385 733 2413 me,
759 2384 865 2418 quam
892 2383 953 2404 vos
983 2373 1182 2414 universos,
1209 2375 1404 2415 laeserunt,
1429 2381 1617 2422 totamque
1645 2379 1762 2424 regio·
1799 2400 1800 2403 =

313 2434 417 2461 nem,
445 2420 542 2454 unde
571 2421 766 2464 pensiones
785 2419 1073 2463 colligebantur,
1097 2422 1323 2465 expsszuunt,
1346 2427 1381 2455 et
1407 2422 1528 2456 hostes
1554 2423 1660 2458 nobis
1687 2426 1764 2459 for-

314 2468 532 2508 midabiles,
560 2467 704 2500 urbium
736 2467 826 2499 alias
854 2472 982 2510 sponte
1010 2468 1099 2511 ipsis
1125 2468 1361 2508 dimittente&
1384 2471 1440 2514 (ut
1464 2481 1526 2503 eos
1548 2477 1671 2505 contra
1691 2475 1762 2506 Ro·
1798 2483 1800 2486 ⁴

313 2526 440 2549 manos
466 2514 645 2548 haberent
669 2513 812 2556 soci0s‚)
827 2513 914 2546 alias
942 2524 1015 2546 non
1041 2515 1286 2560 curantes‚(ut
1313 2516 1368 2549 illi
1395 2528 1455 2549 eas
1482 2523 1632 2561 possent
1657 2520 1762 2552 subi-

315 2565 504 2608 gere‚)nos
531 2565 651 2594 autem
677 2561 858 2604 paucitate
884 2561 1040 2593 militum
1062 2565 1096 2593 et
1117 2562 1243 2605 inopia
1267 2564 1475 2606 pecuniaria
1494 2564 1759 2599 infirmissimos

315 2608 578 2648 reddiderunt,
605 2608 834 2653 coniectique
859 2618 981 2639 sumus
1006 2608 1044 2640 in
1067 2610 1251 2649 angustias
1276 2619 1339 2652 per
1368 2612 1500 2643 omnia.
1538 2609 1626 2643 Cum
1654 2611 1757 2653 haec,

315 2657 482 2702 inquam,
514 2656 564 2688 ita
602 2655 696 2693 sint,
732 2653 1032 2698 perpendendum
1069 2655 1200 2699 cuique
1237 2660 1272 2687 et
1308 2656 1490 2689 afferenda
1528 2657 1566 2690 in
1598 2659 1757 2692 medium

316 2705 521 2742 sententia,
547 2714 618 2748 qua
643 2706 757 2734 status
783 2712 902 2733 rerum
931 2700 1168 2740 emendetur,
1201 2706 1237 2734 et
1262 2712 1340 2733 cum
1367 2703 1565 2747 praesenti,
1594 2709 1668 2737 tum
1695 2705 1759 2738 ad-

315 2749 387 2783 huc
410 2749 620 2787 imminenti
646 2747 791 2782 miseria
814 2746 1021 2795 liberemur.
1070 2747 1161 2780 Nam
1189 2748 1362 2790 Triballi,
1389 2749 1525 2792 Moesi,
1559 2751 1688 2786 Persae
1722 2757 1761 2787 et
