<?xml version="1.0" encoding="UTF-8"?>
<!DOCTYPE html PUBLIC "-//W3C//DTD XHTML 1.0 Transitional//EN"
    "http://www.w3.org/TR/xhtml1/DTD/xhtml1-transitional.dtd">
<html xmlns="http://www.w3.org/1999/xhtml" xml:lang="en" lang="en">
 <head>
  <title>
</title>
<meta http-equiv="Content-Type" content="text/html;charset=utf-8" />
  <meta name='ocr-system' content='tesseract 3.04.00' />
  <meta name='ocr-capabilities' content='ocr_page ocr_carea ocr_par ocr_line ocrx_word'/>
</head>
<body>
  <div class='ocr_page' id='page_1' title='image "./corpusscriptorum25niebuoft_0518.png"; bbox 0 0 1794 3158; ppageno 0'>
   <div class='ocr_carea' id='block_1_1' title="bbox 303 149 1218 210">
    <p class='ocr_par' dir='ltr' id='par_1_1' title="bbox 303 149 1218 210">
     <span class='ocr_line' id='line_1_1' title="bbox 303 149 1218 210; baseline 0.008 -7"><span class='ocrx_word' id='word_1_1' title='bbox 303 149 412 204; x_wconf 81' lang='lat'>508</span> <span class='ocrx_word' id='word_1_2' title='bbox 806 162 1218 210; x_wconf 75' lang='lat' dir='ltr'>ANNOTATioNEs</span> 
     </span>
    </p>
   </div>
   <div class='ocr_carea' id='block_1_2' title="bbox 292 268 1768 2796">
    <p class='ocr_par' dir='ltr' id='par_1_2' title="bbox 296 268 1730 696">
     <span class='ocr_line' id='line_1_2' title="bbox 300 268 1726 326; baseline 0.004 -16"><span class='ocrx_word' id='word_1_3' title='bbox 300 284 418 310; x_wconf 87' lang='lat' dir='ltr'>zenus</span> <span class='ocrx_word' id='word_1_4' title='bbox 447 268 550 311; x_wconf 89' lang='lat' dir='ltr'>libro</span> <span class='ocrx_word' id='word_1_5' title='bbox 577 272 613 313; x_wconf 78' lang='lat'>5.</span> <span class='ocrx_word' id='word_1_6' title='bbox 643 270 770 323; x_wconf 85' lang='lat' dir='ltr'>capite</span> <span class='ocrx_word' id='word_1_7' title='bbox 793 269 860 324; x_wconf 88' lang='lat'>98.</span> <span class='ocrx_word' id='word_1_8' title='bbox 891 277 931 310; x_wconf 84' lang='lat' dir='ltr'>ct</span> <span class='ocrx_word' id='word_1_9' title='bbox 960 270 1063 310; x_wconf 87' lang='lat' dir='ltr'>libro</span> <span class='ocrx_word' id='word_1_10' title='bbox 1084 270 1122 323; x_wconf 78' lang='grc'>4.</span> <span class='ocrx_word' id='word_1_11' title='bbox 1151 274 1278 326; x_wconf 87' lang='lat' dir='ltr'>capite</span> <span class='ocrx_word' id='word_1_12' title='bbox 1298 271 1364 326; x_wconf 68' lang='lat'>24.</span> <span class='ocrx_word' id='word_1_13' title='bbox 1422 274 1641 314; x_wconf 85' lang='lat' dir='ltr'><strong>Damnatus</strong></span> <span class='ocrx_word' id='word_1_14' title='bbox 1667 283 1726 315; x_wconf 82' lang='lat' dir='ltr'>est</span> 
     </span>
     <span class='ocr_line' id='line_1_3' title="bbox 299 325 1730 382; baseline 0.003 -17"><span class='ocrx_word' id='word_1_15' title='bbox 299 326 467 365; x_wconf 82' lang='lat' dir='ltr'>Ioannes</span> <span class='ocrx_word' id='word_1_16' title='bbox 513 326 735 380; x_wconf 87' lang='lat' dir='ltr'>patriarcha</span> <span class='ocrx_word' id='word_1_17' title='bbox 773 325 900 379; x_wconf 85' lang='lat' dir='ltr'><strong>deque</strong></span> <span class='ocrx_word' id='word_1_18' title='bbox 942 326 1143 379; x_wconf 80' lang='lat' dir='ltr'>dignitatis</span> <span class='ocrx_word' id='word_1_19' title='bbox 1179 327 1303 382; x_wconf 84' lang='lat' dir='ltr'>gradu</span> <span class='ocrx_word' id='word_1_20' title='bbox 1349 329 1547 380; x_wconf 86' lang='lat' dir='ltr'>deiectus,</span> <span class='ocrx_word' id='word_1_21' title='bbox 1594 337 1730 370; x_wconf 81' lang='lat' dir='ltr'>tomus</span> 
     </span>
     <span class='ocr_line' id='line_1_4' title="bbox 299 381 1723 436; baseline 0.003 -16"><span class='ocrx_word' id='word_1_22' title='bbox 299 381 399 421; x_wconf 87' lang='lat' dir='ltr'>alter</span> <span class='ocrx_word' id='word_1_23' title='bbox 424 389 562 420; x_wconf 87' lang='lat' dir='ltr'>contra</span> <span class='ocrx_word' id='word_1_24' title='bbox 583 381 838 434; x_wconf 87' lang='lat' dir='ltr'>Acindynum</span> <span class='ocrx_word' id='word_1_25' title='bbox 868 382 1029 434; x_wconf 89' lang='lat' dir='ltr'>eiusque</span> <span class='ocrx_word' id='word_1_26' title='bbox 1048 382 1262 435; x_wconf 90' lang='lat' dir='ltr'>discipulos</span> <span class='ocrx_word' id='word_1_27' title='bbox 1289 386 1533 436; x_wconf 85' lang='lat' dir='ltr'>conscriptus</span> <span class='ocrx_word' id='word_1_28' title='bbox 1561 391 1599 424; x_wconf 82' lang='lat' dir='ltr'>et</span> <span class='ocrx_word' id='word_1_29' title='bbox 1627 385 1723 424; x_wconf 82' lang='lat' dir='ltr'>sub-</span> 
     </span>
     <span class='ocr_line' id='line_1_5' title="bbox 297 432 1722 490; baseline 0.002 -15"><span class='ocrx_word' id='word_1_30' title='bbox 297 439 496 489; x_wconf 76' lang='lat' dir='ltr'>scriptus:</span> <span class='ocrx_word' id='word_1_31' title='bbox 535 434 799 488; x_wconf 76' lang='grc' dir='ltr'><em>ὖπογραφαῖς</em></span> <span class='ocrx_word' id='word_1_32' title='bbox 828 433 1060 487; x_wconf 75' lang='grc' dir='ltr'><em>ἀρχιερέων</em></span> <span class='ocrx_word' id='word_1_33' title='bbox 1085 432 1302 490; x_wconf 79' lang='grc' dir='ltr'><em>τριάκοντα</em></span> <span class='ocrx_word' id='word_1_34' title='bbox 1329 436 1373 476; x_wconf 80' lang='grc' dir='ltr'>τὸ</span> <span class='ocrx_word' id='word_1_35' title='bbox 1402 439 1571 489; x_wconf 79' lang='grc' dir='ltr'>βέβαιον</span> <span class='ocrx_word' id='word_1_36' title='bbox 1600 435 1722 490; x_wconf 81' lang='grc' dir='ltr'><em>ἔχων,</em></span> 
     </span>
     <span class='ocr_line' id='line_1_6' title="bbox 298 484 1728 543; baseline 0.002 -15"><span class='ocrx_word' id='word_1_37' title='bbox 298 485 359 537; x_wconf 81' lang='grc' dir='ltr'>οἷς</span> <span class='ocrx_word' id='word_1_38' title='bbox 389 494 556 530; x_wconf 79' lang='grc' dir='ltr'><strong><em>συνεῖπε</em></strong></span> <span class='ocrx_word' id='word_1_39' title='bbox 597 490 651 528; x_wconf 74' lang='grc' dir='ltr'>δι’</span> <span class='ocrx_word' id='word_1_40' title='bbox 677 490 925 543; x_wconf 74' lang='grc' dir='ltr'><em>ὑπογραφῆς</em></span> <span class='ocrx_word' id='word_1_41' title='bbox 965 484 1138 543; x_wconf 73' lang='grc' dir='ltr'><em>ὕστερον</em></span> <span class='ocrx_word' id='word_1_42' title='bbox 1170 491 1242 530; x_wconf 82' lang='grc' dir='ltr'><em>καί</em></span> <span class='ocrx_word' id='word_1_43' title='bbox 1268 489 1290 530; x_wconf 81' lang='grc' dir='ltr'><em>ὃ</em></span> <span class='ocrx_word' id='word_1_44' title='bbox 1322 489 1546 543; x_wconf 75' lang='grc' dir='ltr'><em>ἁγιώτατος</em></span> <span class='ocrx_word' id='word_1_45' title='bbox 1575 507 1728 543; x_wconf 83' lang='grc' dir='ltr'><em>πατρι-</em></span> 
     </span>
     <span class='ocr_line' id='line_1_7' title="bbox 297 540 1728 602; baseline 0.003 -19"><span class='ocrx_word' id='word_1_46' title='bbox 297 542 429 597; x_wconf 79' lang='grc' dir='ltr'><em>άρχης</em></span> <span class='ocrx_word' id='word_1_47' title='bbox 459 540 777 597; x_wconf 78' lang='grc' dir='ltr'>Ἱεροσολύμων,</span> <span class='ocrx_word' id='word_1_48' title='bbox 821 546 950 598; x_wconf 85' lang='lat' dir='ltr'>inquit</span> <span class='ocrx_word' id='word_1_49' title='bbox 990 545 1119 584; x_wconf 90' lang='lat' dir='ltr'>David</span> <span class='ocrx_word' id='word_1_50' title='bbox 1166 546 1410 596; x_wconf 81' lang='lat' dir='ltr'>Monachus,</span> <span class='ocrx_word' id='word_1_51' title='bbox 1443 562 1511 588; x_wconf 90' lang='lat' dir='ltr'>seu</span> <span class='ocrx_word' id='word_1_52' title='bbox 1550 549 1728 602; x_wconf 83' lang='lat' dir='ltr'>quisquis</span> 
     </span>
     <span class='ocr_line' id='line_1_8' title="bbox 298 599 1725 657; baseline 0.004 -19"><span class='ocrx_word' id='word_1_53' title='bbox 298 599 364 638; x_wconf 89' lang='lat' dir='ltr'>ille</span> <span class='ocrx_word' id='word_1_54' title='bbox 391 599 579 640; x_wconf 82' lang='lat' dir='ltr'>collector</span> <span class='ocrx_word' id='word_1_55' title='bbox 605 606 680 652; x_wconf 86' lang='lat' dir='ltr'>est,</span> <span class='ocrx_word' id='word_1_56' title='bbox 707 602 749 640; x_wconf 89' lang='lat' dir='ltr'>in</span> <span class='ocrx_word' id='word_1_57' title='bbox 777 614 847 640; x_wconf 88' lang='lat' dir='ltr'>sua</span> <span class='ocrx_word' id='word_1_58' title='bbox 876 601 926 640; x_wconf 91' lang='lat' dir='ltr'>de</span> <span class='ocrx_word' id='word_1_59' title='bbox 953 602 1220 642; x_wconf 83' lang='lat' dir='ltr'>controversia</span> <span class='ocrx_word' id='word_1_60' title='bbox 1238 601 1431 642; x_wconf 77' lang='lat' dir='ltr'>Barlaami</span> <span class='ocrx_word' id='word_1_61' title='bbox 1460 610 1499 643; x_wconf 88' lang='lat' dir='ltr'>et</span> <span class='ocrx_word' id='word_1_62' title='bbox 1526 603 1725 657; x_wconf 86' lang='lat' dir='ltr'>Acindyni</span> 
     </span>
     <span class='ocr_line' id='line_1_9' title="bbox 296 654 502 696; baseline 0.01 -3"><span class='ocrx_word' id='word_1_63' title='bbox 296 654 502 696; x_wconf 80' lang='lat' dir='ltr'><strong>relatione.</strong></span> 
     </span>
    </p>

    <p class='ocr_par' dir='ltr' id='par_1_3' title="bbox 292 710 1737 2467">
     <span class='ocr_line' id='line_1_10' title="bbox 405 710 1728 765; baseline 0.002 -15"><span class='ocrx_word' id='word_1_64' title='bbox 405 710 585 750; x_wconf 88' lang='lat' dir='ltr'><strong>Necdum</strong></span> <span class='ocrx_word' id='word_1_65' title='bbox 611 717 744 750; x_wconf 90' lang='lat' dir='ltr'>tamen</span> <span class='ocrx_word' id='word_1_66' title='bbox 773 710 959 751; x_wconf 85' lang='lat' dir='ltr'>Palamae</span> <span class='ocrx_word' id='word_1_67' title='bbox 992 712 1153 765; x_wconf 84' lang='lat' dir='ltr'>eiusque</span> <span class='ocrx_word' id='word_1_68' title='bbox 1189 711 1372 751; x_wconf 79' lang='lat' dir='ltr'><strong>studiosis</strong></span> <span class='ocrx_word' id='word_1_69' title='bbox 1400 712 1563 765; x_wconf 79' lang='lat' dir='ltr'>pacifice</span> <span class='ocrx_word' id='word_1_70' title='bbox 1584 714 1728 752; x_wconf 87' lang='lat' dir='ltr'>trium-</span> 
     </span>
     <span class='ocr_line' id='line_1_11' title="bbox 295 763 1728 820; baseline 0.003 -17"><span class='ocrx_word' id='word_1_71' title='bbox 295 763 419 817; x_wconf 84' lang='lat' dir='ltr'><strong>phare</strong></span> <span class='ocrx_word' id='word_1_72' title='bbox 465 765 634 812; x_wconf 85' lang='lat' dir='ltr'>licebat,</span> <span class='ocrx_word' id='word_1_73' title='bbox 674 765 766 805; x_wconf 88' lang='lat' dir='ltr'>licet</span> <span class='ocrx_word' id='word_1_74' title='bbox 800 768 917 805; x_wconf 85' lang='lat' dir='ltr'>tertia</span> <span class='ocrx_word' id='word_1_75' title='bbox 964 767 1042 806; x_wconf 85' lang='lat' dir='ltr'>iam</span> <span class='ocrx_word' id='word_1_76' title='bbox 1082 767 1235 820; x_wconf 91' lang='lat' dir='ltr'>synodo</span> <span class='ocrx_word' id='word_1_77' title='bbox 1272 769 1441 806; x_wconf 86' lang='lat' dir='ltr'>victores</span> <span class='ocrx_word' id='word_1_78' title='bbox 1482 769 1728 820; x_wconf 76' lang='lat' dir='ltr'>pronuntiati</span> 
     </span>
     <span class='ocr_line' id='line_1_12' title="bbox 295 820 1727 873; baseline 0.004 -16"><span class='ocrx_word' id='word_1_79' title='bbox 295 820 475 860; x_wconf 87' lang='lat' dir='ltr'>fuissent.</span> <span class='ocrx_word' id='word_1_80' title='bbox 533 820 719 873; x_wconf 85' lang='lat' dir='ltr'>Plerique</span> <span class='ocrx_word' id='word_1_81' title='bbox 757 822 863 859; x_wconf 89' lang='lat' dir='ltr'>enim</span> <span class='ocrx_word' id='word_1_82' title='bbox 901 834 945 859; x_wconf 84' lang='lat' dir='ltr'>ex</span> <span class='ocrx_word' id='word_1_83' title='bbox 981 821 1226 861; x_wconf 83' lang='lat' dir='ltr'>doctioribus</span> <span class='ocrx_word' id='word_1_84' title='bbox 1262 828 1371 861; x_wconf 89' lang='lat' dir='ltr'>tomo</span> <span class='ocrx_word' id='word_1_85' title='bbox 1409 835 1478 861; x_wconf 89' lang='lat' dir='ltr'>seu</span> <span class='ocrx_word' id='word_1_86' title='bbox 1508 823 1727 863; x_wconf 81' lang='lat' dir='ltr'>definitioni</span> 
     </span>
     <span class='ocr_line' id='line_1_13' title="bbox 296 874 1726 930; baseline 0.003 -17"><span class='ocrx_word' id='word_1_87' title='bbox 296 881 336 913; x_wconf 90' lang='lat' dir='ltr'>et</span> <span class='ocrx_word' id='word_1_88' title='bbox 363 874 522 914; x_wconf 90' lang='lat' dir='ltr'>decreto</span> <span class='ocrx_word' id='word_1_89' title='bbox 550 875 691 930; x_wconf 89' lang='lat' dir='ltr'>synodi</span> <span class='ocrx_word' id='word_1_90' title='bbox 719 877 885 914; x_wconf 88' lang='lat' dir='ltr'>minime</span> <span class='ocrx_word' id='word_1_91' title='bbox 911 877 1203 929; x_wconf 81' lang='lat' dir='ltr'>acquiescentes</span> <span class='ocrx_word' id='word_1_92' title='bbox 1231 874 1354 916; x_wconf 88' lang='lat' dir='ltr'>libere</span> <span class='ocrx_word' id='word_1_93' title='bbox 1384 878 1726 930; x_wconf 83' lang='lat' dir='ltr'>contradicebant,</span> 
     </span>
     <span class='ocr_line' id='line_1_14' title="bbox 295 930 1725 985; baseline 0.002 -16"><span class='ocrx_word' id='word_1_94' title='bbox 295 943 541 984; x_wconf 53' lang='lat' dir='ltr'>ex‘quorum</span> <span class='ocrx_word' id='word_1_95' title='bbox 568 944 735 969; x_wconf 85' lang='lat' dir='ltr'>numero</span> <span class='ocrx_word' id='word_1_96' title='bbox 755 930 1030 984; x_wconf 81' lang='lat' dir='ltr'>metropolitae</span> <span class='ocrx_word' id='word_1_97' title='bbox 1057 931 1153 981; x_wconf 85' lang='lat' dir='ltr'>duo,</span> <span class='ocrx_word' id='word_1_98' title='bbox 1175 931 1276 970; x_wconf 88' lang='lat' dir='ltr'>alter</span> <span class='ocrx_word' id='word_1_99' title='bbox 1290 932 1450 985; x_wconf 86' lang='lat' dir='ltr'>Ephesi,</span> <span class='ocrx_word' id='word_1_100' title='bbox 1484 931 1584 971; x_wconf 88' lang='lat' dir='ltr'>alter</span> <span class='ocrx_word' id='word_1_101' title='bbox 1605 934 1725 984; x_wconf 80' lang='lat' dir='ltr'>Gaui,</span> 
     </span>
     <span class='ocr_line' id='line_1_15' title="bbox 295 985 1727 1041; baseline 0.003 -18"><span class='ocrx_word' id='word_1_102' title='bbox 295 985 390 1023; x_wconf 89' lang='lat' dir='ltr'>item</span> <span class='ocrx_word' id='word_1_103' title='bbox 418 985 665 1039; x_wconf 88' lang='lat' dir='ltr'>Nicephorus</span> <span class='ocrx_word' id='word_1_104' title='bbox 691 987 887 1039; x_wconf 84' lang='lat' dir='ltr'>Gregoras</span> <span class='ocrx_word' id='word_1_105' title='bbox 919 993 958 1024; x_wconf 89' lang='lat' dir='ltr'>et</span> <span class='ocrx_word' id='word_1_106' title='bbox 986 987 1144 1026; x_wconf 90' lang='lat' dir='ltr'>Deixus.</span> <span class='ocrx_word' id='word_1_107' title='bbox 1201 985 1348 1026; x_wconf 85' lang='lat' dir='ltr'>Coacta</span> <span class='ocrx_word' id='word_1_108' title='bbox 1380 993 1438 1026; x_wconf 90' lang='lat' dir='ltr'>est</span> <span class='ocrx_word' id='word_1_109' title='bbox 1467 1001 1559 1041; x_wconf 81' lang='lat' dir='ltr'>ergo</span> <span class='ocrx_word' id='word_1_110' title='bbox 1586 996 1727 1041; x_wconf 86' lang='lat' dir='ltr'>quarta</span> 
     </span>
     <span class='ocr_line' id='line_1_16' title="bbox 294 1040 1728 1095; baseline 0.002 -16"><span class='ocrx_word' id='word_1_111' title='bbox 294 1040 470 1093; x_wconf 80' lang='lat' dir='ltr'>synodus</span> <span class='ocrx_word' id='word_1_112' title='bbox 499 1055 521 1082; x_wconf 88' lang='lat' dir='ltr'>a</span> <span class='ocrx_word' id='word_1_113' title='bbox 551 1041 828 1080; x_wconf 85' lang='lat' dir='ltr'>Cantacuzeno</span> <span class='ocrx_word' id='word_1_114' title='bbox 849 1071 861 1088; x_wconf 84' lang='lat'>‚</span> <span class='ocrx_word' id='word_1_115' title='bbox 891 1048 1100 1095; x_wconf 82' lang='lat' dir='ltr'>postquam</span> <span class='ocrx_word' id='word_1_116' title='bbox 1129 1040 1514 1094; x_wconf 83' lang='lat' dir='ltr'>Constantinopolim</span> <span class='ocrx_word' id='word_1_117' title='bbox 1545 1044 1623 1081; x_wconf 87' lang='lat' dir='ltr'>iarn</span> <span class='ocrx_word' id='word_1_118' title='bbox 1651 1043 1728 1082; x_wconf 88' lang='lat' dir='ltr'>ob-</span> 
     </span>
     <span class='ocr_line' id='line_1_17' title="bbox 293 1095 1727 1150; baseline 0.003 -17"><span class='ocrx_word' id='word_1_119' title='bbox 293 1095 500 1142; x_wconf 85' lang='lat' dir='ltr'>tinuisset,</span> <span class='ocrx_word' id='word_1_120' title='bbox 541 1095 787 1148; x_wconf 78' lang='lat' dir='ltr'>praesidente</span> <span class='ocrx_word' id='word_1_121' title='bbox 814 1097 900 1150; x_wconf 88' lang='lat' dir='ltr'>ipso</span> <span class='ocrx_word' id='word_1_122' title='bbox 929 1097 1207 1136; x_wconf 86' lang='lat' dir='ltr'>Cantacuzeno</span> <span class='ocrx_word' id='word_1_123' title='bbox 1236 1103 1275 1135; x_wconf 86' lang='lat' dir='ltr'>et</span> <span class='ocrx_word' id='word_1_124' title='bbox 1305 1096 1472 1136; x_wconf 86' lang='lat' dir='ltr'>Callisto</span> <span class='ocrx_word' id='word_1_125' title='bbox 1499 1098 1727 1149; x_wconf 83' lang='lat' dir='ltr'>patriarcha</span> 
     </span>
     <span class='ocr_line' id='line_1_18' title="bbox 295 1149 1730 1207; baseline 0.003 -19"><span class='ocrx_word' id='word_1_126' title='bbox 295 1149 754 1203; x_wconf 85' lang='lat' dir='ltr'>Constantinopolitano,</span> <span class='ocrx_word' id='word_1_127' title='bbox 784 1152 822 1189; x_wconf 90' lang='lat' dir='ltr'>in</span> <span class='ocrx_word' id='word_1_128' title='bbox 858 1150 990 1189; x_wconf 91' lang='lat' dir='ltr'>locum</span> <span class='ocrx_word' id='word_1_129' title='bbox 1019 1152 1159 1191; x_wconf 90' lang='lat' dir='ltr'>deiecti</span> <span class='ocrx_word' id='word_1_130' title='bbox 1177 1153 1334 1190; x_wconf 87' lang='lat' dir='ltr'>loannis</span> <span class='ocrx_word' id='word_1_131' title='bbox 1361 1151 1550 1191; x_wconf 80' lang='lat' dir='ltr'>suffecto:</span> <span class='ocrx_word' id='word_1_132' title='bbox 1581 1153 1629 1191; x_wconf 92' lang='lat' dir='ltr'>de</span> <span class='ocrx_word' id='word_1_133' title='bbox 1648 1168 1730 1207; x_wconf 86' lang='lat' dir='ltr'>qua</span> 
     </span>
     <span class='ocr_line' id='line_1_19' title="bbox 294 1205 1730 1260; baseline 0.003 -17"><span class='ocrx_word' id='word_1_134' title='bbox 294 1205 448 1258; x_wconf 85' lang='lat' dir='ltr'>synodo</span> <span class='ocrx_word' id='word_1_135' title='bbox 481 1205 566 1244; x_wconf 85' lang='lat' dir='ltr'>fuse</span> <span class='ocrx_word' id='word_1_136' title='bbox 595 1206 894 1245; x_wconf 88' lang='lat' dir='ltr'>Cantacuzenus</span> <span class='ocrx_word' id='word_1_137' title='bbox 922 1206 1025 1246; x_wconf 88' lang='lat' dir='ltr'>libro</span> <span class='ocrx_word' id='word_1_138' title='bbox 1063 1214 1208 1260; x_wconf 86' lang='lat' dir='ltr'>quarto</span> <span class='ocrx_word' id='word_1_139' title='bbox 1226 1235 1237 1256; x_wconf 88' lang='lat'>,</span> <span class='ocrx_word' id='word_1_140' title='bbox 1275 1207 1403 1259; x_wconf 85' lang='lat' dir='ltr'>capite</span> <span class='ocrx_word' id='word_1_141' title='bbox 1430 1208 1620 1260; x_wconf 83' lang='lat' dir='ltr'>vigesimo</span> <span class='ocrx_word' id='word_1_142' title='bbox 1648 1215 1730 1247; x_wconf 88' lang='lat' dir='ltr'>ter·-</span> 
     </span>
     <span class='ocr_line' id='line_1_20' title="bbox 294 1261 1729 1315; baseline 0.003 -17"><span class='ocrx_word' id='word_1_143' title='bbox 294 1261 367 1311; x_wconf 86' lang='lat' dir='ltr'>tio,</span> <span class='ocrx_word' id='word_1_144' title='bbox 396 1261 587 1313; x_wconf 79' lang='lat' dir='ltr'>vigesimo</span> <span class='ocrx_word' id='word_1_145' title='bbox 621 1268 792 1314; x_wconf 79' lang='lat' dir='ltr'>quarto,</span> <span class='ocrx_word' id='word_1_146' title='bbox 824 1261 1014 1314; x_wconf 82' lang='lat' dir='ltr'>vigesimo</span> <span class='ocrx_word' id='word_1_147' title='bbox 1051 1265 1192 1315; x_wconf 89' lang='lat' dir='ltr'>quinto</span> <span class='ocrx_word' id='word_1_148' title='bbox 1220 1268 1260 1300; x_wconf 87' lang='lat' dir='ltr'>et</span> <span class='ocrx_word' id='word_1_149' title='bbox 1286 1262 1419 1302; x_wconf 90' lang='lat' dir='ltr'>David</span> <span class='ocrx_word' id='word_1_150' title='bbox 1441 1262 1658 1302; x_wconf 86' lang='lat' dir='ltr'>Monachus</span> <span class='ocrx_word' id='word_1_151' title='bbox 1685 1265 1729 1303; x_wconf 82' lang='lat' dir='ltr'>in</span> 
     </span>
     <span class='ocr_line' id='line_1_21' title="bbox 295 1315 1729 1369; baseline 0.001 -15"><span class='ocrx_word' id='word_1_152' title='bbox 295 1327 368 1354; x_wconf 86' lang='lat' dir='ltr'>sua</span> <span class='ocrx_word' id='word_1_153' title='bbox 395 1315 585 1354; x_wconf 87' lang='lat' dir='ltr'>relatione</span> <span class='ocrx_word' id='word_1_154' title='bbox 603 1346 613 1364; x_wconf 87' lang='lat'>‚</span> <span class='ocrx_word' id='word_1_155' title='bbox 646 1317 767 1355; x_wconf 91' lang='lat' dir='ltr'>immo</span> <span class='ocrx_word' id='word_1_156' title='bbox 795 1323 879 1355; x_wconf 87' lang='lat' dir='ltr'>tota</span> <span class='ocrx_word' id='word_1_157' title='bbox 908 1324 1032 1355; x_wconf 87' lang='lat' dir='ltr'>exstat</span> <span class='ocrx_word' id='word_1_158' title='bbox 1064 1319 1105 1356; x_wconf 90' lang='lat' dir='ltr'>in</span> <span class='ocrx_word' id='word_1_159' title='bbox 1133 1318 1288 1369; x_wconf 82' lang='lat' dir='ltr'>saepius</span> <span class='ocrx_word' id='word_1_160' title='bbox 1318 1317 1395 1356; x_wconf 89' lang='lat' dir='ltr'>iam</span> <span class='ocrx_word' id='word_1_161' title='bbox 1426 1318 1634 1357; x_wconf 86' lang='lat' dir='ltr'>nominato</span> <span class='ocrx_word' id='word_1_162' title='bbox 1660 1331 1729 1356; x_wconf 89' lang='lat' dir='ltr'>co-</span> 
     </span>
     <span class='ocr_line' id='line_1_22' title="bbox 294 1369 1731 1425; baseline 0.002 -18"><span class='ocrx_word' id='word_1_163' title='bbox 294 1369 381 1408; x_wconf 92' lang='lat' dir='ltr'>dice</span> <span class='ocrx_word' id='word_1_164' title='bbox 411 1371 642 1422; x_wconf 85' lang='lat' dir='ltr'>Augustano</span> <span class='ocrx_word' id='word_1_165' title='bbox 663 1401 674 1420; x_wconf 84' lang='lat'><strong>‚</strong></span> <span class='ocrx_word' id='word_1_166' title='bbox 709 1385 800 1409; x_wconf 89' lang='lat' dir='ltr'>cum</span> <span class='ocrx_word' id='word_1_167' title='bbox 828 1370 1188 1424; x_wconf 89' lang='lat' dir='ltr'>subscriptionibus</span> <span class='ocrx_word' id='word_1_168' title='bbox 1215 1372 1422 1425; x_wconf 88' lang='lat' dir='ltr'>utriusque</span> <span class='ocrx_word' id='word_1_169' title='bbox 1451 1373 1696 1425; x_wconf 87' lang='lat' dir='ltr'>imperatoris</span> <span class='ocrx_word' id='word_1_170' title='bbox 1716 1403 1731 1423; x_wconf 82' lang='lat'><em>,</em></span> 
     </span>
     <span class='ocr_line' id='line_1_23' title="bbox 296 1424 1728 1480; baseline 0.001 -17"><span class='ocrx_word' id='word_1_171' title='bbox 296 1424 562 1464; x_wconf 90' lang='lat' dir='ltr'>Cantacuzeni</span> <span class='ocrx_word' id='word_1_172' title='bbox 592 1425 777 1465; x_wconf 89' lang='lat' dir='ltr'>videlicet</span> <span class='ocrx_word' id='word_1_173' title='bbox 819 1433 858 1464; x_wconf 92' lang='lat' dir='ltr'>et</span> <span class='ocrx_word' id='word_1_174' title='bbox 899 1427 1058 1466; x_wconf 88' lang='lat' dir='ltr'>Ioannis</span> <span class='ocrx_word' id='word_1_175' title='bbox 1097 1426 1350 1478; x_wconf 86' lang='lat' dir='ltr'>Palaeologi‚</span> <span class='ocrx_word' id='word_1_176' title='bbox 1381 1428 1728 1480; x_wconf 81' lang='lat' dir='ltr'>metropolitarum</span> 
     </span>
     <span class='ocr_line' id='line_1_24' title="bbox 294 1480 1731 1534; baseline 0.001 -16"><span class='ocrx_word' id='word_1_177' title='bbox 294 1486 334 1518; x_wconf 87' lang='lat' dir='ltr'>et</span> <span class='ocrx_word' id='word_1_178' title='bbox 374 1482 648 1533; x_wconf 88' lang='lat' dir='ltr'>episcoporum</span> <span class='ocrx_word' id='word_1_179' title='bbox 692 1480 940 1534; x_wconf 85' lang='lat' dir='ltr'>aliorumque</span> <span class='ocrx_word' id='word_1_180' title='bbox 991 1484 1263 1522; x_wconf 88' lang='lat' dir='ltr'>ministrorum</span> <span class='ocrx_word' id='word_1_181' title='bbox 1307 1482 1505 1521; x_wconf 86' lang='lat' dir='ltr'>ecclesiae.</span> <span class='ocrx_word' id='word_1_182' title='bbox 1583 1482 1731 1521; x_wconf 82' lang='lat' dir='ltr'>Eidem</span> 
     </span>
     <span class='ocr_line' id='line_1_25' title="bbox 294 1535 1727 1588; baseline 0.002 -15"><span class='ocrx_word' id='word_1_183' title='bbox 294 1535 448 1587; x_wconf 89' lang='lat' dir='ltr'>synodo</span> <span class='ocrx_word' id='word_1_184' title='bbox 495 1543 630 1588; x_wconf 88' lang='lat' dir='ltr'>postea</span> <span class='ocrx_word' id='word_1_185' title='bbox 673 1536 920 1575; x_wconf 86' lang='lat' dir='ltr'>subscribere</span> <span class='ocrx_word' id='word_1_186' title='bbox 954 1536 1090 1576; x_wconf 87' lang='lat' dir='ltr'>debuit</span> <span class='ocrx_word' id='word_1_187' title='bbox 1130 1536 1355 1576; x_wconf 82' lang='lat' dir='ltr'>Matthaeus</span> <span class='ocrx_word' id='word_1_188' title='bbox 1398 1538 1727 1585; x_wconf 86' lang='lat' dir='ltr'>Cantacuzenus,</span> 
     </span>
     <span class='ocr_line' id='line_1_26' title="bbox 295 1589 1731 1645; baseline 0.001 -17"><span class='ocrx_word' id='word_1_189' title='bbox 295 1589 456 1629; x_wconf 86' lang='lat' dir='ltr'>Ioannis</span> <span class='ocrx_word' id='word_1_190' title='bbox 484 1590 601 1640; x_wconf 84' lang='lat' dir='ltr'>filius,</span> <span class='ocrx_word' id='word_1_191' title='bbox 635 1591 712 1630; x_wconf 88' lang='lat' dir='ltr'>iam</span> <span class='ocrx_word' id='word_1_192' title='bbox 744 1591 794 1630; x_wconf 88' lang='lat' dir='ltr'>ad</span> <span class='ocrx_word' id='word_1_193' title='bbox 826 1591 1037 1643; x_wconf 88' lang='lat' dir='ltr'>imperium</span> <span class='ocrx_word' id='word_1_194' title='bbox 1065 1600 1236 1640; x_wconf 87' lang='lat' dir='ltr'>evectus,</span> <span class='ocrx_word' id='word_1_195' title='bbox 1269 1598 1308 1630; x_wconf 90' lang='lat' dir='ltr'>et</span> <span class='ocrx_word' id='word_1_196' title='bbox 1331 1592 1491 1643; x_wconf 88' lang='lat' dir='ltr'>quidem</span> <span class='ocrx_word' id='word_1_197' title='bbox 1520 1606 1600 1631; x_wconf 89' lang='lat' dir='ltr'>non</span> <span class='ocrx_word' id='word_1_198' title='bbox 1630 1606 1731 1645; x_wconf 89' lang='lat' dir='ltr'>pau-</span> 
     </span>
     <span class='ocr_line' id='line_1_27' title="bbox 295 1645 1731 1699; baseline 0.001 -16"><span class='ocrx_word' id='word_1_199' title='bbox 295 1646 365 1694; x_wconf 90' lang='lat' dir='ltr'>cis,</span> <span class='ocrx_word' id='word_1_200' title='bbox 396 1652 440 1683; x_wconf 91' lang='lat' dir='ltr'>ut</span> <span class='ocrx_word' id='word_1_201' title='bbox 467 1647 589 1684; x_wconf 86' lang='lat' dir='ltr'>moris</span> <span class='ocrx_word' id='word_1_202' title='bbox 615 1654 724 1696; x_wconf 86' lang='lat' dir='ltr'>erat,</span> <span class='ocrx_word' id='word_1_203' title='bbox 767 1645 836 1685; x_wconf 90' lang='lat' dir='ltr'>sed</span> <span class='ocrx_word' id='word_1_204' title='bbox 865 1645 1015 1698; x_wconf 87' lang='lat' dir='ltr'>prolixe</span> <span class='ocrx_word' id='word_1_205' title='bbox 1058 1647 1285 1686; x_wconf 85' lang='lat' dir='ltr'>admodum.</span> <span class='ocrx_word' id='word_1_206' title='bbox 1343 1648 1530 1699; x_wconf 81' lang='lat' dir='ltr'>Legimus</span> <span class='ocrx_word' id='word_1_207' title='bbox 1555 1647 1731 1686; x_wconf 87' lang='lat' dir='ltr'>subscri-</span> 
     </span>
     <span class='ocr_line' id='line_1_28' title="bbox 294 1700 1730 1756; baseline 0.002 -19"><span class='ocrx_word' id='word_1_208' title='bbox 294 1700 471 1752; x_wconf 84' lang='lat' dir='ltr'>ptionem</span> <span class='ocrx_word' id='word_1_209' title='bbox 501 1700 603 1739; x_wconf 89' lang='lat' dir='ltr'>hanc</span> <span class='ocrx_word' id='word_1_210' title='bbox 631 1702 673 1739; x_wconf 89' lang='lat' dir='ltr'>in</span> <span class='ocrx_word' id='word_1_211' title='bbox 706 1701 942 1753; x_wconf 84' lang='lat' dir='ltr'>Augustano</span> <span class='ocrx_word' id='word_1_212' title='bbox 970 1702 1117 1752; x_wconf 86' lang='lat' dir='ltr'>codice,</span> <span class='ocrx_word' id='word_1_213' title='bbox 1147 1715 1247 1756; x_wconf 91' lang='lat' dir='ltr'>quae</span> <span class='ocrx_word' id='word_1_214' title='bbox 1278 1700 1340 1739; x_wconf 87' lang='lat' dir='ltr'>his</span> <span class='ocrx_word' id='word_1_215' title='bbox 1378 1703 1511 1741; x_wconf 90' lang='lat' dir='ltr'>verbis</span> <span class='ocrx_word' id='word_1_216' title='bbox 1539 1704 1730 1741; x_wconf 82' lang='lat' dir='ltr'>termina·-</span> 
     </span>
     <span class='ocr_line' id='line_1_29' title="bbox 295 1753 1737 1810; baseline 0.002 -18"><span class='ocrx_word' id='word_1_217' title='bbox 295 1760 388 1793; x_wconf 87' lang='lat' dir='ltr'>tur:</span> <span class='ocrx_word' id='word_1_218' title='bbox 434 1753 642 1810; x_wconf 69' lang='grc' dir='ltr'>παρουσίᾳ</span> <span class='ocrx_word' id='word_1_219' title='bbox 674 1755 749 1794; x_wconf 80' lang='grc' dir='ltr'>τοῦ</span> <span class='ocrx_word' id='word_1_220' title='bbox 777 1757 979 1808; x_wconf 77' lang='grc' dir='ltr'><em>κραταιοῦ</em></span> <span class='ocrx_word' id='word_1_221' title='bbox 1017 1757 1089 1795; x_wconf 81' lang='grc' dir='ltr'>καί</span> <span class='ocrx_word' id='word_1_222' title='bbox 1115 1756 1262 1809; x_wconf 79' lang='grc' dir='ltr'><strong><em>κυρίου</em></strong></span> <span class='ocrx_word' id='word_1_223' title='bbox 1289 1767 1398 1806; x_wconf 84' lang='grc' dir='ltr'><strong><em>μου,</em></strong></span> <span class='ocrx_word' id='word_1_224' title='bbox 1424 1756 1630 1796; x_wconf 73' lang='grc' dir='ltr'>αόθὲντου</span> <span class='ocrx_word' id='word_1_225' title='bbox 1661 1754 1737 1795; x_wconf 78' lang='grc' dir='ltr'><strong><em>καί</em></strong></span> 
     </span>
     <span class='ocr_line' id='line_1_30' title="bbox 292 1806 1732 1862; baseline 0.001 -15"><span class='ocrx_word' id='word_1_226' title='bbox 292 1809 500 1859; x_wconf 82' lang='grc' dir='ltr'><em>βασιλέως</em></span> <span class='ocrx_word' id='word_1_227' title='bbox 525 1810 601 1848; x_wconf 82' lang='grc' dir='ltr'>τοῦ</span> <span class='ocrx_word' id='word_1_228' title='bbox 631 1806 790 1862; x_wconf 80' lang='grc' dir='ltr'><em>πατρὸς</em></span> <span class='ocrx_word' id='word_1_229' title='bbox 817 1809 888 1862; x_wconf 86' lang='grc' dir='ltr'>τῆς</span> <span class='ocrx_word' id='word_1_230' title='bbox 912 1811 1130 1860; x_wconf 80' lang='grc' dir='ltr'><em>βασιλείας</em></span> <span class='ocrx_word' id='word_1_231' title='bbox 1157 1825 1263 1862; x_wconf 86' lang='grc' dir='ltr'><strong><em>μου,</em></strong></span> <span class='ocrx_word' id='word_1_232' title='bbox 1308 1809 1382 1849; x_wconf 85' lang='grc' dir='ltr'><em>καί</em></span> <span class='ocrx_word' id='word_1_233' title='bbox 1421 1811 1497 1850; x_wconf 76' lang='grc' dir='ltr'>τοῦ</span> <span class='ocrx_word' id='word_1_234' title='bbox 1521 1825 1732 1862; x_wconf 72' lang='grc' dir='ltr'><em>παναγιω-</em></span> 
     </span>
     <span class='ocr_line' id='line_1_31' title="bbox 295 1858 1735 1918; baseline 0.001 -17"><span class='ocrx_word' id='word_1_235' title='bbox 295 1858 420 1902; x_wconf 70' lang='grc' dir='ltr'>πάτου</span> <span class='ocrx_word' id='word_1_236' title='bbox 460 1877 542 1914; x_wconf 87' lang='grc' dir='ltr'>μου</span> <span class='ocrx_word' id='word_1_237' title='bbox 588 1861 787 1904; x_wconf 77' lang='grc' dir='ltr'><strong><em>δεσπότου</em></strong></span> <span class='ocrx_word' id='word_1_238' title='bbox 834 1866 909 1904; x_wconf 80' lang='grc' dir='ltr'>τοῦ</span> <span class='ocrx_word' id='word_1_239' title='bbox 956 1865 1237 1914; x_wconf 79' lang='grc' dir='ltr'><strong><em>οἰκουμενικοῦ</em></strong></span> <span class='ocrx_word' id='word_1_240' title='bbox 1275 1861 1539 1918; x_wconf 73' lang='grc' dir='ltr'><em>πατριάρχου</em></span> <span class='ocrx_word' id='word_1_241' title='bbox 1582 1865 1735 1915; x_wconf 77' lang='grc' dir='ltr'><em>κυρίου</em></span> 
     </span>
     <span class='ocr_line' id='line_1_32' title="bbox 296 1915 1733 1973; baseline -0.001 -16"><span class='ocrx_word' id='word_1_242' title='bbox 296 1917 507 1958; x_wconf 54' lang='lat' dir='ltr'>mmo-⁹501,</span> <span class='ocrx_word' id='word_1_243' title='bbox 527 1949 538 1970; x_wconf 87' lang='lat'>‚</span> <span class='ocrx_word' id='word_1_244' title='bbox 589 1919 661 1959; x_wconf 84' lang='grc' dir='ltr'><em>καί</em></span> <span class='ocrx_word' id='word_1_245' title='bbox 690 1919 762 1972; x_wconf 81' lang='grc' dir='ltr'>τῆς</span> <span class='ocrx_word' id='word_1_246' title='bbox 792 1916 891 1971; x_wconf 73' lang='grc' dir='ltr'><em>περὶ</em></span> <span class='ocrx_word' id='word_1_247' title='bbox 936 1917 1067 1960; x_wconf 74' lang='grc' dir='ltr'><em>αὐτὸν</em></span> <span class='ocrx_word' id='word_1_248' title='bbox 1111 1920 1230 1967; x_wconf 76' lang='grc' dir='ltr'><em>θείας</em></span> <span class='ocrx_word' id='word_1_249' title='bbox 1268 1916 1341 1957; x_wconf 78' lang='grc' dir='ltr'><em>καί</em></span> <span class='ocrx_word' id='word_1_250' title='bbox 1378 1916 1495 1973; x_wconf 84' lang='grc' dir='ltr'><em>ἱερᾶς</em></span> <span class='ocrx_word' id='word_1_251' title='bbox 1524 1915 1698 1959; x_wconf 72' lang='grc' dir='ltr'><strong><em>συνόδου</em></strong></span> <span class='ocrx_word' id='word_1_252' title='bbox 1718 1950 1733 1970; x_wconf 88' lang='lat'><em>,</em></span> 
     </span>
     <span class='ocr_line' id='line_1_33' title="bbox 294 1971 1733 2030; baseline 0.001 -19"><span class='ocrx_word' id='word_1_253' title='bbox 294 1971 526 2021; x_wconf 74' lang='grc' dir='ltr'><em>Ματθαῖος</em></span> <span class='ocrx_word' id='word_1_254' title='bbox 557 1973 601 2013; x_wconf 77' lang='grc' dir='ltr'>ἐν</span> <span class='ocrx_word' id='word_1_255' title='bbox 628 1974 802 2029; x_wconf 67' lang='grc' dir='ltr'><em>Χριστῷ</em></span> <span class='ocrx_word' id='word_1_256' title='bbox 831 1973 888 2013; x_wconf 71' lang='grc' dir='ltr'>τῶ</span> <span class='ocrx_word' id='word_1_257' title='bbox 914 1974 1000 2030; x_wconf 75' lang='grc' dir='ltr'>θεῷ</span> <span class='ocrx_word' id='word_1_258' title='bbox 1027 1971 1170 2021; x_wconf 81' lang='grc' dir='ltr'><em>πιστὸς</em></span> <span class='ocrx_word' id='word_1_259' title='bbox 1196 1971 1396 2026; x_wconf 71' lang='grc' dir='ltr'><em>βασιλεὺς</em></span> <span class='ocrx_word' id='word_1_260' title='bbox 1429 1971 1503 2013; x_wconf 79' lang='grc' dir='ltr'><em>καί</em></span> <span class='ocrx_word' id='word_1_261' title='bbox 1526 1972 1733 2026; x_wconf 73' lang='grc' dir='ltr'><em>αὐτοκρά-</em></span> 
     </span>
     <span class='ocr_line' id='line_1_34' title="bbox 294 2013 1732 2082; baseline 0.001 -16"><span class='ocrx_word' id='word_1_262' title='bbox 294 2040 378 2077; x_wconf 77' lang='grc' dir='ltr'><em>τωρ</em></span> <span class='ocrx_word' id='word_1_263' title='bbox 401 2022 619 2075; x_wconf 83' lang='grc' dir='ltr'><em>Ῥωμαίων</em></span> <span class='ocrx_word' id='word_1_264' title='bbox 645 2026 821 2081; x_wconf 81' lang='grc' dir='ltr'><em>Ἀσάνης</em></span> <span class='ocrx_word' id='word_1_265' title='bbox 849 2013 877 2068; x_wconf 59' lang='lat' dir='ltr'>o*</span> <span class='ocrx_word' id='word_1_266' title='bbox 904 2027 1255 2082; x_wconf 78' lang='grc' dir='ltr'>Καντακουζηνός.</span> <span class='ocrx_word' id='word_1_267' title='bbox 1317 2029 1474 2079; x_wconf 88' lang='lat' dir='ltr'>Quibus</span> <span class='ocrx_word' id='word_1_268' title='bbox 1518 2029 1649 2068; x_wconf 80' lang='lat' dir='ltr'>verbis</span> <span class='ocrx_word' id='word_1_269' title='bbox 1677 2030 1732 2068; x_wconf 89' lang='lat' dir='ltr'>si-</span> 
     </span>
     <span class='ocr_line' id='line_1_35' title="bbox 295 2082 1732 2139; baseline 0.002 -20"><span class='ocrx_word' id='word_1_270' title='bbox 295 2082 473 2134; x_wconf 82' lang='lat' dir='ltr'>gnificari</span> <span class='ocrx_word' id='word_1_271' title='bbox 502 2085 690 2135; x_wconf 82' lang='lat' dir='ltr'>videtur,</span> <span class='ocrx_word' id='word_1_272' title='bbox 737 2087 920 2138; x_wconf 83' lang='lat' dir='ltr'>quintam</span> <span class='ocrx_word' id='word_1_273' title='bbox 961 2085 1160 2139; x_wconf 87' lang='lat' dir='ltr'>synodum</span> <span class='ocrx_word' id='word_1_274' title='bbox 1202 2084 1444 2124; x_wconf 88' lang='lat' dir='ltr'>celebratam</span> <span class='ocrx_word' id='word_1_275' title='bbox 1486 2097 1572 2123; x_wconf 88' lang='lat' dir='ltr'>esse</span> <span class='ocrx_word' id='word_1_276' title='bbox 1611 2097 1732 2136; x_wconf 85' lang='lat' dir='ltr'>super</span> 
     </span>
     <span class='ocr_line' id='line_1_36' title="bbox 294 2139 1734 2192; baseline 0.001 -18"><span class='ocrx_word' id='word_1_277' title='bbox 294 2139 565 2178; x_wconf 86' lang='lat' dir='ltr'>controversia</span> <span class='ocrx_word' id='word_1_278' title='bbox 605 2139 794 2179; x_wconf 89' lang='lat' dir='ltr'>Palamae</span> <span class='ocrx_word' id='word_1_279' title='bbox 833 2154 925 2179; x_wconf 91' lang='lat' dir='ltr'>cum</span> <span class='ocrx_word' id='word_1_280' title='bbox 953 2139 1162 2179; x_wconf 87' lang='lat' dir='ltr'>Barlaamo</span> <span class='ocrx_word' id='word_1_281' title='bbox 1195 2147 1233 2179; x_wconf 86' lang='lat' dir='ltr'>et</span> <span class='ocrx_word' id='word_1_282' title='bbox 1271 2139 1482 2192; x_wconf 87' lang='lat' dir='ltr'>Acindyno</span> <span class='ocrx_word' id='word_1_283' title='bbox 1513 2152 1734 2192; x_wconf 81' lang='lat' dir='ltr'>eorumque</span> 
     </span>
     <span class='ocr_line' id='line_1_37' title="bbox 294 2193 1735 2248; baseline 0.002 -19"><span class='ocrx_word' id='word_1_284' title='bbox 294 2193 585 2233; x_wconf 85' lang='lat' dir='ltr'>sectatoribus:</span> <span class='ocrx_word' id='word_1_285' title='bbox 629 2206 724 2233; x_wconf 86' lang='lat' dir='ltr'>nam</span> <span class='ocrx_word' id='word_1_286' title='bbox 759 2203 939 2247; x_wconf 90' lang='lat' dir='ltr'>tempore</span> <span class='ocrx_word' id='word_1_287' title='bbox 980 2203 1146 2248; x_wconf 87' lang='lat' dir='ltr'>quartae</span> <span class='ocrx_word' id='word_1_288' title='bbox 1190 2194 1330 2248; x_wconf 87' lang='lat' dir='ltr'>synodi</span> <span class='ocrx_word' id='word_1_289' title='bbox 1373 2193 1609 2233; x_wconf 85' lang='lat' dir='ltr'>Philotheus</span> <span class='ocrx_word' id='word_1_290' title='bbox 1650 2207 1735 2232; x_wconf 82' lang='lat' dir='ltr'>non</span> 
     </span>
     <span class='ocr_line' id='line_1_38' title="bbox 296 2249 1729 2303; baseline 0.002 -19"><span class='ocrx_word' id='word_1_291' title='bbox 296 2254 381 2285; x_wconf 88' lang='lat' dir='ltr'>erat</span> <span class='ocrx_word' id='word_1_292' title='bbox 409 2249 645 2299; x_wconf 84' lang='lat' dir='ltr'>patriarcha,</span> <span class='ocrx_word' id='word_1_293' title='bbox 679 2249 748 2288; x_wconf 92' lang='lat' dir='ltr'>sed</span> <span class='ocrx_word' id='word_1_294' title='bbox 769 2249 979 2288; x_wconf 84' lang='lat' dir='ltr'>Callistus:</span> <span class='ocrx_word' id='word_1_295' title='bbox 1011 2251 1194 2302; x_wconf 87' lang='lat' dir='ltr'>hancque</span> <span class='ocrx_word' id='word_1_296' title='bbox 1213 2251 1395 2303; x_wconf 89' lang='lat' dir='ltr'>quintam</span> <span class='ocrx_word' id='word_1_297' title='bbox 1414 2249 1610 2301; x_wconf 89' lang='lat' dir='ltr'>synodum</span> <span class='ocrx_word' id='word_1_298' title='bbox 1631 2263 1729 2287; x_wconf 90' lang='lat' dir='ltr'>con-</span> 
     </span>
     <span class='ocr_line' id='line_1_39' title="bbox 294 2305 1733 2358; baseline 0.003 -20"><span class='ocrx_word' id='word_1_299' title='bbox 294 2309 494 2354; x_wconf 85' lang='lat' dir='ltr'>gregatam</span> <span class='ocrx_word' id='word_1_300' title='bbox 524 2305 701 2356; x_wconf 87' lang='lat' dir='ltr'>oportuit</span> <span class='ocrx_word' id='word_1_301' title='bbox 729 2312 943 2358; x_wconf 84' lang='lat' dir='ltr'>antequam</span> <span class='ocrx_word' id='word_1_302' title='bbox 973 2306 1140 2344; x_wconf 88' lang='lat' dir='ltr'>Ioannes</span> <span class='ocrx_word' id='word_1_303' title='bbox 1169 2305 1467 2343; x_wconf 85' lang='lat' dir='ltr'>Cantacuzenus</span> <span class='ocrx_word' id='word_1_304' title='bbox 1495 2305 1662 2355; x_wconf 86' lang='lat' dir='ltr'>imperio</span> <span class='ocrx_word' id='word_1_305' title='bbox 1688 2317 1733 2342; x_wconf 84' lang='lat' dir='ltr'>se</span> 
     </span>
     <span class='ocr_line' id='line_1_40' title="bbox 295 2355 1735 2414; baseline 0.003 -21"><span class='ocrx_word' id='word_1_306' title='bbox 295 2355 515 2408; x_wconf 82' lang='lat' dir='ltr'>abdicaret,</span> <span class='ocrx_word' id='word_1_307' title='bbox 547 2373 639 2397; x_wconf 91' lang='lat' dir='ltr'>cum</span> <span class='ocrx_word' id='word_1_308' title='bbox 651 2359 879 2399; x_wconf 86' lang='lat' dir='ltr'>Matthaeus</span> <span class='ocrx_word' id='word_1_309' title='bbox 909 2361 950 2398; x_wconf 89' lang='lat' dir='ltr'>in</span> <span class='ocrx_word' id='word_1_310' title='bbox 978 2361 1199 2414; x_wconf 81' lang='lat' dir='ltr'>praesentia</span> <span class='ocrx_word' id='word_1_311' title='bbox 1225 2358 1348 2410; x_wconf 86' lang='lat' dir='ltr'>illius,</span> <span class='ocrx_word' id='word_1_312' title='bbox 1373 2366 1581 2411; x_wconf 85' lang='lat' dir='ltr'>tamquam</span> <span class='ocrx_word' id='word_1_313' title='bbox 1599 2358 1735 2397; x_wconf 83' lang='lat' dir='ltr'>adhuc</span> 
     </span>
     <span class='ocr_line' id='line_1_41' title="bbox 293 2410 882 2467; baseline 0.008 -19"><span class='ocrx_word' id='word_1_314' title='bbox 293 2410 559 2466; x_wconf 79' lang='lat' dir='ltr'>imperatoris,</span> <span class='ocrx_word' id='word_1_315' title='bbox 593 2413 882 2467; x_wconf 86' lang='lat' dir='ltr'>subscripserit.</span> 
     </span>
    </p>

    <p class='ocr_par' dir='ltr' id='par_1_4' title="bbox 293 2466 1768 2796">
     <span class='ocr_line' id='line_1_42' title="bbox 405 2466 1731 2522; baseline -0.001 -17"><span class='ocrx_word' id='word_1_316' title='bbox 405 2467 533 2507; x_wconf 87' lang='lat' dir='ltr'>Porro</span> <span class='ocrx_word' id='word_1_317' title='bbox 570 2475 706 2507; x_wconf 89' lang='lat' dir='ltr'>contra</span> <span class='ocrx_word' id='word_1_318' title='bbox 744 2470 918 2508; x_wconf 87' lang='lat' dir='ltr'>Tomum</span> <span class='ocrx_word' id='word_1_319' title='bbox 949 2477 1115 2522; x_wconf 84' lang='lat' dir='ltr'>quartae</span> <span class='ocrx_word' id='word_1_320' title='bbox 1145 2468 1296 2522; x_wconf 90' lang='lat' dir='ltr'>Synodi</span> <span class='ocrx_word' id='word_1_321' title='bbox 1335 2475 1395 2507; x_wconf 87' lang='lat' dir='ltr'>tot</span> <span class='ocrx_word' id='word_1_322' title='bbox 1423 2466 1731 2519; x_wconf 82' lang='lat' dir='ltr'>subscriptioni-</span> 
     </span>
     <span class='ocr_line' id='line_1_43' title="bbox 293 2521 1732 2577; baseline 0.002 -18"><span class='ocrx_word' id='word_1_323' title='bbox 293 2521 370 2560; x_wconf 90' lang='lat' dir='ltr'>bus</span> <span class='ocrx_word' id='word_1_324' title='bbox 398 2523 597 2561; x_wconf 86' lang='lat' dir='ltr'>munitum</span> <span class='ocrx_word' id='word_1_325' title='bbox 625 2523 748 2563; x_wconf 87' lang='lat' dir='ltr'>libros</span> <span class='ocrx_word' id='word_1_326' title='bbox 775 2524 911 2563; x_wconf 90' lang='lat' dir='ltr'>decem</span> <span class='ocrx_word' id='word_1_327' title='bbox 941 2526 1098 2577; x_wconf 87' lang='lat' dir='ltr'>scripsit</span> <span class='ocrx_word' id='word_1_328' title='bbox 1128 2525 1373 2576; x_wconf 87' lang='lat' dir='ltr'>Nicephorns</span> <span class='ocrx_word' id='word_1_329' title='bbox 1402 2524 1599 2574; x_wconf 80' lang='lat' dir='ltr'>Gregoras</span> <span class='ocrx_word' id='word_1_330' title='bbox 1618 2550 1630 2570; x_wconf 94' lang='lat'><strong>‚</strong></span> <span class='ocrx_word' id='word_1_331' title='bbox 1660 2523 1732 2574; x_wconf 80' lang='lat' dir='ltr'>qui-</span> 
     </span>
     <span class='ocr_line' id='line_1_44' title="bbox 294 2575 1730 2631; baseline -0.001 -17"><span class='ocrx_word' id='word_1_332' title='bbox 294 2575 387 2615; x_wconf 88' lang='lat' dir='ltr'>licet</span> <span class='ocrx_word' id='word_1_333' title='bbox 415 2578 544 2629; x_wconf 86' lang='lat' dir='ltr'>prima</span> <span class='ocrx_word' id='word_1_334' title='bbox 572 2578 762 2631; x_wconf 87' lang='lat' dir='ltr'>Synodo‚</span> <span class='ocrx_word' id='word_1_335' title='bbox 793 2580 952 2618; x_wconf 87' lang='lat' dir='ltr'>vivente</span> <span class='ocrx_word' id='word_1_336' title='bbox 981 2580 1112 2618; x_wconf 85' lang='lat' dir='ltr'>adhuc</span> <span class='ocrx_word' id='word_1_337' title='bbox 1142 2579 1373 2618; x_wconf 88' lang='lat' dir='ltr'>Andronico</span> <span class='ocrx_word' id='word_1_338' title='bbox 1404 2577 1560 2615; x_wconf 88' lang='lat' dir='ltr'>iuniore</span> <span class='ocrx_word' id='word_1_339' title='bbox 1578 2606 1590 2626; x_wconf 82' lang='lat'>‚</span> <span class='ocrx_word' id='word_1_340' title='bbox 1624 2579 1730 2616; x_wconf 82' lang='lat' dir='ltr'>Bar-</span> 
     </span>
     <span class='ocr_line' id='line_1_45' title="bbox 295 2630 1768 2684; baseline -0.001 -14"><span class='ocrx_word' id='word_1_341' title='bbox 295 2630 425 2670; x_wconf 88' lang='lat' dir='ltr'>laamo</span> <span class='ocrx_word' id='word_1_342' title='bbox 455 2632 657 2671; x_wconf 84' lang='lat' dir='ltr'>adversari</span> <span class='ocrx_word' id='word_1_343' title='bbox 686 2634 904 2684; x_wconf 84' lang='lat' dir='ltr'>videretur,</span> <span class='ocrx_word' id='word_1_344' title='bbox 941 2636 1052 2672; x_wconf 90' lang='lat' dir='ltr'>cuius</span> <span class='ocrx_word' id='word_1_345' title='bbox 1079 2648 1171 2672; x_wconf 87' lang='lat' dir='ltr'>suae</span> <span class='ocrx_word' id='word_1_346' title='bbox 1200 2633 1344 2672; x_wconf 89' lang='lat' dir='ltr'>mentis</span> <span class='ocrx_word' id='word_1_347' title='bbox 1372 2645 1452 2670; x_wconf 87' lang='lat' dir='ltr'>non</span> <span class='ocrx_word' id='word_1_348' title='bbox 1479 2631 1647 2670; x_wconf 84' lang='lat' dir='ltr'>obscura</span> <span class='ocrx_word' id='word_1_349' title='bbox 1665 2633 1730 2670; x_wconf 88' lang='lat' dir='ltr'>in-</span> <span class='ocrx_word' id='word_1_350' title='bbox 1760 2675 1768 2681; x_wconf 49' lang='grc'><strong>-</strong></span> 
     </span>
     <span class='ocr_line' id='line_1_46' title="bbox 297 2686 1731 2740; baseline 0.001 -17"><span class='ocrx_word' id='word_1_351' title='bbox 297 2686 398 2724; x_wconf 88' lang='lat' dir='ltr'>dicia</span> <span class='ocrx_word' id='word_1_352' title='bbox 445 2686 553 2725; x_wconf 88' lang='lat' dir='ltr'>dedit</span> <span class='ocrx_word' id='word_1_353' title='bbox 591 2687 695 2727; x_wconf 88' lang='lat' dir='ltr'>libro</span> <span class='ocrx_word' id='word_1_354' title='bbox 744 2689 955 2727; x_wconf 86' lang='lat' dir='ltr'>undecimo</span> <span class='ocrx_word' id='word_1_355' title='bbox 1003 2689 1189 2727; x_wconf 87' lang='lat' dir='ltr'>historiae</span> <span class='ocrx_word' id='word_1_356' title='bbox 1234 2689 1473 2740; x_wconf 78' lang='lat' dir='ltr'>Byzantinae</span> <span class='ocrx_word' id='word_1_357' title='bbox 1529 2693 1731 2734; x_wconf 69' lang='lat' dir='ltr'>cxtremo3</span> 
     </span>
     <span class='ocr_line' id='line_1_47' title="bbox 296 2742 1726 2796; baseline 0 -16"><span class='ocrx_word' id='word_1_358' title='bbox 296 2747 433 2794; x_wconf 81' lang='lat' dir='ltr'>postea</span> <span class='ocrx_word' id='word_1_359' title='bbox 464 2748 595 2781; x_wconf 85' lang='lat' dir='ltr'>tamen</span> <span class='ocrx_word' id='word_1_360' title='bbox 630 2751 763 2796; x_wconf 83' lang='lat' dir='ltr'>aperte</span> <span class='ocrx_word' id='word_1_361' title='bbox 792 2742 1045 2784; x_wconf 78' lang='lat' dir='ltr'>Barlaamum</span> <span class='ocrx_word' id='word_1_362' title='bbox 1083 2751 1122 2783; x_wconf 90' lang='lat' dir='ltr'>et</span> <span class='ocrx_word' id='word_1_363' title='bbox 1156 2743 1410 2796; x_wconf 85' lang='lat' dir='ltr'>Acindynum</span> <span class='ocrx_word' id='word_1_364' title='bbox 1453 2742 1556 2780; x_wconf 82' lang='lat' dir='ltr'>tueri</span> <span class='ocrx_word' id='word_1_365' title='bbox 1585 2743 1726 2794; x_wconf 82' lang='lat' dir='ltr'>coepit.</span> 
     </span>
    </p>
   </div>
  </div>
 </body>
</html>
