1800 3164
266 151 281 185 ι
299 152 330 185 o
630 200 636 206 ,
784 147 1168 191 CANTACUZENJ

55 252 238 298 A.c.1347
253 250 493 300 Βυζαντίου
531 248 605 291 καὶ
630 248 727 298 τούς
760 250 950 303 βασιλίδι
985 252 1308 305 προσκειμένους
1336 252 1633 308 συγκλητικούς
1658 268 1703 296 τε

251 313 341 366 ἅμα
382 317 456 357 καί
482 314 742 372 στρατιώτας
770 316 843 357 καί
868 314 969 366 τούς
997 311 1150 366 ἄλλους
1178 319 1260 360 τῶν
1292 319 1510 374 ἐπιφανῶν
1541 318 1702 373 πίστεις

253 383 510 437 ἀμφοτέροις
539 383 597 424 δι’
629 379 763 436 ὅρκων
792 382 959 423 διδόναι
984 388 1068 433 τοῖς
1098 385 1347 438 βασιλεῦσι,
1390 383 1464 425 καί
1492 386 1704 440 μηδεμίαν

251 444 360 490 εἶναι
389 446 613 504 διαφοράν,
647 448 755 502 μηδὲ
785 446 1015 502 διάστασιν,
1043 451 1136 491 ἄλλ’
1165 447 1248 490 ὑπὸ
1277 451 1380 503 μίαν
1403 453 1624 504 βασιλείαν
1654 447 1704 493 ἅ-

255 530 417 564 παντας
445 513 670 567 τετάχθαι.
728 509 821 555 ὅσοι
847 517 924 567 μὲν
954 510 1029 557 οὖν
1061 514 1180 558 ἔνδον
1207 511 1315 571 ἦσαν
1336 515 1442 569 μετὰ
1475 517 1742 571 βασιλιδοςρ

204 580 327 622 1)καί
359 577 490 636 χάριν
531 578 884 635 προσωμολόγουν
925 585 1094 635 βασιλεῖ
1133 584 1206 625 καί
1249 581 1348 632 τούς
1381 579 1528 637 ὅρκους
1557 586 1705 639 πάρει’--

250 662 379 700 χοντο
407 644 641 702 προθύμως
658 660 668 670 ·
724 649 806 689 τῶν
832 646 912 699 ἔξω
946 649 991 690 δὲ
1023 646 1062 690 οἱ
1093 651 1260 698 πλείους
1288 645 1362 690 οὖκ
1390 649 1601 704 ἠνείχοντο
1623 652 1707 692 τῶν

252 711 441 765 μάλιστα
475 713 712 768 ἐπιφανῶν,
750 713 858 755 α’λλά
900 717 1238 772 Καντακουζηνῷ
1279 716 1408 769 μόνον
1442 714 1609 772 ἔφασαν
1648 719 1708 773 τῷ

251 782 426 832 βασιλεῖ’
444 779 702 832 δουλεύσειν,
731 776 859 837 ἑτέρῳ
882 781 928 822 δὲ
947 782 1111 835 μηδενί.
1168 780 1306 823 δεινὸν
1332 780 1412 839 γὰρ
1439 778 1558 836 εἶναι,
1578 784 1617 825 εἰ
1637 798 1707 824 το-

252 845 394 886 σαῦτα
420 843 720 898 ὑπομείναντες
749 845 856 887 κατὰ
890 845 963 888 τὸν
991 847 1174 901 πόλεμον
1203 850 1276 890 καί
1303 847 1504 904 χρήματα
1529 851 1707 904 προέμε-
1727 865 1772 891 ιο

253 926 319 952 voc
346 910 420 952 καί
446 912 624 961 οἰκείους
648 911 723 953 καί
751 914 865 968 σφοῖς
899 912 1052 962 αὐτοὺς
1083 911 1189 970 ὑπὲρ
1217 916 1291 956 τοῦ
1318 916 1435 973 νικᾷν
1463 913 1562 965 τούς
1585 919 1706 957 πολε-

249 978 387 1031 μίους,
417 975 563 1020 ἔπειτα
593 974 660 1020 ὅτε
691 977 839 1030 ἔδοξαν
861 982 1171 1035 κεκρατηκέναι,
1201 978 1363 1036 α’θρόον
1382 982 1613 1038 φαίνεσθαι
1632 998 1707 1023 κα-

247 1043 407 1100 τάκρας
449 1044 707 1100 ἡττημένους
752 1044 826 1087 καὶ
865 1045 1135 1107 δουλεύοντας
1175 1049 1368 1101 ἐκείνοις,
1408 1044 1469 1097 οἷς
1509 1049 1604 1103 ἐξῆν
1635 1051 1710 1090 καί

246 1109 457 1166 πρότερον
492 1110 725 1167 δουλεύειν,
762 1113 803 1154 εἰ
829 1111 1070 1167 ἐβούλοντο,
1098 1115 1182 1155 τῶν
1214 1117 1379 1156 πολλῶν
1407 1116 1575 1157 ἐκείνων
1605 1116 1708 1157 δυσ-

122 1181 242 1230 P·707
255 1179 395 1234 χερῶν
432 1178 757 1234 ἀπαλλαγέντας.
824 1179 896 1221 ἐπὶ
930 1182 1046 1235 τρισί
1082 1183 1160 1234 μὲν
1189 1176 1264 1222 οὖν
1295 1181 1475 1237 ἡμέραις
1503 1183 1708 1238 ἐφιλονεί-
1727 1181 1774 1224 15

250 1260 363 1297 κουν,
390 1242 450 1300 μη
487 1244 625 1286 ταῦτα
655 1251 788 1288 ποιεῖν
813 1251 897 1295 τοῖς
928 1241 1084 1300 ἄλλοις,
1113 1248 1221 1302 μηδὲ
1250 1244 1426 1302 ὑπάγειν
1455 1245 1631 1297 ἑαυτούς
1657 1250 1711 1305 τῇ

250 1309 449 1352 ὑπὰτὸν
489 1312 670 1365 βασιλέα
715 1310 790 1354 τὸν
824 1313 914 1355 νέον
956 1314 1136 1370 δουλεία.
1205 1312 1556 1370 Καντακουζηνὸς
1594 1316 1640 1357 δὲ
1685 1312 1709 1355 ὅ

249 1375 453 1433 βασιλεύς
491 1375 568 1432 την
606 1376 801 1421 ἔνστασιν
842 1378 976 1435 ὁρῶν,
1016 1377 1222 1432 σύντομόν
1250 1397 1344 1422 τινα
1375 1379 1450 1436 τήν
1490 1377 1710 1437 ἀπόφασιν

251 1442 326 1486 καί
365 1443 599 1499 αὐστηρίας
637 1445 826 1500 ἐξήνεγκε
865 1444 1034 1502 μεστήν.
1100 1444 1198 1496 τούς
1225 1445 1306 1502 γάρ
1336 1444 1395 1502 μη
1427 1449 1710 1501 βουλομένους

250 1511 310 1568 τῷ
342 1512 521 1568 γαμβρῷ
557 1509 742 1553 ὑπείκειν
781 1514 944 1556 ἐκέλευε
983 1511 1056 1556 καὶ
1095 1514 1227 1555 αὐτοῦ
1257 1510 1509 1569 ἀναχωρεῖν.
1567 1511 1783 1570 βιάζε-Ξὰ

250 1579 359 1622 σθαι
393 1575 474 1632 γάρ
518 1578 592 1618 οὐκ
630 1579 794 1620 ἐθέλειν
831 1577 991 1634 ἔφασκέ
1027 1596 1119 1621 τινα
1152 1579 1270 1638 αὗτῷ
1301 1580 1534 1636 δουλεύειν,
1565 1578 1706 1638 ὥσπερ

251 1644 353 1685 ου’δὲ
394 1641 621 1699 πρότερον,
667 1645 756 1686 ἀλλ’
799 1646 839 1686 εἰ
873 1647 950 1698 μέν
985 1663 1050 1696 τις
1077 1647 1272 1700 βούλοιτο
1303 1645 1506 1701 τετάχθαι
1532 1645 1602 1689 ὑπ’
1630 1648 1709 1690 αὔ-

249 1711 322 1768 τῷ,
350 1709 510 1765 ἀνάγκη
537 1713 654 1752 πᾶσα
682 1712 755 1753 καί
781 1713 960 1765 βασιλέα
988 1711 1061 1755 τὸν
1087 1712 1280 1767 γαμβρὸν
1309 1711 1506 1767 ἡγεῖσθαι
1545 1712 1705 1769 κύριον·

250 1777 292 1819 εἰ
330 1777 371 1817 δ’
407 1777 551 1836 ἐκείνῳ
588 1775 648 1832 μή
682 1777 876 1832 βούλοιτο
915 1778 1116 1832 ὑπείκειν,
1156 1777 1231 1821 καί
1262 1779 1394 1821 αὐτοῦ
1423 1779 1708 1836 ἀφίστασθαι,

250 1883 335 1912 sent
358 1883 460 1913 extra
486 1877 615 1913 urbem
639 1885 844 1922 morantes,
874 1884 911 1913 et
939 1881 1003 1926 qui
1029 1880 1073 1913 ab
1096 1881 1324 1924 imperatrice
1349 1886 1471 1916 essent
1500 1883 1709 1927 optimates,

249 1926 387 1959 milites
414 1926 554 1972 aliique
579 1927 725 1960 nobiles
752 1933 973 1961 sacramento
1001 1934 1177 1972 concepto
1205 1928 1311 1961 fidem
1333 1930 1711 1974 utrisqueimpcrato-

248 1973 350 2007 ribus
368 1972 648 2017 adstringerent,
675 1979 713 2008 et
735 1976 911 2008 universis
938 1975 1000 2008 uui
1028 1987 1065 2008 se
1091 1975 1245 2018 imperio
1266 1975 1562 2017 subiicientibus,
1588 1988 1707 2011 cessa-

247 2026 308 2055 ret
334 2021 452 2052 omnis
478 2019 657 2054 dissensio
690 2026 726 2055 et
752 2033 876 2056 omncs
898 2022 1099 2056 discordiae
1119 2023 1316 2067 aliquando
1339 2022 1486 2056 tandem
1505 2024 1708 2058 finirentur.

250 2066 511 2112 Quoteumque
538 2067 650 2112 igitur
675 2069 713 2101 in
742 2069 832 2102 urbe
858 2080 939 2101 cum
970 2070 1203 2115 imperatrice
1229 2074 1346 2110 erant,
1373 2075 1410 2103 et
1435 2073 1564 2115 gratias
1591 2072 1710 2116 impe-

249 2115 362 2148 ratori
387 2125 492 2157 agere
522 2119 559 2146 et
584 2121 850 2149 sacramentum
876 2117 1037 2153 libenter
1063 2117 1192 2149 dicere.
1243 2117 1345 2150 Foris
1370 2122 1492 2150 autem
1509 2119 1645 2163 plures,
1671 2124 1709 2152 et

249 2161 399 2205 quidem
423 2160 668 2203 nobilissimi,
693 2173 892 2207 repugnare
920 2175 960 2197 ac
985 2164 1170 2208 profiteri,
1207 2163 1456 2198 Cantacuzeno
1483 2167 1551 2198 soli
1577 2178 1615 2200 se
1642 2177 1709 2211 pa·-

249 2209 406 2249 rituros‚
441 2212 630 2252 praeterea
656 2210 806 2243 nemini.
866 2211 948 2244 Esse
978 2211 1082 2244 enim·
1102 2211 1390 2256 perabsurdum,
1421 2222 1502 2244 cum
1536 2218 1591 2247 tot
1626 2217 1709 2246 tan-

250 2259 383 2299 tosque
407 2254 551 2289 labores
579 2255 680 2291 hello
705 2257 970 2290 exantlaverint
995 2258 1281 2304 facultatesque,
1308 2259 1555 2305 propinquos,
1593 2267 1709 2295 semet

250 2302 349 2345 ipsos
375 2313 440 2346 pro
467 2302 585 2335 nihilo
613 2301 830 2343 habuerint,
854 2310 908 2337 -ut
931 2304 1052 2337 hostes
1080 2305 1327 2345 debellarent,
1365 2308 1435 2339 iam
1471 2318 1550 2340 cum
1580 2306 1709 2341 debel-

249 2349 428 2389 laverint,
461 2354 613 2394 repente
638 2350 812 2394 ipsosmet
834 2349 1040 2385 debellatos
1064 2359 1325 2397 superatosque
1350 2354 1465 2387 videri
1499 2360 1535 2388 et
1560 2355 1707 2390 subesse

250 2396 351 2436 illis,
387 2396 522 2441 quibus
559 2402 596 2442 et
627 2402 733 2438 ante,
768 2402 841 2431 tam
874 2399 1069 2432 multarum
1101 2400 1348 2433 molestiarum
1379 2398 1507 2434 adhuc*
1526 2407 1704 2446 expertes,

251 2441 401 2476 subesse
425 2448 621 2488 poteraut,
652 2444 681 2476 si
706 2445 917 2478 voluissent.
979 2445 1038 2478 Sic
1068 2457 1133 2489 per
1163 2446 1346 2487 triduum,
1387 2459 1434 2481 ne
1458 2448 1578 2489 idem,
1607 2448 1708 2495 quod

249 2489 373 2528 ceteri,
385 2490 559 2532 facerent,
572 2502 643 2527 neu
661 2492 816 2526 iunioris
833 2494 1064 2537 imperatoris
1075 2495 1196 2537 iugum
1210 2495 1429 2538 acciperent,
1442 2496 1707 2530 renitebantur.

250 2537 526 2571 Cantacuzenus
553 2538 750 2582 imperator
776 2539 1040 2573 contumaciam
1075 2541 1213 2582 videns,
1253 2542 1376 2586 paucis
1412 2554 1453 2576 ac
1485 2554 1622 2575 summa
1646 2555 1706 2577 se-

250 2583 405 2618 veritate
435 2585 564 2625 edixit,
590 2586 654 2632 qui
682 2596 813 2631 genero
846 2597 970 2630 parere
997 2587 1153 2629 nollent,
1179 2598 1199 2619 a
1221 2599 1258 2620 se
1286 2599 1434 2635 quoque
1463 2589 1705 2623 discederent.

250 2631 360 2664 Nolle
397 2633 567 2678 cuiquam
603 2632 675 2666 sibi
703 2633 855 2677 parendi
880 2633 1134 2667 necessitatem
1163 2637 1372 2679 imponere,
1401 2636 1706 2680 quemadmodum

251 2688 319 2711 nec
341 2678 492 2713 antehac
517 2680 769 2723 imposuisset:
799 2680 863 2714 scd
891 2682 920 2713 si
946 2681 1028 2725 quis
1054 2681 1125 2714 sibi
1151 2681 1306 2714 subdere
1332 2693 1368 2714 se
1396 2683 1529 2725 cupiat,
1558 2695 1640 2717 eum
1670 2688 1706 2716 et

251 2727 507 2770 imperatorem
543 2738 715 2770 generum
750 2733 917 2772 oportere
945 2728 1132 2762 dominum
1163 2739 1376 2770 agnoscere:
1403 2730 1510 2766 aliter
1536 2732 1632 2764 enim
1659 2731 1706 2763 li·

252 2777 306 2807 tes
354 2778 390 2809 ct
421 2773 574 2820 dissidia
606 2785 793 2821 nunquam
825 2774 1011 2814 sublatum
1041 2776 1096 2811 iri.
1148 2776 1244 2811 Haec
1269 2777 1464 2822 imperator
1474 2801 1488 2819 ,
1525 2789 1599 2814 non
1625 2778 1706 2816 sine
