1794 3158
417 158 491 200 An
529 156 896 200 CANTACUZENJ
933 158 1034 198 Lm.
1062 158 1096 197 1.
1366 136 1489 213 449

13 306 16 310 ,
162 260 264 315 Png.
281 273 374 316 299,
392 261 432 302 8.
458 258 653 314 ἐγκόλπια
683 268 800 301 vocat
819 290 832 312 ,
859 274 964 314 quae
983 264 1151 314 ‘praeter
1181 258 1292 299 illam
1320 273 1486 314 parvam

51 329 213 355 crucem
241 317 337 356 foris
365 317 530 356 fortasse
562 331 586 356 a
612 316 716 356 collo
744 316 956 369 pendentia
976 345 989 366 ‚
1027 329 1153 368 eaque
1180 329 1280 354 auro
1309 322 1348 354 et
1376 330 1488 368 gem-

52 370 128 410 mis
151 372 348 424 insignia,
383 370 547 411 inclusis
576 378 804 410 sanctorum
832 370 1028 424 reliquiis,
1055 368 1249 424 gestabat.
1279 383 1456 415 rom-Au.

162 425 261 479 Pag.
280 439 452 481 299‚22.
480 420 705 477 γράμματά
733 439 778 464 τε
805 422 950 476 ἔχοντα
982 427 1038 466 Μ.

162 480 375 536 Bag-299,
393 483 458 522 23.
488 482 574 519 avla
589 481 1024 533 mflammantem.
1080 478 1253 518 Videtur
1291 478 1354 518 ala
1391 494 1488 533 pro-

49 535 183 588 prium
212 537 330 576 fuisse
357 535 585 591 symbolum
614 549 752 575 eorum
776 535 1009 573 nuntiorum
1028 563 1040 582 ‚
1067 548 1167 586 quos
1193 528 1488 586 ταχυδρόμους

49 589 277 642 vocabant,
298 605 347 630 eo
368 591 512 641 modo,
542 604 624 644 quo
654 591 829 628 notarios
860 602 930 627 seu
955 588 1104 627 scribas
1133 589 1327 642 quosdam
1354 592 1487 629 nomi-

30 644 202 684 ‘nabant
232 642 558 698 ταχυγράφυυς,
601 645 653 684 ob
683 643 924 683 celeritatem
957 643 1171 682 scribendi.
1229 644 1334 683 Hinc
1367 647 1489 685 etiam

49 706 206 739 statuae
233 701 314 740 τῶν
340 697 618 752 ταχυδρόμων
637 706 751 738 erant
779 698 1008 750 πτερωταὶ,
1054 712 1124 736 seu
1150 698 1279 737 alatae
1296 729 1307 748 ‚
1351 699 1490 751 quales

50 755 284 794 visebantur
311 754 411 794 olim
437 753 778 807 Constantinopoli
796 784 808 804 ,
833 760 933 792 teste
954 753 1108 792 Codino
1129 753 1169 791 in
1194 767 1267 792 sua
1289 754 1489 794 Constan-

47 809 217 862 tinopoli
246 809 316 848 fol.
347 811 413 851 55.
432 838 444 859 ‚
472 809 542 848 ubi
570 817 704 848 tamen
733 810 871 847 Dousa
892 809 1023 859 inepte
1053 809 1174 846 vertit
1219 806 1368 860 στήλας
1421 823 1489 848 eo-

13 890 18 893 ,
45 864 221 915 lamnas,
250 878 342 904 cum
373 865 610 903 vertendum
641 866 690 903 sit
720 872 875 902 statim-3.
932 863 1112 900 Manavit
1134 869 1267 901 autem
1296 876 1384 902 mos
1410 878 1490 902 τα·

49 915 292 970 χυδρόμους
319 918 390 958 alis
418 919 640 958 instruendi
670 920 721 957 ab
752 918 912 957 ethnico
939 918 1166 964 Mercurio,
1210 917 1280 970 qui
1322 925 1363 956 et
1406 918 1490 970 ipse

46 973 177 1014 alatus
196 1003 208 1026 ‚
238 981 428 1028 tanquam
457 974 562 1013 celer
588 975 767 1013 nuntius.
824 973 879 1012 Et
906 970 1088 1011 flammae
1120 970 1212 1010 illae
1242 973 1372 1024 pictae
1399 972 1491 1021 fue7

48 1037 173 1081 runt3
214 1043 308 1068 nam
335 1037 374 1068 et
401 1030 502 1082 ignis
536 1029 752 1068 celeritatis
782 1026 1127 1081 hieroglyphicum
1155 1033 1229 1066 est.
1285 1026 1345 1066 Ita
1375 1028 1490 1066 laco-

46 1082 126 1124 bus
159 1085 382 1124 Gretserus.
448 1084 529 1122 Per
565 1082 795 1123 huiusmodi
839 1081 945 1121 alam
982 1082 1188 1120 ardentem
1229 1088 1269 1120 et
1307 1083 1454 1134 pictam
1475 1111 1488 1129 ‚

45 1152 171 1192 quam
187 1141 312 1178 Moesi
333 1139 536 1178 traderent
563 1140 737 1190 nuntiis,
775 1151 875 1190 quos
902 1136 1109 1175 ambulare
1135 1149 1257 1188 quam
1285 1136 1492 1176 celerrime

48 1194 220 1244 vellent,
249 1195 327 1233 dici
358 1202 398 1233 et
424 1194 500 1232 hoc
532 1194 699 1232 forsitan
721 1199 877 1246 potest,
909 1190 1031 1230 simul
1056 1191 1107 1230 ad
1134 1192 1383 1230 Mercurium
1406 1191 1491 1230 ala-

47 1256 161 1299 tum,
193 1248 311 1288 simul
341 1249 392 1288 ad
419 1248 533 1287 ludos
561 1248 737 1288 allusisse
756 1278 768 1300 ,
795 1248 867 1300 qui
896 1246 1064 1286 Athenis
1109 1244 1258 1284 fiebant
1305 1253 1346 1284 et
1379 1245 1492 1296 α’γαῗ-

46 1317 116 1350 ωες
146 1302 441 1354 λαμπαδοῦχοι
467 1303 716 1343 dicebantur.
773 1303 822 1340 In
852 1302 900 1340 iis
933 1302 1006 1354 qui
1036 1299 1493 1354 currebat‚lampadem

44 1359 255 1398 ardentem
291 1359 477 1407 tenebat,
523 1372 689 1411 eamque
729 1356 914 1409 deinceps
952 1369 1119 1394 cursuro
1159 1355 1360 1394 tradebat.
1426 1355 1491 1394 Eo

46 1428 169 1453 cursu
196 1421 235 1453 et
254 1412 442 1467 ‘lampade
469 1412 669 1452 humanae
699 1414 805 1452 vitae
832 1411 1068 1450 brevitatem
1103 1409 1344 1451 indicabant.
1384 1409 1491 1448 Pro-

45 1471 138 1522 pius
179 1469 229 1508 ad
262 1469 371 1509 ¹alam
419 1475 596 1507 nostram
639 1467 909 1507 flammantem
937 1466 1090 1505 accedit
1119 1465 1354 1504 Cornificius
1383 1464 1488 1503 libro

45 1530 192 1564 octavo
218 1523 270 1564 ad
299 1525 560 1566 Herennium.
616 1523 708 1563 Non
735 1523 839 1561 enim
860 1551 871 1572 ‚
893 1522 1025 1573 inquit
1047 1551 1058 1571 ‚
1087 1519 1415 1574 quemadmodum
1445 1521 1489 1558 in

44 1580 287 1635 palaestra,
326 1581 396 1633 qui
429 1579 569 1617 taedas
611 1579 792 1616 ardentes
831 1577 996 1629 accipit,
1037 1577 1202 1614 celerior
1227 1583 1283 1612 est
1307 1576 1350 1613 in
1376 1588 1488 1614 cursu

44 1636 227 1675 continuo
242 1662 255 1684 ,
284 1648 403 1689 quam
431 1634 525 1684 ille,
547 1635 616 1689 qui
638 1633 761 1671 tradit
774 1649 786 1670 ,·
826 1632 885 1669 ita
914 1632 1056 1669 melior
1075 1633 1295 1683 imperator·
1329 1643 1453 1668 novus
1472 1659 1484 1677 ‚

43 1691 119 1746 qui
135 1691 276 1744 accipit
298 1688 510 1729 exercitam
523 1718 534 1737 ‚
568 1701 689 1743 quam
717 1687 785 1725 ille
801 1712 812 1733 ,
840 1687 910 1739 qui
933 1685 1085 1724 decedit
1101 1715 1111 1732 ,
1143 1692 1356 1738 propterea
1383 1682 1494 1737 quod

47 1746 282 1797 defatigati&
308 1757 442 1783 cursor·
464 1744 614 1796 integro
626 1744 768 1794 flzcem
781 1770 793 1789 ,
825 1741 888 1778 hic
911 1742 1061 1792 peritus
1102 1741 1324 1793 imperator
1361 1739 1490 1791 impe-

45 1802 124 1839 rito
150 1800 364 1839 exercitum
397 1797 530 1841 tradit,
562 1799 667 1850 Lege
695 1803 897 1849 praeterea
913 1824 924 1842 ‚
952 1796 983 1832 si
1010 1793 1121 1832 lubet
1141 1823 1153 1843 ‚
1183 1792 1390 1845 epistolam
1415 1791 1488 1846 69.

49 1855 175 1908 Lipsii
204 1855 394 1894 Centuria
424 1853 498 1891 111.
519 1883 531 1901 ‚
561 1852 633 1892 ubi
658 1851 785 1890 multa
815 1850 971 1888 disserit
997 1849 1047 1888 de
1076 1847 1391 1888 hemerodromis
1419 1861 1490 1886 seu

48 1909 280 1949 cursoribus
311 1909 473 1960 diariis,
518 1909 587 1963 qui
614 1921 696 1947 uno
724 1907 791 1946 die
819 1904 987 1959 pedibus
1020 1905 1189 1958 spatium
1220 1904 1360 1957 ingens
1389 1915 1489 1942 cou-

47 1964 250 2006 ficiebant.
269 1978 439 2008 PONTAN.

161 2021 264 2072 Pag.
284 2022 376 2071 300,
393 2022 434 2060 3.
468 2019 672 2075 σφετέρου
703 2017 762 2059 Μ.

160 2075 446 2128 Pag.5oo‚22.
473 2077 654 2116 scalas
677 2075 841 2116 binas.
897 2070 1057 2126 Lipsius
1094 2066 1347 2110 Poliorcetici
1385 2062 1490 2107 libro

55 2142 90 2172 ῐ.
123 2128 280 2184 dialogo
305 2129 344 2173 6.
374 2144 417 2170 ex
448 2132 608 2171 Herone
644 2129 870 2170 reticulatus
897 2135 1015 2167 vocat
1053 2141 1074 2166 e
1115 2125 1290 2178 stuppeis
1326 2123 1491 2162 funibus

50 2186 176 2225 instar
203 2186 297 2225 retis
322 2193 546 2234 contextas,
590 2185 640 2224 ad
680 2198 851 2239 quarum
885 2184 1133 2223 summitates
1162 2180 1271 2219 hami
1317 2178 1487 2226 adiecti,

50 2247 98 2280 ut
130 2253 339 2280 murorum
366 2243 508 2294 pinnas
533 2241 888 2294 apprehenderent.
922 2246 1096 2278 PONTAN.

163 2295 267 2349 Pag.
285 2298 374 2343 301,
391 2311 456 2336 22.
480 2293 740 2347 ἐπιβοηθεῖεν
770 2297 827 2335 Μ.

161 2350 373 2404 Paga-304,
402 2351 461 2394 16.
497 2352 764 2391 introivit.
819 2349 931 2401 Quid
957 2349 1171 2402 imperator
1202 2359 1318 2385 senex
1351 2340 1402 2382 ad
1430 2356 1491 2382 se-

50 2404 229 2445 cundum
258 2409 443 2445 nuntium
472 2406 521 2446 de
548 2408 725 2459 ingressu
754 2407 907 2458 nepotis
934 2406 976 2443 in
1003 2404 1146 2443 urbem
1176 2401 1338 2446 fecerit,
1368 2411 1492 2451 expo-

50 2462 112 2499 nit
140 2461 336 2514 Gregoras
376 2463 465 2501 sic:
507 2461 739 2515 Imperator
769 2462 874 2500 solus
909 2460 1098 2508 relictus,
1134 2469 1207 2496 nec
1247 2464 1493 2510 quemquam

43 2515 227 2567 habens,
252 2516 415 2571 quicum
442 2517 618 2555 dolorem
648 2530 762 2555 suum
797 2516 1136 2562 communicaret,
1155 2513 1198 2550 in
1227 2509 1492 2563 suumvlectu-

42 2570 138 2609 'lum
162 2579 202 2610 et
233 2573 314 2624 ipse
339 2572 516 2610 incubuit
530 2602 539 2619 ‚
561 2572 678 2610 nulla
700 2581 806 2611 veste
829 2580 979 2611 exuta.-
1019 2570 1091 2607 sed
1109 2579 1194 2605 una
1218 2578 1306 2603 cum
1342 2563 1393 2600 iis
1415 2575 1488 2624 ex·

48 2633 187 2664 trema
223 2626 502 2680 desperatione
527 2627 692 2676 incluta,
727 2627 864 2665 animo
892 2624 1039 2665 crebris
1071 2631 1108 2662 et
1138 2619 1309 2659 diversis
1343 2625 1493 2670 cogita-

53 2680 223 2718 tionibus
247 2690 450 2720 aestuante
472 2682 664 2732 iaccbat‚
700 2695 839 2735 corpus
862 2682 937 2720 laic
963 2689 1084 2732 atque
1116 2677 1213 2714 illuc
1257 2673 1394 2712 crebro
1427 2681 1492 2707 re-

57 2734 238 2773 volvens.
296 2735 462 2775 Interim
483 2750 651 2790 magnus
671 2737 733 2777 ad
752 2736 911 2791 palacii
928 2736 1048 2788 sores
1073 2730 1264 2770 twnuleus
1297 2725 1487 2773 auditur,

110 2809 384 2846 Cantacuzenus
409 2811 474 2846 111.
1187 2814 1232 2847 29
