1794 3158
332 112 442 168 560
833 129 1245 174 ANNo‘rATloNEs

328 236 478 276 tionem
506 235 638 289 redit,
658 235 819 285 dicens,
848 236 947 276 haec
974 249 1048 290 pro
1075 249 1116 275 se
1146 235 1394 290 respondisse
1422 236 1764 291 Cantacuzenum0

329 290 440 331 lectis
471 292 671 345 Gregorae
699 292 854 344 scriptis
883 292 933 330 de
960 306 1001 331 se
1017 320 1029 343 ,
1064 299 1103 330 et
1130 291 1272 331 dixisse
1292 306 1373 331 iam
1398 295 1638 334 monachum
1663 311 1750 349 cap.

331 347 422 395 25.,
465 361 544 400 quo
586 354 625 385 et
662 348 741 385 iam
778 353 955 398 tempore
1001 361 1046 385 ex
1089 347 1413 387 antecedentibus
1455 350 1669 394 verisimile
1705 358 1766 391 est

330 402 382 441 ad
409 403 613 442 historiam
644 402 894 440 scribendam
928 415 1156 455 aggressum
1186 402 1317 442 fuisse.
1356 417 1528 443 ronna.

439 458 730 510 Pag.175‚22.
761 456 1039 496 Atlantem
1079 458 1379 512 quemdam.
1438 458 1552 498 Hanc
1588 458 1764 499 fabulam

329 526 527 565 nusquam
556 511 649 564 legi.
708 512 823 552 Atlas
855 520 913 551 est
942 526 1057 551 mons
1102 515 1143 550 in
1181 513 1451 566 Mauritania,
1487 517 1599 554 cuius
1631 523 1765 555 vertex

331 575 494 621 propter
537 567 787 607 altitudinem
833 568 993 607 videtur
1031 566 1188 606 coelum
1230 570 1437 621 attingere.
1489 569 1543 608 Et
1577 571 1766 624 quoniam

330 620 448 662 Atlas
466 651 478 673 ‚
507 623 574 677 qui
605 623 661 661 ibi
688 625 870 677 regnavit
891 652 903 673 ,
945 637 1078 662 rerum
1108 625 1464 662 astronomicarum
1504 622 1579 663 fuit
1614 625 1766 664 studio-

329 678 504 717 sissimus
525 709 535 728 ,
579 677 696 718 datus
738 693 783 717 ex
815 677 1076 717 similitudine
1114 679 1286 717 nominis
1328 678 1485 718 fabulae
1529 678 1640 719 loeus
1658 709 1671 731 ,
1721 687 1768 720 ut

333 731 488 772 coelum
539 736 732 772 sustinere
769 734 983 777 diceretur.
1053 734 1126 772 Cui
1170 748 1383 787 parumper
1423 736 1608 774 successit
1642 736 1683 774 in
1719 750 1767 775 eo

332 803 452 829 onere
479 789 712 828 sustinendo
746 787 964 837 Hercules,
1011 789 1103 842 quia
1131 791 1319 827 nimirum
1358 789 1410 828 ab
1439 790 1577 829 eodem
1606 789 1769 830 Atlante

331 859 394 884 res
423 842 610 883 coelestes
639 843 921 896 stellarumque
950 845 1121 882 rationes
1149 851 1188 882 et
1216 851 1348 884 motus
1375 845 1528 884 didicit.
1571 859 1739 886 ΡοΝΤΑΝ.

443 899 538 952 Pag.
559 899 646 948 183,
661 914 697 952 7.
724 900 888 938 multa
915 899 1192 940 disseruit.
1249 899 1391 953 Elogia
1430 899 1499 939 illa
1539 900 1658 940 simul
1686 914 1767 940 uno

330 956 418 996 loco
446 962 535 1008 post
580 956 706 994 vitam
730 953 998 993 Cantacuzeni
1057 968 1103 993 ex
1141 955 1319 1007 Gregora
1363 953 1526 994 collecta
1554 957 1772 1010 posuimus.

331 1011 488 1050 Bellum
528 1017 662 1049 autem
701 1009 907 1064 intelligit,
951 1008 1060 1063 quod
1103 1008 1361 1049 Andronicus
1397 1018 1525 1064 nepos
1560 1026 1652 1051 cum
1692 1025 1770 1052 avo

332 1067 463 1120 gessit.
494 1079 667 1105 ΡοΝΤΑΝ.

442 1118 735 1174 Ρας.ι84,25.
766 1116 1006 1159 discessu
1030 1119 1197 1173 facto
1236 1134 1303 1160 ex
1338 1119 1439 1159 hac
1474 1120 1608 1160 vita.
1666 1122 1794 1164 Hine}

331 1176 583 1230 colligimus,
618 1177 837 1229 Gregoram
862 1175 964 1214 bene
987 1189 1120 1215 senem
1146 1176 1276 1217 fuisse.
1332 1174 1428 1214 Fuit
1455 1183 1589 1215 autem
1615 1176 1769 1218 aulicus

329 1233 495 1272 senioris
537 1231 792 1283 Andronici,
833 1238 872 1269 et
913 1231 1023 1270 venit
1068 1233 1109 1270 in
1138 1231 1272 1270 aulam
1311 1245 1438 1271 annos
1462 1239 1580 1272 natus
1611 1246 1693 1287 27„
1722 1239 1770 1273 ut

329 1290 413 1342 ipse
441 1294 610 1326 testatur
637 1286 709 1326 lib.
734 1285 772 1329 8,
794 1298 965 1327 ΡοΝΤΛΝ.

439 1344 543 1396 Pag.
580 1356 667 1397 190,
703 1340 764 1381 15.
800 1340 1280 1381 Lacedaemonios.
1343 1342 1455 1382 Bona
1505 1341 1606 1382 facta
1665 1341 1770 1382 male

327 1411 601 1452 compensasse
634 1396 988 1444 Lacedaemonios,
1019 1396 1142 1449 vulgo
1174 1404 1316 1435 notum
1342 1411 1426 1437 esse
1455 1398 1526 1436 ait.
1585 1397 1770 1437 Herodo-

331 1461 396 1493 tus
424 1453 586 1508 quidem
604 1482 616 1504 ,
669 1452 834 1506 loquens
875 1451 924 1490 de
952 1451 1278 1491 Lacedaemoniis
1315 1459 1408 1491 ante
1435 1453 1678 1506 Lycurgum,
1706 1454 1770 1492 in·

332 1509 420 1563 quit
443 1539 455 1560 ,
484 1503 813 1558 κακονομώτατοι
837 1498 944 1559 ἦσαν
983 1503 1136 1556 σχεδὸν
1162 1505 1328 1546 πάντων
1352 1503 1554 1560 Ἑλλήνων
1587 1504 1695 1548 κατά
1725 1521 1770 1548 τε

333 1563 468 1620 σφε-ἀς
493 1559 675 1611 αὐτούς,
705 1559 778 1602 καὶ
803 1560 955 1610 ξένοισι
985 1556 1271 1611 ἀπρόσμικτοι.
1305 1575 1459 1601 PONTAN

444 1619 726 1673 Pag.19¹,21.
761 1618 993 1656 Tanaim.
1048 1616 1198 1655 Tanais
1226 1623 1286 1656 est
1311 1617 1408 1657 urbs
1439 1617 1490 1656 ad
1517 1618 1662 1656 ostium
1690 1614 1770 1657 ssu-

333 1676 390 1716 vii
420 1675 594 1715 eiusdem
623 1673 796 1713 nominis
821 1673 907 1713 sita.
937 1671 1187 1723 Stephanus:
1225 1671 1379 1719 Ταναῒς
1407 1670 1525 1719 πόλις
1549 1669 1771 1723 ὁμώνυμος

332 1731 390 1786 τῷ
413 1729 595 1792 not-apat}
651 1724 754 1768 κατὰ
795 1726 841 1766 δὲ
869 1722 946 1772 τὰς
988 1727 1046 1773 εἰς
1073 1723 1147 1779 τὴν
1181 1727 1332 1779 λᾴινην
1368 1723 1444 1780 τὴν
1475 1728 1674 1767 Malam
1702 1727 1769 1766 ἐκ-

332 1781 458 1839 βολὰς
502 1797 575 1823 του
612 1782 816 1828 Ταναῖδος
843 1777 962 1829 πόλις
982 1778 1190 1835 Ἑλληνικὴ
1238 1778 1419 1822 ἔκτισται
1472 1781 1649 1833 Ταναῒς,
1682 1776 1771 1836 ἥτις

334 1837 409 1881 καί
426 1835 626 1892 ἐμπόριον
657 1832 917 1889 ὀνομάζεται.
936 1850 1111 1877 ΡοΝΤΑΝ.
1342 1873 1345 1875 ,

445 1895 550 1947 Pag.
576 1894 715 1948 192,6.
747 1893 1004 1947 Capham.
1043 1891 1198 1945 Capina,
1224 1889 1320 1932 olim
1350 1890 1598 1942 Theodosia,
1627 1894 1701 1933 sita
1730 1894 1773 1932 in

336 1952 460 1992 Ponti
493 1949 640 1989 Euxini
668 1963 756 2000 ora,
783 1947 1055 1987 Genuensium
1084 1948 1252 1999 colonia,
1281 1948 1332 1986 de
1359 1961 1440 2000 qua
1467 1948 1558 1987 vide
1586 1948 1695 1988 Petri
1709 1950 1776 1988 Bi-

337 2008 418 2046 zari
451 2006 639 2045 historiae
677 2005 899 2044 Genuensis
928 2001 998 2043 lib.
1033 2004 1100 2054 6.;
1130 2018 1235 2042 anno
1284 2003 1397 2054 1475.
1440 2010 1631 2057 occupata
1667 2011 1725 2044 est
1753 2017 1779 2044 a

337 2062 568 2102 Mahomete
620 2061 847 2100 Turcarum
895 2060 1136 2111 imperatore
1186 2073 1267 2098 non
1311 2059 1396 2097 sine
1449 2073 1594 2113 magna
1631 2066 1776 2113 strage.

338 2132 515 2160 PONTAN.

451 2172 554 2223 Pag.
580 2184 672 2225 197,
694 2183 752 2212 ιο.
770 2169 1035 2210 Simonem
1055 2169 1160 2209 Bac
1176 2181 1466 2223 canegram.
1512 2168 1575 2208 De
1595 2169 1671 2210 hoc
1691 2169 1778 2224 lege

339 2226 414 2268 lib.
434 2227 474 2268 6.
506 2228 649 2264 Bizari.
681 2238 853 2264 roNTAN.

448 2280 663 2334 Pag.198‚
691 2294 723 2319 1.
751 2280 1024 2334 optimates
1051 2278 1110 2319 ob
1143 2281 1233 2319 hoc
1257 2279 1442 2330 solum,
1506 2280 1593 2318 ιιία
1623 2279 1779 2332 vulgo

336 2343 703 2394 praestarent.
770 2336 834 2374 De
872 2337 1103 2374 ostracismo
1148 2335 1247 2374 haec
1285 2336 1457 2388 accipien
1489 2349 1512 2374 a
1538 2341 1658 2386 sunt,
1700 2335 1779 2374 hoc

343 2401 416 2443 est,
444 2392 494 2431 de
519 2390 590 2430 tali
617 2403 744 2443 poena
773 2397 813 2429 et
841 2389 911 2429 tali
945 2405 990 2429 ex
1019 2405 1138 2429 causa
1156 2420 1167 2441 ,
1202 2389 1310 2443 quali
1351 2398 1390 2430 et
1426 2405 1471 2429 ex
1502 2405 1580 2443 qua
1608 2389 1776 2429 Athenis

344 2456 435 2504 post
465 2453 644 2487 exactum
674 2446 863 2498 Hippiam
905 2452 1124 2499 tyrannum
1152 2446 1351 2485 Pisistrati
1392 2445 1518 2484 filium
1553 2447 1779 2484 institutum

346 2505 484 2554 estjut
510 2502 773 2550 eiicerentur,
806 2500 874 2552 qui
905 2501 958 2538 ob
986 2502 1151 2540 nimiam
1179 2501 1477 2554 praestantiam,
1507 2514 1694 2553 oppressa
1722 2502 1780 2538 ci-

345 2560 459 2600 vium
487 2557 687 2607 libertate,
714 2555 967 2609 tyrannidem
995 2559 1228 2608 occupaturi
1256 2556 1536 2594 metuebantur
1555 2584 1566 2605 ,
1603 2562 1781 2607 eratque,

346 2622 395 2653 ut
424 2611 667 2652 Plutarchus
696 2612 752 2650 ait
772 2640 783 2658 ‚
820 2611 983 2649 nomine
1010 2618 1050 2649 et
1077 2613 1205 2663 specie
1235 2611 1432 2663 potentiae
1460 2617 1499 2648 et
1527 2609 1781 2649 excellentiae

348 2669 550 2722 depressio
579 2674 698 2719 atque
728 2666 983 2705 imminutio:
1014 2680 1058 2703 re
1087 2680 1179 2705 vera
1209 2665 1382 2704 invidiae
1411 2664 1548 2718 populi
1582 2664 1794 2720 solatium.i

349 2724 455 2773 Vide
482 2722 651 2764 Diodori
680 2721 752 2763 lib.
792 2735 854 2770 ιι,
893 2720 1109 2762 Alexandri
1136 2721 1388 2775 Neapolitani
1422 2720 1491 2766 lib.
1518 2721 1556 2766 5.
1600 2734 1684 2775 cap.
1711 2733 1781 2767 20.
