1800 3164
325 171 399 243 94
926 179 1301 234 CANTACUZENI

121 300 154 331 Λ,
170 300 204 331 (3.
224 299 308 344 ι348
324 290 604 330 πισκοποῦντι.
632 285 788 339 ἔπεμπε
801 286 846 327 δὲ
861 283 1048 340 καὶπρὸς
1061 286 1238 337 βασιλέα
1252 284 1481 341 γράμματα
1498 280 1631 334 οὕτως
1649 283 1756 340 ἕχον-
1799 307 1800 351 ᾗ

319 371 370 398 τα
383 357 427 396 ἑν
442 357 570 404 λέξει·
597 353 689 407 ,,εἶς
706 351 752 394 τὸ
774 348 904 404 ὄνομα
922 352 997 392 τοῦ
1007 351 1110 391 θεοῦ
1126 353 1201 392 τοῦ
1218 353 1426 400 ἐλεοῦντος
1438 352 1513 392 καί
1525 350 1757 406 ἐλεήμονος.
1799 357 1800 407 J

318 418 679 477 μακροημερεύσοι
705 417 728 458 ὅ
753 416 852 467 θεὸς
877 415 899 458 ὅ
922 413 1100 470 ὕψιστος
1119 416 1295 459 πάντοτε
1320 415 1392 468 τὰς
1411 417 1572 473 ἡμέρας
1590 419 1661 473 τῆς
1679 421 1756 471 βα·-
1798 410 1800 418 ⁴

317 488 476 536 σιλείας
503 488 579 527 τοῦ
604 481 804 538 μεγάλου,
832 484 906 525 τοῦ
939 483 1213 539 εῦεργετικοῦ,
1245 485 1319 525 τοῦ
1344 483 1566 539 φρονᾲιου,
1590 485 1667 525 τοῦ
1689 485 1755 525 λέ·-

319 568 452 604 οντος,
496 553 570 593 τοῦ
599 547 814 604 ἀνδρείου,
852 551 928 590 τοῦ
961 551 1004 590 ἐν
1033 551 1229 602 πολέμοις
1259 549 1511 604 ὁρμητικοῦ,
1541 545 1677 597 εἷςγὸν
1706 548 1792 589 0155

276 627 302 658 Β
317 620 498 661 δύναταί
519 633 582 666 τις
610 617 817 671 σταθῆναι
844 614 1083 670 ἔμπροσθεν
1113 616 1249 657 affro&
1263 648 1275 668 ,
1319 616 1396 656 τοῦ
1423 615 1668 670 σοφωτάτου
1697 615 1756 662 εἰς

312 684 359 726 τὸ
387 682 522 737 δόγμα
553 683 699 736 αὐτοῦ,
728 684 805 724 τοῦ
837 680 1094 723 δικαιοτάτου
1125 684 1184 730 εἰς
1211 680 1284 723 τὸν
1311 678 1435 723 τόπον
1461 681 1534 722 καί
1563 678 1640 735 τήν
1665 680 1756 734 χιό-

313 767 393 805 ροιν
421 749 571 803 αὐτοῦ,
602 750 679 790 τοῦ
707 747 906 802 θεμελίου
936 750 1008 802 τῆς
1036 748 1211 796 πίστεως
1239 748 1311 789 καί
1337 749 1414 788 τοῦ
1444 746 1650 806 δόγματος
1671 749 1756 788 τῶν

313 817 599 871 Χριστιανῶν,
627 816 706 856 τοῦ
735 815 869 862 κίονος
896 816 971 855 τοῦ
1003 815 1199 856 α’σείστου
1230 813 1423 856 ἁπάντων
1449 817 1530 855 τῶν
1556 817 1754 867 βεβαπτι-

310 884 501 935 σμένων,
531 883 608 922 τοῦ
633 883 797 935 βοηθοῦ
823 883 904 922 τῶν
929 879 1148 935 δογμάτων
1171 883 1250 921 τοῦ
1281 882 1499 935 Χριστοῦ,
1544 883 1619 935 τῆς
1644 880 1752 922 σπά-
1771 891 1796 916 1·

310 951 392 1004 3ης
415 949 496 990 τῶν
523 945 801 997 Μακεδόνων,
832 948 909 988 τοῦ
941 944 1142 999 Σαμψών,
1172 949 1249 987 τοῦ
1275 946 1479 1000 βασιλέως
1506 943 1754 1000 τῶνῖΕλλή-

310 1030 408 1067 νων,
435 1015 511 1055 τοῦ
537 1014 743 1067 βασιλέως
770 1014 854 1054 τῶν
883 1010 1153 1068 Βουλγάρων,
1181 1014 1263 1054 τῶν
1277 1011 1500 1065 Ἀσανίων,
1527 1012 1609 1054 τῶν
1635 1011 1754 1054 Βλά-

309 1096 413 1134 χων,
448 1080 530 1121 τῶν
563 1076 729 1121 Ῥώσων
753 1080 839 1119 ’καί
863 1079 945 1119 τῶν
971 1073 1171 1131 Ἀλανῶν,
1199 1081 1273 1133 τῆς
1298 1080 1419 1133 τιμῆς
1446 1079 1524 1119 τοῦ
1552 1077 1754 1131 δόγματος

309 1149 394 1187 τῶν
417 1146 589 1199 Ἰβήρων
623 1146 696 1186 καί
718 1146 800 1186 τῶν
831 1141 980 1198 Σύρων
998 1175 1011 1198 ,
1053 1145 1132 1185 τοῦ
1157 1141 1414 1198 κληρονόμου
1442 1144 1515 1199 τῆς
1539 1147 1754 1197 βασιλείας

309 1215 386 1267 τῆς
413 1213 488 1267 γῆς
519 1211 653 1252 αὐτοῦ
660 1243 673 1262 ,
715 1211 787 1252 τοῦ
817 1210 1025 1251 αὔθέντου
1052 1211 1133 1252 τῶν
1162 1211 1392 1252 θαλασσῶν
1418 1211 1491 1251 καί
1515 1212 1596 1251 τῶν
1623 1225 1750 1252 ποτα·
1768 1223 1795 1248 1:

271 1279 402 1331 (ζμῶν
439 1278 522 1318 τῶν
561 1274 755 1330 μεγάλων
783 1277 856 1317 καί
886 1276 967 1318 τῶν
996 1274 1146 1331 νήσων,
1170 1274 1368 1330 ’Λγγὲλου
1398 1277 1624 1331 Κομνηνοῦ
1653 1279 1752 1318 Πα-

308 1341 530 1398 λαιολόγου
567 1345 645 1384 τοῦ
681 1344 1048 1397 Καντακουζηνοῦ.
1115 1340 1291 1384 πάντοτε
1318 1343 1345 1397 ἦ
1373 1343 1568 1396 βασιλεία
1597 1359 1672 1385 σου
1699 1341 1748 1385 τὸ

307 1412 473 1465 θέλημα
501 1410 635 1463 αὐτῆς
659 1406 711 1450 νὰ
740 1406 784 1450 τὸ
812 1410 912 1465 ζητῇ
931 1406 1011 1449 ἀπὸ
1038 1407 1113 1463 τὴν
1133 1407 1412 1463 Σουλτανικὴν
1438 1407 1629 1459 ἐξουσίαν
1645 1425 1748 1464 μου,

307 1478 380 1517 καί
416 1471 499 1516 οἷπὸ
529 1473 576 1516 τὸ
599 1470 794 1529 ὀσπήτιόν
823 1490 907 1526 μοις
949 1472 992 1515 τὸ
1032 1473 1282 1528 ἡγιασμένον
1322 1474 1395 1515 καί
1418 1478 1748 1531 πεφωτισμένον,

305 1540 379 1583 καὶ
406 1538 463 1590 ὥς
493 1538 646 1595 ἔχομεν
674 1541 811 1580 πᾶσαν
839 1538 1019 1592 δύναμιν
1048 1538 1100 1581 νοὶ
1134 1542 1356 1594 πληρῶμεν
1382 1539 1457 1595 τήν
1485 1537 1646 1596 ἀγάπην
1674 1543 1748 1596 τῆς
1760 1555 1795 1581 2«

305 1605 520 1662 βασιλείας
539 1622 630 1658 σου,
663 1603 739 1646 καί
763 1603 908 1654 καθώς
935 1605 1150 1660 εὑρίσκετο
1177 1607 1259 1647 τῶν
1285 1606 1499 1661 προγόνων
1525 1607 1600 1661 τῆς
1623 1610 1746 1661 βασι-

304 1675 419 1721 λείας
446 1687 523 1714 σου
554 1669 662 1725 μετὰ
691 1672 772 1712 τῶν
803 1669 1014 1725 προγόνων
1042 1673 1116 1726 τῆς
1140 1673 1419 1726 Σουλτανικῆς
1445 1673 1634 1722 ἐξουσίας
1647 1690 1746 1727 μου,

305 1740 377 1780 καί
415 1736 559 1787 καθώς
599 1738 832 1792 ἐπληροῦτο
860 1734 886 1790 ἦ
917 1730 1051 1791 ὄρεξις
1078 1738 1162 1780 τῶν
1188 1739 1397 1791 βασιλέων
1423 1740 1505 1780 τῶν
1532 1738 1748 1795 προγόνων

398 1815 440 1848 3ε
457 1812 477 1847 ὅ
504 1818 587 1846 ante
613 1810 677 1856 ὕψ.
704 1823 772 1845 om.
798 1811 832 1845 P.
1236 1796 1238 1800 .

304 1877 482 1911 Audierat
516 1878 615 1909 enim
647 1875 692 1908 de
731 1875 950 1920 imperatore
984 1872 1162 1919 quaedam
1186 1875 1358 1917 mirifica,
1395 1881 1433 1910 et
1457 1877 1534 1911 eius
1562 1877 1744 1912 amicitiae

305 1924 560 1969 cupidissimus
587 1927 675 1963 erat,
700 1921 1011 1966 patriarchamque
1031 1920 1075 1953 ad
1098 1926 1256 1954 sanctam
1274 1924 1456 1958 civitatem
1477 1926 1636 1964 mittens,
1659 1926 1744 1959 bar·

306 1971 475 2004 barorum
492 1971 568 2002 illic
582 1971 805 2012 magistratui
828 1969 1022 2012 praecepit,
1049 1967 1274 2000 Gerasimum
1297 1972 1542 2016 expellerent,
1568 1972 1743 2006 Lazarum

305 2017 546 2062 patriarcham
574 2017 815 2056 honorarent,
840 2015 1006 2060 nihilque
1030 2014 1100 2054 illi,
1126 2015 1334 2060 episcopum
1364 2017 1648 2052 Christianorum
1677 2030 1745 2064 per

302 2064 546 2098 Palaestinam
587 2064 734 2107 agenti,
769 2061 1015 2097 molestiarum
1049 2061 1276 2095 facesserent.
1339 2063 1392 2097 Ad
1416 2065 1505 2098 haec
1529 2065 1667 2100 litteras
1693 2065 1742 2099 ad

305 2113 560 2155 imperatorem
586 2110 689 2143 dedit
716 2111 755 2142 in
779 2109 871 2142 haec
907 2108 1035 2142 verba:
1070 2110 1139 2148 „Iu
1166 2110 1314 2143 nomine
1342 2111 1410 2143 Dei
1437 2112 1678 2146 misericordis
1703 2117 1744 2145 et

305 2158 539 2190 miseratoris.
597 2156 775 2190 Producat
811 2157 907 2188 Deus
933 2155 1125 2188 altissimus
1152 2166 1293 2200 semper
1321 2158 1398 2191 dies
1425 2159 1581 2203 imperii,
1606 2161 1741 2204 magni,

304 2203 475 2242 benefici,
500 2202 702 2248 prudentis,
728 2202 858 2242 leonis,
873 2202 988 2241 sortis,
1014 2202 1199 2235 bellatoris
1217 2206 1367 2245 strenui,
1387 2205 1488 2239 cuius
1509 2211 1740 2251 conspectum

305 2251 401 2285 serre
427 2250 650 2283 adversarius
674 2259 779 2282 nemo
805 2253 942 2293 potest,
977 2249 1234 2293 sapientissimi
1259 2251 1298 2283 in
1322 2251 1518 2297 religione,
1550 2253 1739 2286 iustissimi

306 2299 346 2330 in
372 2299 451 2331 loco
485 2302 522 2330 et
551 2297 698 2340 regione
723 2306 810 2335 sua,
832 2295 1057 2328 fundamenti
1089 2296 1374 2331 Christianorum
1410 2298 1495 2331 fidei
1525 2305 1635 2346 atque
1669 2301 1739 2333 do*-

307 2345 447 2389 gmatis‚
462 2344 621 2378 omnium
636 2353 732 2375 sacro
749 2343 850 2376 sonte
864 2342 1105 2383 initiatorum,
1124 2344 1312 2377 columnae
1327 2345 1535 2388 immobilis,
1552 2346 1738 2380 doctrinae

291 2391 443 2424 'Christi
464 2389 750 2436 propugnatoris,
772 2389 881 2434 gladii
901 2388 1150 2430 Macedonum,
1177 2392 1268 2436 regis
1293 2391 1636 2439 Graecorum,.regis
1651 2394 1738 2426 Bul-

308 2450 483 2482 garorum,
501 2437 724 2477 Asaniorum,
749 2435 983 2478 Blachorum,
1009 2436 1223 2472 Rhossorum
1247 2444 1284 2472 et
1307 2439 1514 2479 Alanoi-um,
1530 2441 1736 2474 ornamenti

306 2485 482 2531 dogmatis
510 2484 695 2517 Iber-orum
719 2487 756 2516 et
779 2483 967 2526 Syrorum,
991 2482 1135 2516 heredis
1160 2485 1302 2529 imperii
1326 2497 1514 2531 regnorum
1538 2488 1629 2527 eius,
1654 2498 1736 2520 ma-

306 2533 398 2565 rium
435 2537 471 2565 et
493 2541 700 2576 magnorum
728 2529 917 2562 fluminum
948 2534 984 2562 et
1008 2530 1227 2572 insularum,
1270 2533 1407 2566 domini
1425 2534 1551 2577 Angeli
1579 2534 1735 2567 comne-·

303 2581 343 2613 ni
369 2579 571 2622 palaeologi
598 2577 847 2610 Cantacuzeni.
895 2576 1060 2609 Maiestas
1088 2582 1171 2618 tua,
1207 2579 1306 2623 quod
1339 2581 1370 2612 ei
1404 2581 1577 2624 placitum
1603 2585 1677 2621 est,
1711 2592 1731 2612 a

303 2626 486 2659 Sultanica
509 2625 672 2669 potentia
698 2629 840 2660 nostra,
866 2627 903 2656 et
926 2624 1143 2656 sanctificata
1167 2630 1276 2670 atque
1300 2627 1504 2659 illuminata
1534 2627 1641 2660 domo
1666 2639 1733 2661 no-

301 2678 373 2705 stra
406 2675 546 2717 semper
581 2670 751 2716 requirat}
811 2670 900 2703 Nam
927 2681 991 2714 pro
1022 2681 1064 2703 eo
1100 2681 1236 2711 amore,
1269 2684 1340 2717 quo
1365 2673 1552 2706 amborum
1577 2676 1730 2707 maiores

301 2720 397 2752 inter
429 2731 468 2754 se
499 2719 681 2754 coniuncti
709 2719 874 2757 suerunt,
913 2723 949 2750 et
972 2727 1037 2750 nos
1063 2728 1144 2763 erga
1169 2722 1204 2750 te
1229 2729 1366 2758 sumus,
1393 2725 1566 2763 quantum
1590 2722 1738 2755 viribus

301 2776 513 2810 possumus,
547 2769 686 2800 tantum
717 2764 786 2798 tibi
821 2763 1109 2809 gratificabimur.
1170 2766 1216 2798 Ut
1254 2767 1554 2810 quemadmodum
1586 2773 1738 2812 patrum-
