1800 3164
0 0 188 122 Γ

61 284 216 360 μαίοις,
246 278 274 337 ἢ
302 282 530 339 προδοσία,
558 277 588 337 ἢ
617 282 847 338 πολιορκία,
876 274 905 336 ἢ
937 277 1245 336 διαφθείραντα
1274 277 1375 327 τούς
1396 274 1566 320 ἒνδονΑ.
1577 281 1616 315 C.
1631 280 1719 317 1350

4 351 26 397 “J
59 345 277 405 χρήμασιν
299 342 327 402 ἢ
344 346 487 424 τρόπῳ
515 346 568 402 δή
597 363 680 389 τινι
698 344 844 405 ἑτέρῳ,
880 345 1021 395 πάσας
1038 343 1135 399 ἐμοι
1152 340 1417 397 ἀποδιδόναι,
1445 360 1513 385 και
1530 351 1558 385 Β

59 415 270 470 μηδεμιαν
310 412 526 469 πρόφασιν
569 412 714 468 ἀρκεῖν
753 414 824 455 ἐπι
863 413 1075 468 μηδεμιᾶς
1103 409 1406 465 ἀποστερήσει,
1446 408 1570 454 mcv.
1579 418 1649 454 628

6 487 7 490 ’
58 478 217 523 τούτων
245 477 404 531 ἔξεστιν
439 476 650 530 ἀπόδειξιν
677 480 880 534 παρέχειν
911 479 1075 558 ἐναργῆ
1111 478 1158 519 ἐκ
1183 493 1265 535 tunt
1291 474 1515 533 ε’γγραφων

0 535 198 610 ἓῖορκων
223 561 400 588 τουτωνι
420 577 432 599 ,
477 561 552 594 ους
582 541 766 600 ἐποιήσω
797 543 891 586 τότε
919 542 1027 598 πρὸς
1054 544 1132 597 ἐμὲ
1158 545 1204 586 ἐν
1229 549 1324 591 ταῖς
1351 540 1513 597 συνθή-

61 627 168 667 καις,
196 610 401 667 παρόντος
431 607 766 667 α’ρχιεπισκόπου
793 612 872 652 τοῦ
909 611 988 651 σοῦ
1017 625 1086 651 και
1113 611 1194 651 τῶν
1233 624 1326 652 νυνι
1358 605 1516 664 παρόν-

60 694 144 721 των
171 676 327 720 ἐνθάδε
358 693 528 719 τουτωνι
557 677 641 718 τῶν
682 674 765 717 ὑπὸ
795 677 844 718 σὲ
873 676 1103 731 ἐπιφανῶν.
1171 673 1434 733 σκεψώμεθα
1464 674 1515 730 δὴ

61 739 152 796 οὖν,
183 740 380 799 ὁπότερος
392 743 573 796 ἐνέμεινε
603 747 690 791 τοῖς
707 737 845 797 ὅρκοις
862 740 1036 793 τούτοις,
1068 736 1133 795 ἆρ’
1155 739 1177 781 ὃ
1205 739 1362 795 πολλὴν
1379 742 1515 795 α’γνω-

60 806 245 864 μοσύνην
271 807 346 851 καὶ
372 809 628 863 α’χαριστίαν
659 805 1014 863 κατηγορούμενος
1041 805 1121 861 ἐγώ
1159 807 1232 848 καί
1273 804 1395 854 κακὸς
1421 808 1519 861 περὶ

0 867 160 932 ῂοτούς
200 876 352 932 φίλους
389 874 463 916 καί
490 874 724 929 α’πληστίας
751 875 870 929 δίκην
903 871 1101 930 φεύγων,
1129 867 1157 926 ἢ
1188 869 1242 913 σύ
1274 871 1295 913 ὃ
1325 871 1408 913 τῶν
1439 871 1514 913 ἆλ-

2 971 9 1000 j
60 942 241 997 λοτρίων
269 939 446 997 μηδενὸς
474 942 698 994 ἐπιθυμῶν
715 972 726 990 ,
758 935 864 981 ἆλλά
891 941 1063 993 βέβαιος
1089 938 1188 992 περί
1215 935 1314 986 τούς
1342 938 1553 992 φίλους,(;

60 1007 135 1050 καί
163 1004 304 1061 ὥσπερ
334 1007 546 1048 πολιτείαν
575 1004 646 1047 διὰ
689 1008 786 1060 βίου
817 1002 975 1059 μετιών
1001 1006 1046 1045 τὸ
1079 1001 1139 1058 μὴ
1168 1002 1515 1057 συμμεταβάλλε-

61 1075 170 1115 aaut
200 1072 356 1130 ῥᾳδίως
379 1077 466 1121 τοῖς
494 1077 670 1127 καιροῖς,
698 1071 809 1127 μηδὲ
835 1069 890 1113 τοὶ
915 1067 1094 1121 εἰσάπαξ
1121 1070 1395 1153 ἐψηφισμένα
1423 1067 1520 1125 τρό-

61 1155 153 1180 πων
198 1140 368 1180 εὐκολία
423 1136 623 1181 διαλύων.
704 1138 802 1190 ἐμοι
845 1139 925 1191 μὲν
981 1137 1122 1188 δοκεῖ,
1164 1132 1265 1190 μήτ’
1318 1127 1518 1190 εὐορκίας

0 1205 84 1252 ,15
63 1221 138 1258 εμε
167 1221 236 1246 και
264 1204 529 1259 βεβαιότητος
556 1220 651 1259 περι
681 1205 779 1252 τούς
809 1202 961 1260 φίλους
988 1219 1059 1244 και
1088 1201 1407 1256 εὐγνωμοσύνης
1437 1218 1519 1257 μη-

63 1272 136 1313 δὲν
169 1272 319 1325 δεῖγμα
347 1271 649 1325 παραλείπειν,
696 1267 802 1324 μήτε
829 1269 879 1311 σὲ
910 1269 1147 1346 ἀπληστίας
1191 1283 1262 1309 και
1301 1267 1519 1323 ἐπιορκίας

0 1344 2 1380 Ι
62 1353 133 1378 και
189 1353 286 1392 περι
337 1335 435 1385 τοὺς
484 1338 634 1392 φίλους
682 1336 894 1384 απιστίας.
987 1333 1044 1383 ὥς
1097 1332 1176 1390 γὰρ
1227 1334 1427 1389 ἐγενόμην
1471 1335 1519 1375 ἐν

61 1399 275 1461 Βε(ἷροιά,
322 1404 398 1444 καί
417 1418 525 1451 τινες
564 1403 763 1456 πολίχναι
806 1399 1108 1457 προσεχώρουν
1141 1401 1241 1455 περὶ
1282 1399 1415 1456 αὐτην
1442 1401 1522 1442 καί

65 1469 276 1511 Θετταλία
300 1500 312 1518 ,
359 1466 439 1522 ἐγώ
482 1471 561 1520 μὲν
603 1469 648 1509 ἐκ
687 1469 772 1509 τῶν
799 1465 977 1509 ἐνόντων
1009 1464 1246 1522 ἐπειρώμην
1274 1463 1418 1517 αυξειν
1444 1464 1518 1521 τὴν

10 1528 17 1592 ι’
63 1532 214 1587 ἀρχὴν,
248 1535 321 1594 καί
351 1531 546 1608 στρατιὰν
573 1530 784 1587 ἠθροικὼς
812 1525 914 1586 όσην
946 1530 1131 1584 μάλιστα
1161 1533 1271 1586 ε’ξῆν,
1300 1548 1412 1586 εχων
1444 1530 1520 1572 καὶ

61 1600 104 1641 Γ
103 1613 312 1654 ερμανους
348 1613 447 1646 τους
484 1614 599 1652 παρα
630 1600 723 1649 σοῦ’,
756 1592 857 1677 ηκον
886 1599 947 1646 εἷς
980 1598 1290 1652 Θεσσαλονίκην
1317 1596 1399 1639 ὑπὸ
1433 1613 1516 1639 των
1527 1609 1559 1642 D

63 1665 199 1720 φίλων
234 1661 610 1718 κεκλημένος·σύ
645 1663 691 1704 δὲ
722 1661 877 1704 αὐτίκα
905 1662 1180 1715 ἐπεβούλευες
1208 1662 1420 1718 μηδεμίαν
1450 1665 1520 1705 αἷ-

61 1731 155 1772 τίαν
168 1746 186 1781 ,’
223 1730 330 1784 μηδὲ
360 1728 578 1785 πρόφασιν
608 1727 715 1784 πρὸς
755 1727 829 1770 τὸν
855 1728 1037 1781 πόλεμον
1064 1730 1402 1785 παρασχομένῳ,
1444 1726 1521 1770 καὶ

65 1801 155 1844 τοῖς
181 1811 225 1837 τε
260 1795 611 1837 Θεσσαλονικεῦσι
641 1792 938 1847 συνεβούλευες
966 1794 1195 1847 ἐπεξιέναι,
1237 1793 1313 1836 καί
1346 1796 1387 1836 Γ
1385 1808 1518 1850 ερμα-
1576 1835 1579 1837 μ

163 1869 213 1903 13.
243 1867 385 1915 ὁμοίως
409 1869 461 1904 Μ.
482 1878 551 1912 mg.
577 1878 643 1912 pro
669 1865 818 1913 ῥᾳδίως.

65 1932 306 1964 Romanorum
332 1937 395 1964 aut
418 1930 648 1976 proditione,
673 1934 738 1963 aut
769 1929 985 1969 obsidione,
1023 1935 1088 1964 aut
1111 1930 1290 1975 corruptis
1323 1928 1520 1975 largitione

60 1978 229 2019 civibus,
257 1981 322 2010 aut
346 1978 418 2010 alia
442 1977 599 2024 quadam
626 1977 768 2010 ratione
794 1987 991 2021 occupare,
1015 1976 1106 2010 mihi
1131 1977 1404 2017 restitueretur,
1429 1977 1521 2011 nul-

64 2025 122 2059 lus
151 2036 196 2058 ue
221 2025 392 2058 obtentus
418 2025 465 2058 ad
489 2024 605 2057 ullum
629 2024 821 2058 auferendi
847 2024 995 2057 modum
1029 2023 1226 2060 sufficeret.
1274 2025 1320 2058 At
1350 2034 1394 2057 ue
1421 2023 1519 2056 istuc

65 2037 219 2118 pro‘lware
240 2071 427 2106 evidenter
452 2072 540 2105 licet
567 2083 610 2105 ex
636 2072 849 2104 imamentis
876 2072 915 2104 in
936 2071 1078 2105 tabulas
1102 2070 1248 2111 relatis,
1276 2035 1411 2116 quqbus
1428 2075 1520 2103 tune

65 2118 194 2153 foedus
222 2119 319 2152 inter
341 2131 407 2153 nos
431 2119 542 2152 ictum
567 2118 743 2158 sanxisti,
780 2117 1033 2164 praesentibus
1070 2117 1346 2164 archiepiscopo
1383 2121 1446 2150 tuo
1479 2121 1519 2151 et:

66 2165 137 2207 iis,
161 2166 226 2211 qui
254 2177 352 2200 nune
374 2176 494 2199 coram
517 2165 662 2206 adsunt,
686 2166 914 2211 principibus
939 2165 1022 2198 tuis.
1073 2163 1351 2199 Consideremus
1378 2163 1519 2209 itaque,

66 2218 148 2246 uter
173 2213 375 2247 iuramenta
398 2215 468 2248 ista
509 2213 685 2253 servarit,
721 2224 859 2257 egone,
895 2222 1003 2257 quem
1041 2215 1080 2244 tu
1117 2215 1239 2245 tantae
1267 2209 1518 2255 improbitatis

67 2265 106 2294 et
130 2263 203 2292 tam
228 2261 390 2304 ingratae
413 2260 612 2294 voluntatis
650 2264 760 2305 atque
799 2259 944 2293 sceleris
980 2260 1019 2292 in
1044 2259 1180 2292 amicos
1218 2262 1255 2292 et
1292 2257 1518 2291 insatiabilis

67 2305 254 2340 cuiusdam
282 2307 492 2352 cupiditatis
518 2318 685 2347 accusas,
711 2318 757 2340 an
781 2311 834 2348 tu,
860 2307 924 2352 qui
950 2305 1092 2340 scilicet
1114 2306 1276 2339 alienum
1302 2303 1397 2338 nihil
1425 2315 1517 2337 con-

66 2354 241 2399 cupiscis,
274 2354 337 2388 sed
375 2354 574 2388 amicitiam
611 2358 818 2388 constanter
852 2353 962 2393 colis,
996 2357 1034 2386 et
1068 2352 1172 2398 quasi
1204 2351 1389 2397 quoddam
1419 2351 1516 2384 vitae

65 2400 275 2434 institutum
303 2406 431 2444 tenes,
454 2406 495 2434 ut
517 2412 591 2434 non
617 2400 723 2434 facile
748 2411 826 2433 cum
846 2405 1008 2444 tempore
1034 2398 1288 2438 commuteris,
1312 2408 1434 2443 neque
1459 2408 1518 2431 se-

64 2447 139 2483 mel
163 2447 306 2482 decreta
331 2460 396 2494 per
421 2427 605 2483 levitatem
641 2452 822 2485 retractes.
870 2447 1049 2493 Equidem
1081 2445 1172 2480 mihi
1209 2445 1337 2480 videor
1372 2445 1517 2478 nullum

68 2493 274 2539 religionis,
299 2497 538 2536 constantiae,
562 2495 756 2540 aequitatis
782 2506 912 2528 munus
936 2504 1018 2538 erga
1047 2495 1181 2527 amicos
1202 2491 1488 2537 praetermisisse
1503 2515 1516 2532 ,

67 2549 187 2585 neque
210 2543 384 2576 avaritiae
410 2553 533 2583 meae,
568 2542 721 2587 periurii
749 2546 785 2575 et
809 2541 1040 2575 infidelitatis
1066 2542 1106 2574 in
1143 2538 1288 2574 eosdem
1314 2539 1430 2571 ullum
1455 2548 1516 2570 ar-

67 2594 275 2632 gumentum
304 2593 432 2623 exstat.
480 2589 569 2622 Cum
596 2589 692 2622 enim
710 2587 910 2623 Berrhoeae
935 2598 1106 2629 versarer,
1130 2585 1313 2632 urbesque
1338 2585 1518 2618 finitimae

69 2635 247 2678 quaedam
271 2635 397 2670 adme
422 2635 685 2676 desciscerent,
722 2646 786 2682 ego
823 2635 997 2680 quidem,
1028 2639 1070 2668 ut
1104 2645 1159 2668 res
1184 2633 1347 2672 ferebat,
1384 2641 1516 2675 augere

69 2679 261 2725 imperium
287 2683 468 2724 conabar,
502 2689 538 2716 et
561 2683 723 2717 collectis
757 2688 912 2727 quantas
946 2687 1109 2727 poteram
1134 2681 1269 2725 copiis,
1314 2677 1453 2711 habens
1478 2681 1517 2710 et:

72 2726 268 2762 Germanos
293 2729 357 2763 abs
394 2735 430 2763 te
455 2730 546 2764 mihi
583 2731 729 2771 missos,
770 2729 1067 2764 'thessalonicam
1105 2728 1301 2761 amicorum
1340 2726 1515 2758 accersitu

72 2773 166 2806 veni
214 2774 270 2808 'l'u
295 2787 389 2818 mox,
413 2777 514 2811 nulla
536 2788 655 2820 causa,
680 2776 781 2811 nulla
806 2776 995 2811 occasione
1020 2786 1040 2808 a
1067 2786 1124 2810 me
1148 2772 1326 2820 praebita,
1349 2770 1441 2807 mihi
1460 2770 1516 2806 in·

493 177 873 220 Hls'romARUM
915 178 985 219 w.
1013 182 1083 224 20
1407 155 1511 225 145

122 2840 397 2879 Canzaczczenus
424 2846 488 2879 111.
1210 2852 1250 2876 ¹⁰
