1794 3158
400 171 474 213 An
511 169 879 213 CANTAcnzssNi
916 171 1015 211 ΠΒ.
1043 171 1112 211 iv.
1365 152 1472 229 557

150 275 250 330 Pag.
273 275 342 330 95,
363 289 402 317 α.
437 277 492 315 in
532 275 742 315 nomine
773 273 892 318 Dei.
948 273 1076 315 Huius
1105 272 1295 328 epistolae
1328 276 1477 328 princi-

37 332 168 386 pium,
196 332 239 371 id
266 339 339 379 est,
369 330 501 382 tituli,
530 330 676 384 quibus
701 329 1022 369 Cantaeuzenum
1051 331 1329 384 imperatorem
1353 331 1477 370 colio·

39 393 186 437 nestat,
217 386 353 439 lingua
383 387 542 426 Graeca
573 384 698 424 veteri
723 386 857 438 scripti
881 392 1000 435 sunt,
1028 384 1181 438 reliqua
1207 389 1290 424 tota'
1323 384 1474 439 lingua,

40 456 162 495 quam
206 455 315 480 nunc
356 441 521 494 vulgare
565 440 761 479 Graecum
795 440 1011 493 appellant.
1079 440 1219 494 Itaque
1250 440 1382 480 studio
1423 442 1483 481 D.-

41 497 169 536 Marci
198 495 355 535 Velseri
378 496 546 546 sactum,
578 502 623 534 ut
658 509 703 534 ea
726 494 840 533 nobis
878 495 931 533 ab
965 495 1130 534 homine
1164 495 1369 549 utriusque
1390 510 1476 535 ser-

39 553 170 591 monis
193 552 353 602 Graeci,
379 559 419 591 et
445 550 683 598 scholastici,
703 551 884 603 inquam,
906 557 945 589 et
970 549 1145 603 vulgaris
1170 552 1303 604 periti,
1322 552 1478 591 Graeco

41 620 146 660 puro
167 614 267 660 puto
294 606 545 655 redderetur,
573 619 654 658 quo
690 618 778 643 eam
807 612 1040 644 convertere
1060 608 1100 643 in
1123 606 1313 644 Latinum
1337 620 1474 660 posse-

40 675 145 705 mus.
200 662 276 701 Est
302 669 435 701 autem
462 661 620 701 Sultani
647 659 837 713 Aegypti,
862 661 1151 701 Muhametani.
1179 674 1346 703 PONTAN.

151 716 345 770 Pag.94‚
373 716 432 756 16.
472 715 670 768 Angeli
704 714 948 754 Comneni
982 715 1316 768 Palaeologi
1358 716 1487 756 Can-v

41 773 293 813 tacuzeni.
349 771 440 810 Non
465 771 541 809 fuit
561 771 804 820 Comnenus,
830 784 903 810 nec
925 769 1212 823 Palaeologus‚
1239 772 1315 810 nisi
1341 785 1364 811 a
1390 786 1478 811 ma-

38 833 154 866 terna
186 826 302 866 linea.
356 826 436 865 Sed
460 826 656 865 barbarus
687 825 882 865 honorem
914 825 1063 865 habere
1093 825 1245 875 voluit,
1281 834 1478 880 quantum

40 883 258 921 maximum
297 883 440 935 potuit.
468 894 647 921 romum.

163 937 355 990 Pag.96,
377 948 445 975 22.
491 936 719 977 Amet-ae.
786 936 874 975 Vox
912 935 1084 975 Arabica
1122 942 1180 975 est
1225 935 1368 977 Amira
1405 952 1476 978 seu

38 992 213 1039 Amiras,
239 1006 420 1031 summus
435 991 684 1045 praefectus:
727 1005 806 1044 qua
831 998 1003 1030 utuntur
1025 1004 1141 1044 saepe
1166 992 1368 1044 Zonaras,
1400 994 1478 1032 Ce-

39 1046 187 1086 drenus
199 1078 212 1098 ‚
235 1047 402 1086 Nicetas.
459 1047 563 1086 Hinc
584 1046 827 1094 Ameralius,
854 1046 1050 1086 vocabulo
1072 1048 1291 1101 composito
1313 1061 1358 1086 ex
1372 1048 1480 1087 Ara-

39 1101 131 1142 bico
149 1109 189 1141 et
219 1103 387 1150 Graeco,
409 1102 630 1154 praefectus
658 1102 795 1152 maris,
824 1101 1155 1152 θαλασσιάρχος.
1183 1116 1356 1142 PONTAN.

150 1156 252 1209 Pag.
277 1156 344 1211 96,
378 1157 444 1201 25.
482 1156 856 1198 Musulmanos.
914 1156 1190 1196 Musulmanos
1222 1157 1300 1196 dici
1335 1172 1382 1198 se
1403 1172 1479 1198 vo-

39 1210 131 1251 lunt
147 1213 420 1251 Muhametani
449 1219 554 1251 recte
581 1212 802 1262 credentes,
821 1219 866 1250 ut
885 1210 1081 1250 Arianicis
1103 1213 1348 1266 temporibus
1360 1213 1481 1252 Chri-

39 1268 157 1306 stiani
185 1275 382 1321 quotquot
414 1268 750 1307 abominabantur
785 1280 924 1306 eorum
959 1266 1112 1306 furores
1130 1297 1141 1317 ‚
1165 1268 1479 1308 orthodoxorum

41 1336 186 1361 nomen
210 1323 517 1376 profitebantur.
576 1321 855 1362 Leunclavius.
913 1322 1088 1371 Quidam
1111 1336 1158 1361 eo
1187 1324 1348 1362 nomine
1360 1324 1480 1362 Chri-

41 1377 191 1418 stianos
215 1378 266 1417 ad
284 1379 511 1417 Tui-carum
533 1376 764 1431 religionem
790 1383 1041 1416 transeuntes
1063 1378 1278 1430 accipiunt.
1307 1390 1478 1422 ronrffl,

164 1433 268 1486 Pag.
301 1447 369 1488 99,
403 1434 440 1475 5.
483 1446 623 1472 anno
659 1431 997 1472 ,Mahumeti-
1054 1432 1166 1472 Sicut
1199 1445 1273 1472 nos
1304 1433 1356 1472 ab
1385 1441 1479 1472 ortu

41 1488 219 1540 Christi,
252 1489 310 1528 ita
337 1488 614 1528 Mabumetani
646 1487 699 1527 ab
721 1494 812 1526 ortu
845 1488 904 1526 sui
942 1487 1158 1541 prophetae
1179 1502 1305 1528 annos
1333 1502 1491 1529 nume--¹

43 1551 150 1584 rant.
183 1556 355 1584 Pomm.

153 1598 252 1651 Pag.
267 1612 338 1652 99,
364 1598 424 1638 13.
463 1612 527 1637 ex
570 1596 695 1636 urbe
734 1605 939 1636 sancta.
992 1596 1054 1635 Ex
1083 1596 1288 1651 evangelio
1316 1598 1486 1652 aliisque·

43 1654 140 1694 locis
167 1655 376 1706 utriusque
402 1652 627 1694 testamenti
657 1653 739 1703 ita,
775 1659 814 1691 et
849 1653 991 1691 merito
1020 1660 1200 1693 vocatur.
1258 1654 1485 1707 Congerere

41 1709 123 1749 huc
149 1710 377 1748 testimonia
407 1707 508 1747 nihil
536 1710 702 1746 attinet:
748 1709 849 1746 sicut
887 1721 960 1746 nec
988 1721 1149 1746 causam
1179 1707 1320 1748 afferre
1364 1709 1484 1749 huius

42 1764 332 1818 appellationis,
363 1778 455 1802 cum
487 1777 552 1802 eas
579 1776 697 1802 nemo
725 1763 876 1802 nescire
903 1763 1042 1816 possit,
1070 1764 1139 1815 qui
1171 1763 1334 1816 quidem
1362 1764 1482 1803 Chri-

43 1821 194 1860 stianus
222 1820 286 1868 sit,
315 1832 487 1858 romum.

155 1873 263 1926 Pag.
284 1888 353 1928 99,
381 1887 447 1913 21.
470 1872 539 1912 Ia
553 1871 758 1915 enbitis.
799 1872 908 1911 Dicti
936 1878 1029 1911 sunt
1057 1886 1081 1911 a
1111 1871 1288 1926 quodam·
1320 1873 1483 1926 Iacobo,

46 1943 191 1984 genere
218 1930 335 1983 Syro,
365 1930 435 1982 qui
462 1935 641 1982 tempore
669 1928 849 1966 Mauritii
877 1928 1128 1980 imperatoris
1160 1935 1201 1967 et
1238 1928 1390 1980 Pelagii
1427 1931 1482 1969 ll.

45 1985 239 2040 pontificis
272 1985 430 2024 maximi
458 1990 716 2031 emerserunt,
740 1984 845 2023 circa
863 1996 1013 2022 annum
1028 1984 1192 2023 Domini
1209 1982 1482 2024 DLXxx1V;

46 2040 260 2090 Dicebant,
272 2054 352 2079 non
384 2052 468 2078 esse
492 2040 759 2078 necessarium
784 2037 979 2077 sacerdoti
1012 2038 1192 2078 confiteri
1213 2046 1388 2092 peccata,
1414 2039 1484 2079 sed

46 2095 136 2135 Deo
175 2094 264 2135 soli.
333 2093 531 2134 Parvulos
567 2093 937 2144 circumcidebant,
985 2093 1193 2133 adustione
1231 2095 1403 2148 quadam
1442 2097 1484 2134 in

48 2152 179 2190 fronte
220 2149 284 2191 vel
313 2150 422 2204 genis
451 2151 642 2202 impressa
659 2178 670 2195 ‚
712 2149 807 2187 hinc
831 2155 1016 2201 putantes
1055 2148 1247 2203 originale
1277 2158 1483 2201 peccatum

47 2206 221 2260 expiari,
260 2212 424 2259 propter
451 2203 552 2244 illud
583 2204 728 2243 Christi
759 2204 902 2242 Matth.
931 2204 999 2244 3.:
1044 2204 1137 2259 Ipse
1169 2219 1240 2244 vos
1273 2205 1487 2260 baptizabit

47 2262 91 2300 ἰη
123 2261 276 2316 Spiritu
309 2269 440 2300 sancto
477 2269 514 2299 et
555 2260 655 2311 igni.
725 2258 863 2297 Unam
891 2265 1048 2297 tantum
1089 2260 1128 2299 in
1171 2260 1330 2299 Christo
1366 2269 1484 2300 natu-

46 2330 134 2356 ram
163 2315 466 2369 profitebantur.
527 2315 617 2354 Non
648 2313 863 2352 credebant
891 2321 1068 2353 sanctam
1110 2314 1349 2355 Trinitatem
1369 2345 1380 2367 ‚
1416 2316 1485 2356 sed

49 2373 244 2410 unitatem
289 2370 418 2409 solum
457 2377 530 2413 etc.
586 2369 693 2409 Vide
744 2368 970 2408 Gabrielem
1010 2369 1241 2410 Prateolum
1286 2371 1336 2409 de
1375 2372 1481 2419 vitis,

50 2428 165 2466 sectis
195 2434 235 2466 et
259 2424 514 2478 dogmatibus
542 2424 723 2464 omnium
751 2423 1040 2464 haereticorum
1062 2455 1073 2476 ‚
1106 2433 1145 2464 et
1175 2425 1310 2465 Iacobi
1341 2424 1391 2464 de
1412 2426 1484 2465 Via

29 2483 174 2521 ‘triaco
202 2481 273 2521 lib.
312 2495 343 2520 1.
373 2481 560 2519 historiae
588 2477 790 2518 orientalis
819 2494 909 2533 cap.
942 2479 1006 2532 76.
1038 2493 1207 2520 ronna.

160 2535 453 2588 Pag.1oo‚15.
500 2534 553 2573 ου’
585 2531 667 2587 γάρ
707 2530 842 2583 ἔστιν,
887 2532 963 2573 οὐκ
1003 2530 1095 2575 ἔστι
1122 2530 1195 2573 τὸν
1233 2526 1363 2586 ὀρθοῦ
1388 2535 1484 2584 βιόυ

50 2587 154 2642 μετὰ
183 2591 253 2643 τῆς
281 2587 452 2637 πίστεως
487 2585 686 2640 ἐχόμενον
713 2589 956 2642 ναυαγῆσαί
983 2601 1082 2628 ποτε
1122 2586 1221 2637 περί
1245 2585 1321 2641 τήν
1347 2587 1486 2629 πίστιν

53 2646 125 2697 τῆς
155 2642 270 2696 παρὰ
295 2646 396 2684 θεοῦ
428 2645 667 2694 ἐπικουρίας
697 2641 850 2696 ἔρημον
882 2641 1111 2695 γενόμενον.
1168 2643 1324 2694 Quibus
1353 2646 1484 2683 vei-bis

53 2701 272 2752 significare
303 2701 458 2739 videtur
476 2701 794 2749 Cantacuzenus,
816 2714 922 2748 eum,
955 2699 1022 2750 qui
1053 2697 1172 2737 semel
1200 2713 1337 2738 veram
1367 2700 1484 2739 {idem

53 2756 218 2809 adeptus
250 2762 333 2807 est,
376 2756 558 2808 vitaeque
598 2762 637 2794 et
678 2769 835 2811 morum
874 2754 1071 2792 honestati
1105 2760 1143 2793 et
1181 2754 1370 2809 probitati
1400 2762 1484 2795 stu-
