1800 3164
460 158 837 203 ffls'romAnuM
875 162 944 201 1v.
973 162 1042 205 [18.
1363 139 1475 213 349

2 268 6 269 ’
36 275 116 303 σαν
143 261 388 317 ἐπτοῆσθαι,
423 259 498 300 ου’κ
540 258 703 314 οἷνδρῶν
736 257 914 313 ἐχόντων
955 260 1055 302 νοῦν
1095 256 1168 299 καὶ
1193 256 1475 313 προσεχόντων
1486 273 1681 310 Α,ς,,,355

37 321 212 381 οἷληθέσι
236 330 459 379 λογισμοῖς.
517 322 544 379 ἦ
573 325 619 366 δὲ
650 326 695 365 ἐκ
720 328 794 379 τῆς
823 324 1039 378 βασιλείας
1067 320 1224 378 ταύτης
1276 326 1349 364 καί
1391 324 1476 365 κίν-

39 393 162 434 δυνον
194 388 242 432 οὗ
274 389 345 433 τόν
372 389 554 444 τυχόντα
583 391 642 447 τῷ
680 388 740 444 μὴ
780 392 917 438 καλῶς
950 395 1036 440 τοῖς
1066 387 1281 445 πράγμασι
1306 391 1476 443 χρωμέ-

13 451 94 517 {my
122 455 195 499 καί
239 456 528 511 προσηκόντως
557 452 609 497 ἂν
637 457 808 510 ἐνέγκοι.
854 452 904 496 οὗ
931 453 1010 510 γάρ
1044 451 1181 510 ῶσπερ
1215 455 1261 496 ἐν
1287 461 1375 504 τοῖς
1405 450 1474 496 ἄλ-

0 521 29 567 ,ὅ
41 528 139 575 λοις,
170 517 222 564 ἂν
252 521 481 580 ῥᾳθύμως,
512 518 623 563 οὕτω
667 520 718 576 δὴ
758 521 831 563 καί
861 523 1105 574 βασιλεῦσιν
1150 522 1216 576 ἐφ’
1245 516 1420 569 ἑαυτοὺς
1448 516 1476 575 ἦ

0 619 2 645 3
37 586 174 643 βλάβη
206 588 475 643 περιγίνεται,
505 583 766 640 βιοτεύωσιν·
823 584 930 628 ἄλλα
962 583 1015 627 τά
1055 602 1101 627 τε
1142 585 1284 640 ἀγαθὰ
1327 585 1518 644 ὅμοίως-Β

0 653 3 699 ᾗ
39 652 156 695 κοινοὶ
185 659 271 702 τοῖς
297 651 497 708 ὑπηκόοις
515 652 587 694 καί
617 652 668 694 τὰ
703 654 876 708 φαῦλα,
908 651 980 694 καί
1008 654 1100 694 δέον
1131 653 1298 707 α’γαθοῦ
1325 651 1478 701 παντὸς

4 735 9 758 1
40 719 274 774 ἀρχέτυπον
300 717 376 773 τὴν
413 721 615 772 βασιλέως
647 717 902 761 καθεστάναι
939 718 1098 772 ψυχήν·
1159 720 1200 759 εἰ
1228 719 1274 760 δὲ
1301 716 1386 772 μὴ,
1425 714 1476 758 οὖ

39 787 114 840 τῆς
149 786 354 840 σφετέρας
378 783 504 838 μόνον
535 783 747 842 ῥᾳθυμίας
773 784 951 840 ὀφλήσει
981 786 1125 837 δίκας,
1172 783 1278 826 ἀλλὰ
1310 783 1381 824 καί
1406 785 1477 838 τῆς

38 850 124 892 τῶν
147 852 319 892 πολλῶν.
378 847 408 891 ἃ
434 853 495 898 τίς
523 845 576 891 ἂν
607 852 705 891 νοῦν
735 847 844 903 ἔχων
871 850 1066 905 ἐννοήσας
1084 884 1097 903 ,
1144 845 1219 892 οὔκ
1260 844 1311 890 ἂν
1341 850 1475 890 ἕλοιτο

13 910 196 968 ’μᾶλλον
223 917 404 974 α’φανεία
432 916 562 972 πολλῇ
579 918 725 972 συζῇν,
752 917 824 970 τῆς
847 915 996 970 ζημίας
1028 917 1104 957 οὐκ
1127 914 1187 964 εἴς
1203 931 1243 958 τι
1264 916 1347 956 τῶν
1367 931 1478 971 φαυ-
1510 950 1514 953 Δ

17 983 239 1035 .λοτέρων,
277 983 368 1023 ἀλλ’
412 982 470 1030 εἰς
510 980 639 1037 αὕτὴν
670 980 744 1036 τὴν
772 980 916 1035 ψυχὴν
954 980 1267 1036 διαβαινούσης,
1299 977 1328 1039 ᾗ
1354 983 1403 1024 τά
1434 997 1478 1023 τε

39 1045 180 1101 ἆγαθιὶ
214 1046 368 1100 ὁμοίως
397 1047 469 1089 καί
502 1047 552 1089 τὰ
593 1050 739 1102 φαῦλα
776 1044 971 1088 ἀθάνατα
1015 1050 1244 1100 συνέσται,·
1280 1049 1352 1090 ἐπὶ
1375 1044 1475 1090 τού-

37 1129 122 1164 τοις
149 1115 196 1157 d&
236 1113 310 1156 καί
334 1113 438 1155 κατὰ
471 1113 543 1156 τὸν
584 1115 683 1170 τῇδε
723 1115 816 1167 βίον
866 1113 1029 1155 πολλῶν
1070 1112 1243 1168 ιῖγῶνων
1286 1114 1361 1155 καί
1401 1112 1478 1155 πό-

41 1196 122 1223 νων
171 1179 244 1221 καί
293 1178 493 1221 κινδύνων
533 1181 592 1237 τῷ
633 1176 895 1232 βασιλεύοντι
934 1177 1105 1234 δεήσει,
1161 1181 1201 1222 εἰ
1233 1181 1380 1232 μέλλοι
1415 1178 1475 1234 μὴ

37 1247 270 1301 παρέργως,
303 1243 411 1287 ἄλλα
443 1243 550 1286 κατὰ
580 1243 649 1286 τὸν
681 1243 802 1298 λόγον
832 1245 1020 1300 χρῆσθαι
1045 1247 1094 1302 τῇ
1127 1245 1255 1302 ἀρχῇ.
1310 1254 1520 1301 nonnus-C

37 1312 228 1353 δυνεύειν
250 1309 336 1367 γάρ
366 1312 449 1353 τῶν
477 1308 670 1366 ὑπηκόων
703 1312 862 1351 δίκαιον
909 1309 979 1350 (ἰεί
1023 1313 1095 1351 καί
1134 1309 1194 1367 μὴ
1227 1312 1273 1353 ἐν
1301 1313 1358 1367 τῷ
1385 1313 1478 1368 ἰδίῳ
1491 1319 1535 1358 V.
1562 1319 1630 1364 718

14 1427 15 1430 Ἴ
39 1376 232 1433 α’σφαλεῖ
262 1379 484 1432 προΐεσθαι
520 1376 594 1432 την
623 1378 789 1419 ἐκείνων
819 1377 1041 1431 σωτηρίαν
1096 1379 1170 1418 καί
1195 1375 1330 1419 πάντα
1356 1378 1481 1419 πόνον

36 1441 258 1495 ὑπομένειν
283 1442 356 1484 καί
385 1442 487 1498 πρὸς
513 1444 586 1497 τὴν
621 1443 823 1497 διοίκησιν
843 1443 927 1484 τῶν
955 1443 1104 1484 κοινῶν
1134 1445 1207 1484 καί
1250 1441 1355 1498 πρὸς
1396 1446 1481 1486 τῶν

41 1512 250 1562 πολεμίων
281 1508 360 1564 τήν
389 1508 645 1562 ιίντίστασιν,
675 1510 756 1550 τῶν
789 1523 832 1549 τε
858 1506 1015 1559 ἔξωθεν
1045 1509 1248 1552 ἐπιόντων
1289 1509 1361 1552 καί
1387 1503 1482 1552 ’τῶν

39 1573 210 1618 ἔνδοθεν
240 1574 394 1628 ὁμοίως
423 1572 791 1628 ἐπιβουλευόντων.
829 1567 881 1614 ἂν
912 1575 969 1615 δέ·
995 1590 1056 1623 τις
1085 1573 1237 1630 ἔροιτο,
1269 1571 1367 1617 ὅτου
1396 1575 1481 1630 χά-

41 1657 108 1696 ριν
134 1640 287 1695 πολλην
314 1643 372 1698 τῷ
400 1640 616 1695 πράγματι
648 1641 897 1694 δυσχέρειαν
938 1639 1141 1689 συνειδώς
1174 1640 1246 1682 καί
1275 1640 1484 1683 τοσούτων

42 1705 178 1748 πόνων
205 1709 277 1748 καί
304 1703 471 1760 ἀγώνων
496 1704 571 1760 τήν
598 1707 805 1758 βασιλέως
827 1706 1023 1759 δεομένην
1051 1704 1209 1760 ψυχὴν,
1229 1705 1368 1760 αὐτὸς,
1392 1705 1484 1748 ἐνὸν

41 1774 86 1814 ἐν
105 1770 274 1814 ἰδιώτου
302 1771 430 1828 μοίρᾳ
456 1771 617 1814 πάντων
650 1767 938 1824 ἀπηλλάχθαι,
965 1773 1146 1813 τοσαῦτα
1177 1771 1284 1828 ὑπὲρ
1315 1773 1392 1813 τοῦ
1409 1788 1483 1815 τυ-

140 1852 191 1879 12.
214 1839 282 1883 τὴν
306 1852 372 1874 om.
402 1841 440 1880 P,
548 1841 598 1874 16.
622 1832 689 1874 τὸν
714 1850 783 1873 om.
811 1839 849 1871 P.

40 1899 185 1942 vulgare
216 1899 417 1943 periculum
450 1910 525 1933 non
556 1898 651 1931 bene
681 1903 791 1942 atque
826 1901 865 1929 ut
888 1894 992 1930 decet
1017 1907 1091 1931 rem
1120 1898 1303 1942 publicam
1326 1896 1486 1931 admini-

42 1945 169 1981 stranti
196 1945 369 1979 attulerit.
418 1945 501 1980 Non
528 1946 644 1985 enim,
678 1942 981 1990 quemadmodum
1015 1944 1122 1986 aliis,
1156 1946 1187 1977 si
1219 1945 1329 1978 vitam
1366 1946 1486 1979 solute

42 1993 292 2036 transegerint,
317 1991 370 2025 sic
392 1993 500 2026 etiam
524 1991 804 2036 imperatoribus
833 1999 899 2022 usu
922 1990 1035 2029 venit,
1060 1996 1101 2024 ut
1127 1991 1295 2025 damnum
1322 1991 1368 2025 ad
1389 1993 1486 2035 ipsos

43 2039 150 2072 modo
176 2040 376 2084 pertineat,
420 2039 483 2074 sed
517 2043 553 2072 et
586 2039 682 2072 bona
715 2043 752 2071 et
789 2037 881 2069 mala
914 2037 1072 2080 ipsorum
1098 2038 1253 2072 subditis
1279 2039 1486 2072 communia

43 2090 140 2125 sunt,
164 2091 200 2118 et
224 2087 448 2131 imperatoris
485 2088 642 2119 animam
677 2085 792 2118 omnis
824 2084 967 2116 virtutis
1002 2085 1187 2129 speculum
1214 2090 1322 2130 atque
1354 2084 1486 2118 arche-

45 2137 170 2176 typum
194 2143 271 2166 esse
295 2138 458 2178 oportet:
487 2133 625 2178 alioqui
653 2143 724 2165 non
750 2130 866 2164 solum
890 2140 976 2164 suae
994 2156 1003 2171 ,
1028 2131 1091 2164 sed
1119 2137 1156 2165 et
1180 2132 1334 2165 aliorum
1362 2132 1484 2176 segni-

0 2203 1 2206 *
43 2179 111 2212 tici
136 2190 270 2224 poenas
293 2181 484 2224 persolvet.
535 2179 639 2223 Quae
670 2179 751 2222 quis
784 2177 930 2210 tandem
961 2189 1034 2211 non
1067 2179 1199 2212 stultus
1226 2189 1345 2212 secum
1372 2189 1482 2223 repu-

0 2238 1 2242 ’
43 2229 124 2259 hus
161 2237 234 2259 non
258 2228 315 2261 vel
340 2226 614 2259 obscurissimus
651 2227 771 2258 vivere
801 2224 925 2263 malit,
959 2234 1037 2257 cum
1061 2223 1318 2259 detrimentum
1345 2236 1419 2258 non
1444 2226 1484 2258 in

45 2271 268 2318 despicabile
292 2273 492 2318 quippiam,
522 2272 585 2306 sed
613 2273 649 2306 in
675 2273 787 2317 ipsam
815 2271 969 2303 animam
1003 2271 1205 2315 derivetur,
1242 2271 1300 2304 cui
1326 2277 1362 2305 et
1386 2271 1483 2305 bona

0 2341 2 2344 >
45 2324 84 2352 et
106 2320 200 2353 mala
232 2320 271 2352 in
299 2321 556 2363 sempiternum
595 2319 764 2352 inerunt?
811 2319 996 2351 Praeterea
1029 2324 1066 2352 et
1088 2320 1212 2353 multis
1235 2318 1482 2353 contentioni-

45 2363 126 2406 bus,
155 2365 342 2400 laboribus
368 2373 404 2400 et
430 2365 699 2400 discriminibus
736 2366 772 2398 in
810 2364 876 2398 hac
899 2365 972 2398 vita
1007 2366 1294 2410 perfungendum
1333 2371 1388 2398 est
1411 2367 1481 2398 im-

0 2431 2 2433 >
45 2414 217 2458 perator-i,
249 2414 278 2446 si
305 2413 400 2446 nolit
426 2414 527 2458 quasi
553 2412 653 2446 aliud
679 2423 799 2455 agens,
821 2422 944 2445 verum
973 2417 1013 2446 ut
1039 2413 1130 2446 ratio
1156 2412 1382 2459 praescribit,
1408 2412 1481 2443 im-

6 2463 10 2467 *
45 2461 149 2505 perio
174 2470 348 2505 praeesse.
421 2461 563 2494 Etenim
589 2471 653 2504 pro
679 2459 850 2493 subiectis
878 2457 978 2492 adire
1016 2461 1215 2503 periculum
1253 2469 1394 2503 semper
1418 2469 1481 2491 ae—

49 2515 158 2550 quum
184 2511 250 2546 cst,
276 2517 354 2547 nec,
380 2506 464 2540 dum
490 2508 568 2551 ipse
594 2506 699 2540 modo
729 2517 874 2539 securus
901 2506 968 2547 sit,
1003 2507 1160 2539 alienam
1199 2506 1351 2540 salutem
1379 2505 1481 2550 parvi

2 2595 4 2598 ι
46 2551 229 2597 pendere:
264 2558 301 2586 et
321 2564 399 2587 cum
427 2554 463 2587 in
489 2553 708 2587 moderanda
732 2564 769 2587 re
790 2552 958 2597 publica,
983 2557 1060 2586 tum
1096 2555 1136 2587 in
1163 2551 1373 2587 coercendis
1407 2550 1477 2584 ho-

8 2612 10 2614 *
50 2598 183 2637 stibus,
202 2604 239 2633 et
261 2599 347 2633 foris
372 2600 628 2634 invadentibus
654 2606 691 2634 et
724 2602 823 2634 intus
851 2598 1128 2640 insidiantibus,
1165 2601 1325 2634 laborem
1351 2609 1478 2644 quem-

51 2643 104 2677 vis
129 2655 322 2688 capessere.
372 2648 571 2690 interroget
594 2647 785 2692 quispiam,
811 2657 890 2679 cum
913 2647 1054 2686 scirem,
1076 2648 1220 2691 quantis
1245 2649 1314 2679 ista
1339 2644 1478 2677 functio

4 2712 7 2719 ‹
45 2691 226 2735 ‘impedita
251 2698 345 2727 esset
368 2693 634 2727 difficultatibus
654 2719 662 2734 ,
688 2700 848 2739 quotque
885 2693 1180 2727 contentionibus
1217 2703 1258 2726 ac
1293 2691 1500 2724 laboribus‘

54 2736 279 2783 imperatoris
301 2741 442 2774 animus
469 2740 636 2782 volentis,
660 2741 817 2774 nolentis
844 2744 1081 2780 exerceretur,
1103 2748 1318 2786 possemque
1349 2735 1482 2781 privati
