1800 3164
302 189 322 228 1
336 167 366 229 '5
374 195 406 228 o
829 187 1203 230 CANTACUZENJ

85 295 125 332 Δ.
140 297 281 334 c.1350
293 294 487 350 πατρῷον
514 294 678 347 κλῆρον,
714 293 787 332 καί
812 292 942 331 παντί
962 305 1019 347 τῳ
1042 289 1200 336 δίκαιος
1230 283 1281 330 ἂν
1308 283 1375 344 ἦν,
1407 288 1455 330 οὗ
1478 292 1740 347 περΐτοσού-

294 375 378 403 των
395 356 535 412 μόνον,
570 356 682 399 ὅσων
714 358 1003 411 ἀπεστέρησας
1030 353 1175 410 αὐτὸς,
1205 352 1312 397 α’λλὰ
1344 358 1418 397 καί
1445 357 1545 412 περὶ
1570 356 1742 399 ἑλαττό-
1797 387 1800 389 -

292 441 375 468 νων
403 427 477 467 καί
501 426 583 466 τῶν
614 423 827 476 τυχόντων
865 423 1150 478 α’μφισβητεῖν
1187 423 1261 463 καί
1297 420 1478 474 πόλεμον
1507 428 1635 465 κινεῖν
1649 427 1670 476 ,’
1701 425 1743 466 εἰ

291 491 349 546 μή
383 489 575 544 ἐβούλετο
605 486 658 529 τοὶ
685 489 827 529 δίκαια
854 492 999 530 ποιεῖν.
1032 486 1128 540 ἐμοὶ
1155 489 1203 529 δὲ
1231 489 1282 529 ου’
1304 490 1425 529 τοῦτο
1447 486 1580 541 μόνον
1609 487 1742 544 πρόσ-

289 573 379 598 εστι
417 556 627 607 δικαίωμα
646 587 656 605 ,
699 553 806 596 ἄλλα
837 556 911 596 καί
934 552 972 595 οἱ
1004 550 1135 610 ὅρκοι,
1165 550 1239 603 οὓς
1266 552 1395 603 αὐτὸς
1429 552 1611 608 ἐποιήσω
1637 552 1780 609 πρὸς5

291 624 390 676 ἐμὲ,
441 623 578 663 καίτοι
605 621 779 675 μηδέπω
807 619 887 676 τὴν
915 621 1140 676 ἡγεμονίαν
1165 623 1305 662 πᾶσαν
1337 619 1485 675 ἔχοντα
1506 620 1743 674 Ῥωμαιων.

290 684 443 730 ἷῖτοπον
486 686 565 742 γάρ
606 686 696 728 τότε
736 689 816 740 μὲν
858 686 961 742 μήτε
1009 686 1084 743 τήν
1124 689 1412 743 περισχοῦσαν
1447 685 1741 742 δυσπραγίαν,

289 755 394 809 μήτε
438 752 483 795 τό
529 753 776 807 ςΡωμαίους
824 754 922 808 ἐμοὶ
958 756 1160 796 τοσοῦτον
1194 746 1596 807 ἐκπεπολεμῶσθαι,
1637 752 1741 808 μήθ’

289 818 357 861 ὅτι
386 819 490 875 πρὸς
517 820 595 875 τὴν
623 819 701 875 σὴν
734 821 982 876 ἐπικουρίαν
1003 821 1229 877 οἶφεώρων,
1260 818 1363 862 ὥστε
1384 818 1644 875 δυνήσεσθαι
1659 820 1742 861 τῶν

250 882 427 931 Βῦλλων
455 883 565 929 εἶναι
597 886 740 943 κύριος
762 919 773 940 ,
816 888 914 943 μήτ’
941 881 1039 930 ἄλλο
1069 889 1202 942 μηδὲν
1228 890 1312 929 τῶν
1354 888 1622 943 φαινομένων
1648 883 1740 928 τότε
1758 904 1800 932 ιο

290 955 537 1008 δυσχερῶν,
577 950 648 994 σοὶ
691 959 834 995 πεῖσαι
872 956 955 997 τῶν
981 954 1207 1006 Ῥωμαίοις
1246 951 1442 1007 ὑπηκόων
1468 950 1631 995 πόλεων
1658 969 1742 994 πα-

287 1020 659 1074 ρακεχωρηκέναι,
707 1020 796 1062 ἄλλ’
833 1018 1052 1075 αἱρεῖσθαι
1090 1021 1251 1073 μᾶλλον
1288 1017 1596 1075 α’ποθνήσκειν,
1641 1013 1670 1073 ἦ
1699 1034 1743 1060 τι

287 1083 488 1140 πράττειν
516 1080 695 1139 ἆγεννὲς,
728 1087 775 1127 σὲ
806 1087 852 1127 δὲ
879 1087 1041 1139 μᾶλλον
1073 1084 1150 1135 τὰς
1171 1086 1396 1140 Ῥωμαίοις
1428 1083 1636 1142 ὑπηκόους
1663 1083 1742 1126 πό-

289 1155 374 1200 λεις
404 1152 502 1203 ἐμοὶ
530 1155 674 1193 πεῖσαι
708 1153 986 1208 ψηφίσασθαι
1008 1151 1243 1208 προσήκειν
1271 1153 1365 1195 νυνί
1393 1153 1432 1194 δ’
1462 1150 1531 1194 ὅτε
1561 1153 1635 1207 τῆς
1662 1152 1742 1207 ἆρ-

287 1218 370 1271 χῆς
398 1214 563 1272 ἁπάσης
596 1217 741 1274 κύριος
787 1216 915 1268 αὕτὸς
961 1220 1159 1274 κατέστην
1201 1217 1275 1260 καὶ
1311 1217 1492 1272 δύναμιν
1520 1218 1737 1261 α’νακαλεῖ-
1759 1221 1800 1265 15

289 1287 396 1324 σθαι
425 1281 477 1324 τά
511 1280 764 1341 ἀφῃρημένα
809 1282 923 1338 ἔχω,
967 1280 994 1339 ἢ
1025 1285 1250 1341 φρονήσειν
1288 1282 1398 1328 οὕτω
1437 1287 1590 1339 δοῦλα,
1637 1281 1743 1327 ὥσθ’

287 1345 428 1391 ἑκοντὶ
458 1356 731 1407 παραχωρεῖν
754 1353 838 1392 τῶν
867 1350 1057 1405 πόλεων,
1110 1348 1140 1406 ἦ
1168 1354 1216 1394 σὲ
1244 1350 1363 1406 λόγον
1402 1349 1569 1393 οἴεσθαι
1606 1351 1742 1405 λέγειν

288 1413 442 1469 ἔχοντα
479 1419 659 1458 τοιαῦτα
702 1418 912 1467 α’ξιοῦντα.
969 1417 1027 1466 ὥς
1065 1419 1144 1471 μὲν
1183 1412 1258 1460 οὖν
1297 1417 1374 1459 οὐκ
1413 1419 1595 1471 ἀδικῶν,
1641 1417 1743 1459 οὐδὲ
1786 1449 1792 1454 -

287 1482 492 1537 ἐπιορκῶν
520 1481 650 1531 αὐτὸς
682 1479 776 1524 οὔτε
805 1481 1008 1537 πρότερον
1053 1487 1288 1539 φαίνομαι,
1329 1480 1422 1525 οὔτε
1443 1488 1542 1536 νῦν,
1585 1485 1632 1526 ἐκ
1658 1486 1743 1525 τῶν

250 1548 519 1603 Οείρημένων
547 1549 676 1589 πᾶσιν
707 1544 813 1590 εἶναι
843 1547 986 1601 οἴομαι
1014 1550 1270 1604 καταφανές.
1313 1551 1353 1590 εἰ
1383 1550 1461 1601 μὲν
1490 1545 1579 1600 οὖν,
1605 1550 1646 1590 εἶ
1671 1547 1800 1596 ,caiae

285 1613 344 1669 μὴ
377 1617 601 1670 πρότερον,
645 1610 753 1655 ἀλλὰ
783 1617 871 1655 ’νῦν
907 1616 1010 1667 γοῦν
1052 1612 1103 1655 τὰ
1148 1615 1292 1655 δίκαια
1320 1620 1452 1656 ποιεῖν
1482 1615 1642 1663 ἐθέλεις
1670 1612 1745 1655 καὶ

286 1678 428 1731 αὐτὸς,
458 1680 530 1721 καί
564 1679 854 1735 Ἀκαρνανίαν
886 1676 1136 1721 ἀποδιδόναι
1174 1678 1248 1721 καί
1258 1706 1261 1715 s
1285 1679 1522 1722 Θετταλίαν
1557 1679 1632 1722 καί
1667 1678 1743 1729 τὰς

288 1739 432 1798 ἄλλοις,
462 1741 513 1794 ἃς
541 1743 666 1799 ἔχεις,
695 1746 770 1799 τῆς
787 1745 1060 1794 ΠΙακεδονίας
1079 1743 1231 1799 πόλεις,
1259 1748 1333 1802 τῆς
1351 1746 1556 1802 προτέρας
1576 1747 1743 1795 α’δικιάς

385 1832 418 1876 4.
438 1834 574 1866 πονεῖν
598 1831 633 1865 Ρ.

287 1898 387 1934 tum,
413 1892 719 1940 quemadmodum
746 1894 784 1927 in
804 1893 1047 1928 hereditatem
1085 1893 1275 1940 quamdam
1304 1898 1508 1939 paternam,
1527 1893 1744 1929 successisse,

287 1941 502 1982 arbitrarer,
542 1941 704 1986 totisque
741 1941 880 1975 viribus
917 1940 1050 1974 debere
1087 1947 1124 1974 et
1156 1941 1344 1975 verissime
1370 1951 1477 1986 posse
1510 1951 1585 1974 non
1619 1940 1736 1973 solum
1793 1969 1797 1976 ,

288 1988 333 2020 de
361 1988 432 2029 iis,
457 1999 551 2034 quae
579 1993 618 2020 tu
652 1987 835 2029 avellisti,
874 1987 938 2020 sed
964 1986 1008 2020 de
1045 1988 1248 2022 minoribus
1278 1998 1425 2034 quoque
1461 1992 1498 2020 et
1522 1988 1621 2033 parvi
1658 1998 1737 2021 mo-

281 2036 397 2069 menti
421 2046 500 2068 cum
525 2035 653 2081 quovis
678 2035 912 2075 contendere,
936 2035 1129 2080 illumque,
1153 2037 1192 2068 ni
1218 2036 1379 2068 iustitiae
1399 2045 1531 2069 munus
1555 2039 1739 2080 praestaro

281 2081 392 2120 velit,
418 2081 518 2115 bello
544 2081 700 2127 aggredi.
751 2082 835 2116 Non
863 2081 980 2115 solum
1011 2087 1133 2115 autem
1167 2081 1238 2115 hoc
1274 2082 1499 2116 firmamento
1525 2091 1631 2114 causa
1659 2092 1740 2115 mea
1787 2088 1795 2111 ,ἱ

281 2129 437 2168 nititur,
474 2127 539 2161 sed
564 2130 771 2162 iuramento
799 2130 972 2174 insuper,
1011 2139 1084 2174 quo
1109 2134 1145 2162 te
1170 2129 1280 2172 mihi,
1314 2134 1351 2163 ct
1383 2127 1535 2174 quidem
1574 2127 1739 2162 nondum

281 2174 397 2208 totius
424 2176 666 2208 Romanorum
691 2177 839 2220 imperii
864 2177 1048 2221 compoti,
1074 2175 1312 2210 obstrinxisti.
1360 2176 1488 2210 Parum
1523 2175 1618 2208 enim
1652 2185 1739 2210 con-

283 2225 498 2255 sentaueum
525 2226 638 2262 esset,
674 2227 752 2255 tum
781 2234 904 2268 neque
937 2224 1208 2257 circumstantes
1235 2233 1291 2255 me
1315 2222 1479 2269 undique
1511 2234 1638 2264 casus,
1669 2232 1738 2255 ne·

282 2277 356 2313 que
383 2269 626 2301 Romanorum
650 2273 794 2301 tantum
818 2269 857 2302 in
881 2280 938 2302 me
963 2268 1109 2311 odium,
1137 2280 1256 2316 neque
1281 2269 1382 2316 quod
1406 2280 1512 2314 opem
1540 2274 1639 2304 tuam
1667 2270 1739 2302 im-

282 2313 501 2359 plorabam,
527 2327 601 2361 quo
625 2315 782 2348 aliorum
807 2315 975 2349 dominus
1002 2317 1214 2357 evaderem,
1259 2327 1379 2362 neque
1415 2315 1517 2350 aliud
1551 2316 1740 2362 quippiam

285 2371 432 2402 eorum,
471 2373 564 2406 quae
590 2366 677 2395 tunc
701 2361 847 2395 adversa
880 2362 987 2397 nobis
1020 2363 1263 2403 videbantur,
1300 2362 1392 2397 mihi
1422 2363 1670 2408 persuasisse,
1698 2366 1740 2396 ut

284 2406 440 2441 urbibus
470 2408 638 2441 Romanis
664 2407 734 2441 tibi
764 2409 949 2450 cederem,
981 2410 1045 2442 scd
1080 2411 1173 2443 mori
1198 2415 1454 2455 praeoptasse,
1495 2421 1603 2455 quam
1639 2409 1740 2445 indi-
1796 2441 1798 2443 ,

284 2465 394 2499 gnum
420 2455 621 2500 quidquam
651 2454 864 2496 admittere,
891 2460 928 2489 et
950 2461 987 2490 te
1012 2458 1134 2501 potius
1157 2458 1398 2503 permovisse,
1433 2462 1474 2490 ut
1497 2457 1739 2491 Romanorum
1796 2486 1800 2490 .

283 2501 448 2543 civitates
473 2502 566 2536 mihi
592 2501 718 2535 deberi
744 2501 982 2537 decerneres:
1018 2515 1114 2536 nunc
1149 2504 1294 2550 quando
1324 2509 1443 2538 totum
1476 2507 1516 2538 in
1540 2515 1647 2537 manu
1671 2502 1739 2537 ha·-
1790 2532 1800 2535 ε,

283 2547 355 2580 beo
385 2549 600 2594 imperium,
636 2555 673 2582 et
698 2547 741 2583 ea'
780 2551 1074 2594 sum‘potentia,
1109 2557 1150 2585 ut
1184 2550 1306 2584 ablata
1332 2562 1545 2595 recuperare
1582 2562 1738 2598 queam,
1791 2566 1794 2567 ⁷

285 2600 350 2628 aut
373 2595 426 2628 ita
454 2597 643 2630 summisso
680 2606 722 2628 ac
745 2597 869 2630 servili
895 2607 973 2630 esse
999 2598 1119 2630 animo
1136 2623 1145 2638 ,
1170 2604 1212 2632 ut
1240 2598 1346 2630 urbes
1375 2598 1445 2630 tibi
1470 2598 1595 2631 volens
1622 2597 1738 2631 relin-

286 2652 394 2686 quam
411 2667 419 2682 ‚
445 2647 507 2676 aut
530 2649 680 2687 putare,
711 2649 747 2677 te
774 2644 869 2677 istuc
891 2643 1140 2688 postulantem
1178 2646 1310 2678 rationi
1337 2646 1594 2678 convenienter
1619 2644 1735 2690 loqui.
1792 2652 1796 2658 ’

283 2688 344 2722 Me
368 2690 479 2733 igitur
503 2701 570 2723 nec
594 2690 794 2731 iniurium,
836 2702 903 2724 nec
929 2692 1114 2736 periurum
1150 2692 1210 2726 vel
1233 2698 1316 2725 aute
1354 2692 1494 2733 fuisse,
1530 2692 1587 2724 vel
1626 2690 1737 2724 modo
1793 2722 1795 2727 .

285 2746 386 2774 esse,
413 2748 456 2770 ex
482 2736 588 2770 dictis
615 2742 740 2781 patere
765 2737 935 2771 omnibus
965 2739 1105 2782 opinor.
1173 2738 1294 2783 Quare
1328 2739 1357 2771 si
1391 2740 1449 2772 vel
1482 2750 1579 2772 nunc
1602 2739 1736 2772 servire

286 2781 450 2817 iustitiae
485 2789 520 2818 et
561 2784 740 2831 aequitati
780 2789 833 2818 est
867 2784 1008 2820 animus
1046 2790 1082 2819 et
1117 2784 1379 2827 Acarnaniam,
1417 2785 1644 2822 Thessaliam
1677 2789 1733 2819 at·-
