1794 3158
293 140 402 206 432
799 150 1212 194 ANNOTATloNEs

294 259 402 308 cidit,
426 267 467 298 ut
488 257 730 311 septuaginta
763 253 881 293 Turci
905 252 1114 303 nazffragio
1127 252 1247 304 sacto
1277 252 1319 290 in
1338 251 1443 290 littus
1463 250 1692 290 eiicemntur
1710 264 1724 289 ε

296 317 366 371 qui
384 313 607 353 satellitibus
644 309 906 363 imperatoriis
943 308 1059 358 longo
1095 315 1268 360 tempore
1295 307 1465 358 sortiter
1494 307 1725 351 restiterunt,
1752 326 1755 352 g

295 370 410 420 adeo,
442 378 483 407 ut
508 368 740 422 priusquam
767 364 824 401 ibi
853 361 1132 411 occiderentur,
1155 375 1234 399 non
1261 362 1458 414 Romanos
1487 357 1604 400 modo
1634 361 1729 399 mul-

292 435 364 474 tos,
389 424 461 462 sed
487 420 731 476 imperatoris
757 419 875 457 etiam
900 417 1042 471 pedem
1076 416 1330 454 vulnerarent
1347 444 1358 465 ‚
1393 416 1502 454 cuius
1537 416 1631 454 ictus
1663 415 1730 454 do·

294 481 377 518 lore
403 479 474 517 diu
509 486 564 515 est
597 474 770 528 affectus.
827 473 978 522 Vides,
1012 470 1164 520 lector,
1209 470 1546 524 quemadmodum
1572 470 1613 509 in
1640 468 1731 508 loco

294 537 518 586 discrepet3
563 537 602 569 et
630 531 686 568 ait
717 531 760 567 in
790 529 1002 568 venatione
1032 525 1314 578 vulneratum,
1352 525 1461 580 quod
1492 520 1618 579 aeq'ue
1653 524 1729 564 fal-
1764 568 1767 574 k

295 604 382 630 sum
410 595 479 628 est.
510 599 684 626 PONTAN.
1762 577 1770 595 ‘³'

405 643 667 694 Pag,2o7‚7.
698 637 835 690 ὀλίγον
864 638 923 676 Μ.
954 650 1127 690 quoque.

403 697 506 748 Pag.
524 709 619 748 207,
640 694 701 735 16.
727 689 905 738 πολλοὺς
934 693 1011 742 μὲν
1043 691 1180 745 ἔλεγεν
1212 698 1319 732 recte
1348 691 1406 732 M.

403 752 507 802 Pag.
531 750 623 798 208,
649 764 685 788 1.
721 743 1027 799 Τζερνομιάνου
1058 749 1116 791 Μ.

403 807 504 858 Pag.
529 804 624 855 208,
647 804 686 856 4.
719 798 905 854 ἑκάτεροι
934 804 994 841 Μ.
1025 817 1145 855 supra
1172 802 1335 842 lineam.

403 860 708 912 Pag.208,12.
735 857 884 912 quod
924 871 983 907 ea
1026 859 1358 897 vehementer
1398 853 1571 895 nollet.
1625 853 1731 894 Vere
1764 875 1766 878 v

293 919 438 957 Caesar
467 916 539 954 hl).
573 917 614 954 3.
653 912 763 952 civil.
823 914 936 967 Quae
971 912 1159 963 volumus,
1186 922 1224 951 et
1252 912 1444 951 credimus
1477 910 1664 959 libenter,
1695 911 1768 947 εἰμ’·

291 986 393 1028 quae
420 973 600 1010 sentimus*
633 970 727 1024 ipsi,
761 967 930 1022 reliquos
963 969 1104 1006 sentire
1134 981 1354 1022 speramus.
1410 966 1518 1019 Ergo
1559 971 1699 1003 contra
1716 966 1771 1011 ‚4

292 1042 395 1080 quae
424 1026 626 1070 nolumus,
657 1031 696 1062 et
729 1023 928 1062 eredimus
959 1022 1174 1074 illibenter,
1205 1030 1244 1061 et
1271 1035 1373 1074 quae
1399 1022 1473 1075 ipsi
1499 1034 1582 1060 non
1609 1018 1741 1059 seuti-.

293 1098 399 1136 mus,
427 1096 500 1121 nec
529 1081 704 1133 reliquos
733 1078 878 1117 sentire
909 1092 1125 1130 speramus.
1159 1091 1332 1118 PONTAN·

403 1138 506 1189 Pag.
529 1135 620 1186 208,
637 1149 702 1173 20.
732 1134 810 1183 μὲν
835 1133 922 1185 lege
949 1147 1042 1172 cum
1062 1134 1119 1172 M.
1146 1146 1221 1186 pro
1248 1129 1325 1186 μὴ.

399 1192 504 1243 Pag.
522 1204 618 1243 209,
640 1189 678 1229 5.
705 1185 919 1240 γεγένηται
947 1189 1006 1227 Μ.

401 1246 507 1299 Pag.
525 1260 617 1299 209,
640 1258 700 1286 12.
729 1239 926 1297 Στεφάνῳ
956 1242 1035 1296 leg.
1066 1256 1157 1281 cum
1186 1242 1248 1281 Μ.

402 1301 504 1354 Pag.
525 1314 614 1353 209,
640 1300 702 1338 13.
734 1297 802 1336 ad
836 1311 1082 1349 generum
1117 1312 1170 1336 se
1213 1296 1511 1348 adiungere.
1568 1295 1655 1335 Hac
1683 1293 1735 1334 de
1767 1303 1770 1332 t

291 1372 337 1398 re
361 1358 558 1410 Gregoras
588 1356 628 1392 in
656 1354 764 1392 hunc
793 1352 974 1391 modum.
1030 1351 1214 1407 Sequenti
1251 1365 1355 1390 anno
1386 1350 1737 1406 panlzypersebasti
1768 1362 1772 1363 ⁷

273 1414 379 1468 filia
410 1412 522 1450 Crali
549 1409 715 1448 Serviae
737 1409 917 1462 principi
942 1416 1112 1462 nuptura
1137 1407 1293 1445 abibat.-
1319 1407 1443 1460 paulo
1463 1416 1555 1460 post
1580 1415 1619 1445 et
1643 1419 1736 1445 ma·

288 1478 351 1507 ter
376 1469 456 1505 eius
500 1464 685 1504 visendae
709 1464 841 1515 gratia
871 1462 1005 1500 eodem
1033 1476 1073 1499 se
1092 1462 1273 1500 contulit:
1304 1475 1421 1515 quam
1445 1475 1545 1501 mox
1571 1470 1610 1500 et
1629 1475 1737 1515 pan·
1764 1463 1771 1490 Ἀ

288 1522 579 1577 hypersebaslus
606 1528 662 1557 est
691 1525 926 1567 consecutus,
955 1517 1088 1555 nolens
1115 1517 1346 1570 imperatori
1375 1515 1517 1555 diutius
1544 1517 1736 1555 obnoxius
1766 1545 1776 1561 Ἰ,

289 1592 368 1616 esse
384 1606 396 1627 ‚
438 1576 509 1614 sed
533 1575 608 1613 sibi
643 1574 721 1628 ipsi
746 1585 933 1626 quaerere
966 1573 1173 1625 imperium
1195 1600 1205 1618 ‚
1246 1570 1354 1625 quod
1381 1571 1617 1610 hereditario
1648 1571 1746 1615 iure!

290 1633 348 1671 acl
371 1646 411 1670 se
434 1631 661 1685 pertineret.
715 1628 867 1665 Relicta
907 1627 1031 1679 igitur
1062 1626 1357 1664 Thessalonicae
1387 1639 1481 1663 cura
1520 1634 1559 1664 et
1601 1622 1749 1665 admi-L

1758 1846 1772 1863 Ι

290 1688 531 1734 nistratione,
560 1693 599 1722 et
625 1684 706 1736 ipse
733 1683 790 1720 ad
820 1682 977 1720 Cralem
1019 1695 1205 1732 generum
1232 1694 1342 1718 suum
1370 1680 1494 1728 abiit,
1523 1694 1550 1719 a
1577 1694 1653 1734 quo
1680 1678 1745 1720 ad

288 1741 539 1796 exsequenda
562 1739 754 1777 destinata
780 1737 1046 1775 adiuvaretur.
1103 1734 1167 1774 Ab
1184 1750 1228 1773 eo
1248 1736 1368 1787 igitur
1388 1744 1577 1789 susceptus
1600 1743 1639 1774 et
1656 1749 1750 1782 una,

293 1811 381 1835 cum
402 1810 446 1835 eo
465 1807 633 1847 egressus
647 1822 658 1844 ,
687 1806 840 1830 omnem
868 1792 1066 1843 regionem
1096 1805 1210 1845 usque
1239 1790 1297 1828 ad
1320 1789 1568 1840 Strymonem
1595 1798 1633 1828 et
1641 1788 1748 1831 Ser-‚
1771 1805 1777 1838 χ

292 1866 360 1890 ras
387 1851 613 1905 populatur.
674 1847 937 1902 Quamobrem
978 1846 1110 1884 senior
1136 1848 1354 1899 imperator
1381 1845 1579 1884 maiorum
1605 1844 1751 1889 malo-,
1769 1842 1777 1871 ἒ

289 1920 378 1944 rum
406 1915 507 1944 metu
536 1905 684 1956 'legatos
713 1902 771 1941 ad
793 1916 879 1940 eum
906 1915 994 1939 cum
1018 1900 1200 1938 Caesaris
1232 1900 1447 1951 insignibus
1475 1900 1592 1940 misit.
1625 1899 1736 1954 Quae
1747 1875 1778 1950 ἒ

291 1975 380 1999 cum
407 1962 475 1999 ille
506 1959 659 2013 Scopiis
688 1957 875 2011 oppidulo
915 1955 1122 2009 accepisset
1143 1983 1155 2004 ‚
1186 1956 1352 2007 gestavit
1365 1984 1376 2001 ‚
1420 1969 1531 2009 seque
1556 1954 1770 2008 deinceps‚-÷

291 2016 507 2069 quieturum
532 2029 611 2053 esse
643 2013 829 2067 promisit
847 2041 859 2062 ‚
901 2025 1023 2065 neque
1050 2010 1265 2065 quidquam
1303 2009 1474 2064 amplius
1505 2009 1771 2063 petiturum...

291 2069 374 2107 Sed
399 2072 480 2109 iam
512 2069 827 2107 Thessalonicam
867 2066 1061 2105 rediturus
1077 2095 1087 2113 ‚
1128 2065 1360 2118 gravissimo
1387 2064 1523 2104 morbo
1558 2062 1750 2117 ‘ffctus'r

294 2125 399 2163 intra
421 2138 567 2179 paucos
593 2123 679 2162 dies
709 2123 880 2161 decessit.
912 2134 1084 2160 PONTAN.

404 2180 508 2231 Pag.
528 2193 619 2232 209,
642 2177 705 2217 15.
737 2171 823 2224 οἷός
849 2189 894 2215 τε
925 2183 964 2215 et
991 2171 1177 2229 κατάσχῃ
1206 2174 1265 2212 Μ.

404 2233 508 2286 Pag.
529 2247 626 2283 210,
644 2231 685 2282 4.
718 2229 867 2284 ἀγεννῆ
894 2244 977 2269 τινι
1006 2232 1065 2268 Μ.

405 2288 616 2340 Pag.210‚
635 2286 697 2326 18.
730 2279 1004 2336 συνεβούλευε
1031 2284 1208 2324 τοιαῦτα
1235 2298 1284 2337 φ.
1316 2283 1374 2323 Μ.
1409 2282 1545 2323 recte.'

365 2360 367 2362 ·
406 2342 616 2394 Pag.215‚
635 2341 672 2380 5.
703 2337 775 2380 τὸν
802 2336 905 2391 ἐμόν
935 2339 1063 2380 θεῖον.
1121 2339 1205 2378 Iam
1230 2346 1321 2377 ante
1348 2339 1500 2388 monui,
1531 2344 1736 2376 auctorem
1764 2335 1769 2354 ³

293 2397 616 2449 καταχρηστκῶς
641 2410 792 2449 ponere
819 2395 943 2435 verba
958 2395 1071 2442 θεῖος
1092 2402 1131 2434 et
1159 2389 1341 2444 ἀνεψιός.
1395 2394 1469 2433 Est
1496 2394 1602 2432 enim
1619 2393 1736 2439 θεῖος

294 2453 456 2508 proprie
484 2452 620 2490 matris
664 2458 734 2490 aut
779 2452 903 2504 patris
931 2449 1052 2488 frater
1076 2479 1088 2500 ‚
1129 2449 1172 2487 id
1214 2456 1272 2487 est
1299 2448 1521 2487 avunculus
1549 2454 1618 2485 aut
1660 2461 1735 2499 pa·
1762 2486 1767 2492 ,

294 2516 424 2548 truus.
479 2506 816 2545 Protovestiarius
844 2512 978 2544 autem
1009 2505 1084 2543 suit
1125 2504 1228 2543 filius
1255 2505 1399 2542 sororis
1442 2504 1521 2541 avi.
1580 2502 1738 2552 Quem·

297 2562 514 2603 admodum
550 2574 670 2613 porro
698 2562 823 2613 patr-Is
841 2574 954 2599 soror
983 2566 1147 2598 vocatur
1169 2559 1305 2606 amita,
1337 2559 1391 2597 sic
1412 2558 1477 2596 avi
1506 2570 1620 2596 soror
1646 2570 1734 2595 ma-

297 2631 375 2671 gna
401 2617 544 2660 amita,
575 2622 620 2652 ut
647 2616 759 2653 aviae
795 2629 908 2654 soror
937 2629 1081 2666 magna
1114 2621 1338 2652 matertera.
1398 2613 1600 2662 Quocirca
1632 2611 1745 2654 ami·-⁴

296 2680 360 2711 tae
392 2683 559 2722 magnae
597 2668 724 2707 filium
750 2677 856 2708 recte
899 2670 1059 2709 vocabit
1095 2668 1445 2722 protovestiarium
1480 2666 1612 2706 iunior
1643 2664 1764 2711 Ana⁴

299 2727 487 2767 «ironicus
535 2737 706 2763 PONTAN·
1758 2739 1760 2741 ·
