1794 3158
319 150 434 217 384
826 167 1239 210 ANNOTATloNEs

319 272 467 311 Patria
496 278 612 325 capta
643 279 719 308 est.-
744 269 847 307 cuius
880 269 968 306 urbs
1002 270 1045 307 in
1074 269 1186 306 terris
1222 268 1365 307 similis
1391 269 1522 308 nulla.-
1553 267 1626 309 sed
1647 267 1752 308 etus-

317 327 450 377 modi,
479 339 578 381 quae
595 339 673 363 non
689 326 865 361 hnmana
892 325 1065 376 potuerit
1081 325 1232 362 exstrui
1251 338 1383 362 marm.
1410 324 1570 363 Eadem
1593 322 1752 376 magni-

317 382 451 420 tudine
477 390 513 419 ec
533 378 819 432 pulchritudine
837 379 1103 430 praestabilis,
1119 378 1194 416 situ
1227 387 1264 417 et
1287 387 1489 417 venustate
1515 379 1749 433 splendens:

316 450 441 490 quam
466 434 672 487 qffi'rmare
705 434 875 471 omnium
911 434 1063 486 uspiam
1093 433 1245 471 urbium
1282 435 1506 473 maximam
1532 434 1754 487 pulcherri-

317 505 497 544 mamque
520 489 667 527 ausim.-
699 501 819 542 quam
849 500 971 526 unam
998 501 1130 539 omnes
1161 489 1371 542 sper-abant
1404 498 1441 527 ec
1465 488 1673 527 credebant
1709 491 1753 527 in

311 554 539 599 perpetuum
568 543 620 580 ab
648 542 823 580 omnibus
849 555 1079 581 mansuram
1111 543 1458 596 inexpugnabilem
1475 561 1487 581 :
1523 544 1590 581 cuz·
1619 557 1752 583 secan-

315 601 409 638 dum
440 599 570 636 Deum
603 598 776 635 universi
808 598 970 636 salacem
1008 597 1214 636 credebant
1246 612 1381 636 Slmm:
1416 610 1522 652 quae
1554 598 1588 635 si
1624 595 1753 637 oculus

315 655 535 708 appelletur
566 652 669 690 orbis
695 661 822 690 tem-ae
856 660 927 690 aut
964 667 1033 690 cor
1052 681 1063 702 ‚
1114 667 1140 690 a
1179 667 1273 691 vero
1306 666 1384 691 non
1415 652 1617 698 aberretur·
1635 671 1647 691 .·
1701 653 1752 691 de

315 723 394 762 qua
418 707 569 746 nemini
586 721 662 745 non
684 707 855 758 gloriari
871 706 1035 746 licebat.-
1070 708 1112 745 in
1135 722 1213 761 qua
1230 710 1355 745 civem
1386 707 1627 760 adscrIpcum
1654 721 1750 757 esse,

318 777 395 801 non
417 776 570 814 parum
600 763 819 812 argumenti
840 762 898 799 ad
923 763 1302 800 commendationem
1346 763 1596 816 gloriamque
1624 762 1753 800 habe-

317 818 395 856 bat.
457 818 659 856 Hactenus
689 815 770 855 ille.
826 816 931 855 Vide
967 818 1087 855 etiam
1132 818 1315 855 Nicetam
1358 817 1409 855 ad
1451 816 1571 855 finem
1614 816 1752 855 Anna-

316 872 430 910 lium.
490 872 653 910 Invenio
691 870 795 908 hanc
830 870 971 909 urbem
1013 871 1160 909 dictam
1190 868 1530 924 Χριστούηολιν,
1559 871 1755 925 quemad-

316 928 482 967 modum
509 925 768 964 Antiochiam
799 920 1040 966 Θεούπολιν.
1091 939 1264 966 Ponun-

428 981 528 1032 Pag.
560 980 628 1030 26,
661 979 725 1030 24.
759 977 795 1018 δ’
826 974 961 1034 ἐαυτῷ
990 981 1048 1019 Μ.

427 1036 657 1089 Pag.27‚3.
688 1037 770 1074 hoc
803 1049 950 1087 genas
977 1038 1337 1091 occupationes,
1364 1036 1530 1087 Venari,
1547 1037 1753 1090 aucupari,

320 1093 426 1145 (nam
458 1100 496 1130 et
524 1092 694 1143 aucupio
721 1088 993 1129 delectabatur
1020 1093 1202 1143 iuvenis,
1230 1099 1276 1131 ut
1303 1092 1489 1143 videbis‚)
1506 1092 1756 1145 equestribus

319 1161 460 1188 vacare
487 1146 654 1194 lusibus,
683 1160 765 1184 non
797 1153 890 1184 sunt
920 1145 1131 1186 illiberales
1160 1150 1462 1200 occupationes,
1503 1161 1576 1186 nec
1604 1147 1756 1199 princi-

318 1217 426 1256 pem,
457 1201 691 1254 praesertim
718 1200 1033 1252 adolescentem,
1074 1202 1283 1241 dedecent.
1342 1203 1477 1252 Quare
1519 1216 1662 1242 causae
1691 1203 1756 1241 ui-

319 1258 377 1297 hil
405 1264 501 1304 erat,
532 1271 604 1295 cur
633 1270 750 1304 senex
782 1271 964 1296 morosus
985 1257 1047 1296 his
1067 1260 1226 1297 vacanti
1245 1257 1344 1296 adeo
1366 1259 1603 1296 irasceretur
1631 1257 1755 1296 adeo-

320 1327 397 1365 que
426 1314 676 1351 innocentem
716 1311 868 1351 duriter
904 1313 1142 1366 increparet.
1200 1312 1400 1352 Videntur
1431 1311 1531 1351 aliae
1559 1312 1756 1365 quaedam

319 1369 437 1406 fuisse
468 1368 747 1420 occupationes
776 1367 895 1415 illius,
927 1382 1070 1421 nempe
1098 1370 1140 1406 in
1171 1369 1326 1415 scortis,
1344 1367 1753 1417 commessationibus,

317 1424 524 1474 nocturnis
552 1422 973 1473 obambulationibus,
1014 1426 1055 1464 iu
1085 1437 1174 1462 aere
1204 1423 1484 1476 profundendo
1515 1429 1555 1462 et
1582 1422 1758 1461 nomini-

316 1475 393 1517 bus
430 1477 640 1525 faciendis,
683 1492 774 1516 cum
818 1477 1088 1518 inobedientia
1134 1485 1173 1518 et
1213 1479 1463 1517 contumacia
1491 1491 1584 1530 erga
1615 1491 1754 1527 avum,

317 1548 419 1586 quae
448 1534 656 1586 Gregolas,
685 1532 787 1572 nihil
818 1533 1036 1587 quidquam
1061 1536 1228 1584 veritus,
1262 1539 1471 1582 memorat,
1499 1533 1690 1572 infensior
1718 1539 1758 1572 et

318 1589 491 1641 iniquior
532 1589 660 1627 eidem
680 1619 691 1640 ,
735 1596 782 1627 ut
822 1597 1000 1642 apparet.
1059 1588 1116 1628 At
1143 1597 1276 1628 noster
1316 1588 1382 1627 hic
1414 1587 1480 1626 vel
1509 1588 1629 1641 digna
1658 1588 1758 1627 haec

317 1658 399 1682 non
428 1651 563 1696 putat,
614 1644 668 1682 ob
711 1657 815 1697 quae
844 1646 1000 1684 iuvenis
1027 1645 1195 1696 imperio
1227 1645 1430 1698 privetur:
1475 1644 1590 1695 quia*
1611 1642 1760 1682 scilicet

318 1706 477 1752 peccata
506 1699 721 1738 iuventutis
749 1701 852 1738 sint:
882 1700 974 1738 dum
1003 1709 1123 1747 aetas,
1154 1700 1252 1738 dum
1284 1707 1432 1753 tempus
1458 1699 1568 1748 tulit,
1594 1699 1664 1747 (ait
1693 1697 1760 1737 ille

318 1767 432 1793 senex
461 1754 502 1792 iu
535 1753 720 1804 Andria)
745 1755 838 1804 sivi,
863 1756 1038 1793 animum
1068 1764 1110 1793 uc
1130 1755 1309 1808 expleret
1331 1767 1439 1792 suum
1455 1771 1465 1791 :
1497 1761 1536 1792 et
1562 1753 1664 1792 alius
1691 1751 1760 1792 ille

317 1810 358 1847 in
382 1808 573 1861 Adelphis
601 1809 691 1861 plus
724 1824 852 1862 aequo
881 1810 1092 1863 indulgens
1117 1824 1127 1848 :
1156 1818 1284 1859 amet,
1315 1817 1510 1856 scorteum,
1543 1816 1664 1861 potet,
1677 1809 1759 1859 sa-

319 1866 398 1903 ciac
428 1864 534 1919 quod
565 1863 693 1903 lubet:
731 1864 796 1904 vel
823 1872 988 1918 propter
1020 1878 1221 1904 summum
1253 1877 1444 1911 amorem,
1473 1863 1607 1910 credo,
1638 1870 1684 1901 ut
1701 1863 1762 1902 fa-

319 1932 409 1958 mae
436 1927 475 1958 et
504 1918 651 1958 honori
691 1920 777 1959 eius
807 1919 989 1960 consulat
1007 1950 1019 1971 ,
1067 1919 1276 1958 artificiose
1305 1917 1528 1958 dissimulat
1568 1923 1615 1957 ac
1645 1931 1762 1970 prae-

319 1975 427 2017 terit.
482 1973 615 2013 Etiam
643 1989 726 2013 non
754 1975 875 2015 semel
903 1977 1102 2014 iurantem
1130 1974 1285 2013 inducit
1301 2003 1313 2022 ‚
1361 1973 1460 2012 nihil
1490 1987 1531 2012 se
1561 1980 1673 2012 tanta
1702 1974 1763 2012 ira

321 2036 361 2068 et
388 2029 479 2068 odio
507 2029 571 2069 avi
597 2030 763 2082 dignum
786 2031 1054 2081 commisisse,
1082 2029 1151 2069 sed
1178 2044 1201 2068 a
1228 2029 1582 2068 calumniatoribus
1603 2042 1644 2067 se
1664 2027 1767 2067 falso

323 2084 429 2136 apud
470 2083 583 2123 illum
620 2085 779 2126 deferri.
838 2085 961 2136 Quod
1000 2100 1051 2124 an
1090 2085 1267 2123 excusari
1307 2086 1431 2136 possit
1449 2113 1461 2134 ,
1504 2085 1538 2122 si
1566 2084 1794 2135 Gregoras,

324 2152 421 2178 vera
447 2138 653 2192 loquitur,
691 2140 876 2193 equidem
905 2141 1014 2180 haud
1043 2141 1136 2180 scio.
1193 2139 1256 2178 Ac
1284 2145 1397 2177 tanto
1438 2139 1571 2177 minus
1598 2138 1767 2177 fortasse
1791 2170 1794 2175 .

325 2200 478 2246 potest,
511 2194 619 2246 quod
652 2196 767 2235 initio
796 2196 985 2235 historiae
1013 2210 1054 2235 se
1083 2195 1261 2235 veritatis
1292 2201 1375 2232 tam
1402 2200 1602 2232 amantem
1631 2200 1765 2232 osten·
1792 2217 1794 2226 ι

325 2248 442 2288 derit.
483 2248 768 2290 Verumtamen
798 2265 879 2290 non
908 2253 965 2289 ita
989 2250 1224 2299 dissimulat,
1254 2249 1367 2301 quin,
1398 2263 1518 2302 quem
1547 2250 1665 2287 toties
1693 2247 1766 2286 de-
1789 2271 1794 2282 ν.

326 2302 452 2341 seudit
480 2309 519 2341 et
550 2313 707 2344 excusat
725 2335 737 2356 ,
770 2306 1062 2359 propemodum
1092 2304 1299 2344 manifeste
1327 2305 1481 2357 prodat.
1521 2303 1631 2342 Infra
1657 2304 1765 2341 enim
1792 2329 1794 2340 ,

326 2358 457 2408 ipsum
483 2357 768 2399 adolescentem
810 2375 851 2400 se
894 2360 1028 2414 flagris
1068 2361 1188 2414 digna
1231 2367 1478 2412 perpetrasse
1511 2358 1794 2398 confitentem,

327 2411 437 2452 facit.
495 2411 620 2465 Atqui
661 2424 828 2455 venatus
866 2423 906 2455 et
934 2417 1122 2455 decursus
1152 2416 1345 2468 equestris
1375 2413 1508 2468 flagris
1535 2413 1655 2467 digna
1683 2426 1765 2451 non
1789 2430 1794 2443 τ

328 2474 435 2509 sunt.
477 2467 731 2521 Quamquam
761 2485 856 2510 vero
884 2471 1049 2510 modum
1080 2472 1122 2509 in
1151 2470 1213 2509 his
1241 2469 1600 2522 excedere‘potuit‚
1629 2469 1765 2519 (immo
1792 2491 1794 2522 3

330 2521 522 2568 excessit,
582 2536 673 2562 cum
712 2539 806 2577 prae
847 2527 979 2565 studio
1020 2540 1158 2565 rerum
1200 2527 1368 2563 istarum
1405 2538 1588 2562 somnum
1625 2536 1794 2579 caperej

329 2589 410 2615 non
441 2577 617 2628 potuerit
640 2608 650 2627 ‚
692 2587 737 2618 ut
766 2581 942 2632 audisti,
983 2588 1022 2620 et
1050 2583 1152 2619 mira
1191 2587 1328 2618 narrat
1366 2580 1408 2617 in
1440 2579 1515 2618 hoc
1545 2592 1687 2632 genere
1715 2577 1765 2615 de

330 2631 495 2670 canibus
527 2638 565 2670 et
591 2632 730 2672 avibus
756 2635 840 2674 eius
861 2637 1206 2689 Gregoras,etiam
1226 2634 1505 2687 imperatoris‚)
1532 2640 1664 2672 tamen
1683 2646 1765 2670 non

331 2685 452 2736 hanc,
471 2686 537 2724 sed
557 2686 673 2725 aliam
692 2690 905 2739 quamdam
934 2691 1280 2743 intemperantiam
1313 2703 1394 2727 esse
1420 2689 1614 2741 putarim,
1643 2700 1764 2740 quam
1793 2715 1794 2718 η

331 2742 374 2780 :in
402 2755 443 2781 se
466 2739 595 2795 flagris
621 2743 863 2795 puniendam
891 2746 1092 2786 consessus
1123 2753 1191 2789 est.
1247 2744 1379 2784 Nihilo
1405 2745 1538 2784 minus
1565 2745 1641 2783 ista
1667 2743 1739 2782 viti
