1794 3158
348 120 458 189 524
862 142 1272 185 ΑΝΝΟΤΑΤιοΝΕε

449 245 512 286 De
540 247 774 301 purgatione
800 259 870 300 per
901 246 1049 286 ferrum
1077 247 1249 288 candens
1272 278 1284 297 ‚
1326 249 1437 288 cuius
1465 247 1532 288 hic
1567 246 1762 287 admiran-

344 300 442 341 dum
467 302 690 355 exemplum
724 302 1022 341 Cantacuzenus
1044 311 1344 350 commemorat,
1374 305 1507 343 dicere
1531 304 1763 356 supersedec

346 364 435 410 post
460 356 644 396 Delrium
677 364 776 396 tom.
802 371 842 396 2.
869 358 974 411 Mag.
1003 357 1198 411 disquisit.
1228 358 1298 398 lib.
1317 358 1359 410 4.
1388 373 1474 411 cap.
1502 357 1544 410 4.
1570 357 1760 411 quaest.4

346 419 442 451 sect.
465 412 515 461 5.,
544 426 593 450 ne
616 412 754 451 videar
779 411 952 452 scribere
985 411 1087 452 velle
1106 413 1268 452 Iliadem
1302 420 1392 467 post
1418 414 1646 452 Homerum.
1701 413 1764 452 Sa-

345 468 397 505 tis
432 473 490 505 est
520 481 662 516 nosse,
698 468 870 520 graviter
898 475 1089 520 tanquam
1115 470 1428 522 superstitiosam
1453 483 1476 508 a
1501 470 1622 508 sacris
1651 482 1766 507 cano·

344 521 462 560 nibus
490 521 719 562 damnatam
746 530 785 562 et
822 523 1072 562 interdictam
1102 538 1196 564 esse.
1253 524 1358 565 Vide
1387 537 1474 576 cap.
1521 523 1767 562 Consulmzvti.

344 590 430 629 cap.
461 576 671 616 Mennam.
702 591 740 616 2.
769 593 810 631 q.
841 578 877 618 5.
911 586 950 618 et
971 593 1058 633 cap.
1086 579 1240 618 Dilecti
1255 586 1331 620 ext.
1358 578 1408 618 de
1436 580 1666 632 purgatione
1681 576 1768 616 vul-

344 632 446 684 gari,
476 638 515 670 et
542 646 627 686 cap.
657 632 912 681 Sententiam,
938 641 1015 675 ext.
1037 648 1088 673 ne
1115 633 1247 673 clerici
1280 634 1342 673 vel
1376 634 1561 672 monachi
1597 632 1768 672 saecula>-

344 686 456 725 ribus
489 689 656 741 negotiis
684 701 726 727 se
756 690 1031 728 immisceant:
1066 697 1246 728 sanctum
1273 689 1471 729 Thomam
1504 702 1541 730 2.
1577 702 1614 727 2.
1645 702 1683 741 q.
1707 686 1770 742 95.

345 754 380 781 a.
409 741 448 782 8.
478 742 529 780 ad
563 743 598 783 5.
627 749 666 782 et
699 743 921 782 Antonium
957 744 1227 798 Augustinum
1264 746 1304 783 in
1342 746 1446 783 notis
1473 743 1525 783 ad
1549 750 1670 797 caput
1693 743 1770 796 pri-

343 809 455 836 mum
484 797 773 850 poenitentialis
796 798 979 837 Romani.

455 852 693 905 Exemplum
723 854 903 906 capiendi
932 856 1075 894 ominis
1112 853 1162 893 de
1190 854 1334 894 futuris
1376 868 1422 894 ex
1450 853 1583 893 verbis
1613 853 1772 892 fortuito

344 906 507 961 prolatiS
539 908 779 962 auditisque,
809 908 1032 962 suppeditat
1060 911 1178 949 etiam
1208 909 1321 949 nobis
1353 909 1429 948 hoc
1459 908 1546 948 loco
1576 909 1772 948 Cantacu-

346 976 465 1002 zenus
486 993 497 1014 ‚
539 963 726 1013 referens,
755 964 951 1016 quosdam
977 979 1021 1003 ex
1055 965 1161 1003 dicto
1190 963 1260 1003 illo
1287 964 1479 1017 evangelii
1508 966 1548 1003 in
1577 977 1686 1002 sacra
1716 965 1773 1003 Li-

344 1021 475 1071 turgia
517 1020 681 1057 recitato
698 1048 710 1069 ‚
747 1019 812 1056 Si'
824 1033 885 1058 me
915 1021 1109 1073 per-secuti
1145 1029 1256 1069 sunt,
1291 1029 1328 1059 et
1373 1033 1444 1058 vos
1473 1028 1773 1075 persequentur,

344 1087 460 1114 omen
488 1074 635 1126 cepisse
662 1073 712 1112 de
744 1073 859 1113 bellis
884 1081 923 1113 et
954 1074 1245 1114 calamitatibus
1262 1103 1274 1124 ‚
1303 1075 1448 1129 quibus
1483 1082 1621 1128 postea
1649 1075 1774 1126 impe-

344 1134 454 1168 rator
487 1130 784 1168 Cantacuzenus
812 1129 863 1167 ab
892 1129 1036 1168 invidis
1069 1137 1107 1169 et
1136 1129 1301 1168 aemulis
1328 1130 1544 1183 exagitatus
1564 1135 1635 1167 est.
1664 1130 1775 1180 Quae

345 1184 596 1224 coniectandi
635 1185 785 1237 species
837 1184 939 1223 nihil
980 1186 1269 1238 superstitionis
1298 1185 1500 1225 continere
1528 1183 1712 1233 videtur,
1745 1185 1776 1223 si

344 1240 509 1279 modum
546 1246 691 1280 teneat.
746 1240 847 1279 Eius
892 1241 1038 1293 passim
1070 1241 1114 1279 fit
1153 1241 1304 1279 mentio
1346 1241 1389 1278 in
1437 1239 1622 1281 historiis.
1678 1239 1776 1278 Cum

344 1302 504 1335 sanctus
530 1294 744 1334 Anselmus
771 1303 1069 1335 consecraretur
1086 1295 1311 1348 episcopus,
1339 1308 1511 1347 cumque
1528 1302 1664 1348 postea
1688 1293 1776 1346 pal-

343 1348 443 1388 lium
471 1351 598 1389 Roma
629 1350 790 1388 missum
822 1352 1061 1403 susciperet,
1094 1349 1242 1390 lectum
1272 1357 1330 1389 est
1356 1351 1397 1389 in
1434 1349 1596 1388 ecclesia
1623 1348 1777 1402 publice

344 1404 595 1458 evangelium
625 1404 748 1443 illud:
777 1404 910 1443 Homo
936 1405 1100 1459 quidam
1112 1407 1220 1455 jecit
1243 1419 1405 1444 coenam
1435 1418 1624 1457 magnam
1651 1413 1690 1443 ec
1707 1405 1777 1442 mi-

342 1460 394 1498 sit
421 1474 577 1499 servum
604 1473 716 1497 snum
736 1461 834 1498 hora
857 1473 1002 1499 coenae
1029 1460 1160 1498 dicere
1186 1461 1379 1506 invitatis,
1410 1468 1451 1498 nt
1475 1460 1655 1498 venirent
1679 1466 1778 1508 etc.‚

342 1514 384 1553 in
414 1529 494 1568 quo
523 1515 717 1554 recusatio
743 1521 783 1553 et
808 1514 1076 1554 inobedientia
1117 1528 1270 1564 eorum,
1300 1513 1367 1568 qui
1397 1514 1448 1553 ad
1475 1527 1638 1553 coenam
1665 1513 1779 1552 illam

342 1582 527 1623 magnam
556 1570 714 1608 invitati
743 1569 914 1618 fuerant,
944 1569 1184 1622 depingitur.
1241 1569 1399 1608 Ominis
1435 1568 1522 1608 loco
1558 1568 1697 1607 habita
1723 1576 1779 1610 est

343 1623 413 1664 illa
445 1625 576 1664 lectio.
635 1624 756 1678 Quod
781 1639 859 1663 non
886 1638 979 1662 casu
993 1626 1178 1677 factum,
1207 1625 1278 1663 sed
1300 1625 1442 1664 divino
1475 1638 1586 1663 sensu
1603 1632 1780 1679 putatam

344 1681 476 1732 inquit
502 1678 727 1719 Gulielmus
767 1678 1165 1731 Malmesburiensis,
1204 1678 1275 1722 lib.
1310 1694 1343 1721 1.
1390 1678 1439 1718 de
1475 1680 1594 1732 gestis
1620 1678 1781 1731 pontifi·-

345 1748 439 1775 cum
468 1734 693 1788 Anglorum
719 1764 731 1785 ‚
768 1735 812 1773 in
851 1735 960 1773 nullo
995 1735 1100 1773 enim
1139 1735 1177 1773 ei
1217 1732 1434 1786 efficaciter
1479 1735 1782 1788 obtemperatum

345 1799 428 1838 est,
455 1790 526 1829 sed
553 1790 731 1829 omnibus
765 1804 896 1844 paene
918 1798 1135 1843 praetexta
1168 1790 1399 1840 excusatio,
1439 1803 1538 1843 quae
1566 1789 1635 1827 vel
1661 1802 1782 1843 prae-

344 1845 516 1885 dicando
550 1845 702 1894 docuit,
737 1846 805 1885 vel
824 1845 1114 1885 interminando
1140 1845 1358 1900 prohibuit.
1414 1843 1492 1885 Sed
1515 1843 1615 1883 haec
1642 1839 1783 1882 hacte-

345 1914 433 1940 nus.
463 1913 652 1940 GRETSER.

458 1955 560 2008 Pag.
580 1968 669 2008 171,
691 1954 754 2007 14.
781 1955 966 1994 audita
1027 1956 1182 1994 etiam
1235 1955 1292 1994 de
1328 1954 1450 2005 ficu
1501 1953 1785 2008 parabola.

347 2006 621 2063 Μνημονικὸν
666 2005 927 2062 ἁμάρτηματ,
972 2024 1066 2048 nam
1108 2024 1227 2063 supra
1266 2009 1316 2049 de
1355 2023 1434 2048 uva
1462 2010 1675 2048 immatura
1714 2023 1785 2061 pa-

347 2065 528 2105 rabolam
556 2065 703 2103 attulit.
761 2065 839 2104 Sed
867 2065 943 2103 hoc
970 2080 1093 2118 genus
1131 2066 1282 2118 peccati
1307 2065 1427 2104 etiam
1455 2064 1610 2117 magnis
1635 2071 1675 2103 et
1706 2077 1785 2103 no-

347 2122 509 2160 tissimis
540 2121 800 2173 scriptoribus
831 2119 930 2159 solet
960 2121 1150 2159 accidere.
1180 2133 1352 2159 romum.

460 2174 560 2227 Pag.
582 2175 671 2229 ¹75,
694 2189 753 2215 12.
781 2176 1087 2214 exercitam
1149 2175 1459 2216 cohortium.
1514 2172 1602 2212 Etsi
1629 2167 1787 2224 τάγμα-

349 2243 404 2269 τα
432 2229 628 2281 appellat,
663 2237 702 2269 et
728 2225 866 2280 τάγμα
899 2231 1060 2283 proprie
1087 2229 1281 2283 legionem
1308 2235 1446 2278 sonat,
1491 2234 1627 2266 tamen
1663 2227 1787 2267 malui

350 2285 522 2324 cohortes
553 2297 711 2323 vocare.
773 2283 815 2323 Si
843 2286 950 2323 enim
979 2287 1020 2323 in
1048 2284 1202 2338 legione
1237 2298 1421 2323 numeres
1450 2282 1588 2322 saltem
1615 2290 1788 2336 quatuor

350 2338 506 2388 millia,
543 2339 774 2378 confecisset
809 2341 1025 2378 exercitum
1056 2339 1109 2390 64
1154 2338 1323 2377 millium
1344 2369 1354 2386 ,
1402 2345 1599 2392 quantum
1642 2340 1683 2375 in
1723 2337 1789 2376 his

350 2393 464 2433 libris
495 2407 701 2446 nunquam
741 2400 800 2432 est
830 2395 988 2444 videre,
1031 2402 1192 2447 propter
1227 2395 1458 2432 imminutas
1494 2406 1588 2445 opes
1617 2391 1794 2446 Romani¹

351 2449 509 2503 imperii
536 2455 575 2486 et
602 2447 740 2486 alienis
765 2448 908 2500 opibus
934 2457 1017 2488 tam
1047 2449 1163 2488 valde
1190 2449 1423 2501 indigentes.
1453 2460 1623 2488 Pom-AN.
1780 2452 1794 2490 ᾗ

463 2503 563 2556 Pag.
585 2500 674 2554 184,
697 2516 754 2542 10.
783 2504 963 2554 facies
1006 2504 1073 2547 ad
1113 2504 1292 2542 clunes
1319 2503 1593 2543 obversus,
1650 2502 1789 2545 Genus

352 2571 530 2597 summae
548 2558 785 2611 ignominiae
811 2571 880 2596 seu
904 2572 1054 2610 poenae
1077 2559 1486 2611 ignominiosissimae.
1544 2555 1654 2606 Quid
1681 2558 1789 2595 enim

353 2612 472 2651 vilius
504 2620 543 2651 et
569 2612 832 2664 contemptius
859 2614 971 2651 asino
991 2617 1010 2651 ?
1042 2620 1081 2651 et
1109 2613 1184 2650 isto
1210 2611 1415 2664 equitandi
1442 2610 1588 2660 modo,
1615 2617 1662 2649 ut
1694 2611 1790 2650 causs

354 2666 446 2706 dam
482 2681 552 2719 pro
579 2667 694 2706 freno
721 2674 852 2706 teneas
875 2696 885 2716 ,
918 2667 1015 2719 quid
1044 2668 1199 2718 turpius
1226 2667 1397 2718 magisve
1427 2665 1641 2704 ridiculum
1660 2670 1679 2704 ’.θ
1719 2659 1794 2717 5έᾴ

356 2730 396 2762 et
422 2722 675 2762 Anastasium
706 2722 973 2777 patriarcham
1001 2735 1025 2760 a
1050 2722 1214 2774 Diippio
1242 2722 1333 2760 duci
1363 2722 1477 2759 iussit
1495 2750 1508 2771 ,
1551 2722 1662 2760 asino
1692 2720 1793 2759 iusi-
