1794 3158
337 130 448 188 528
845 148 1258 193 ANNoTAnoNEs

442 251 1220 309 Pag.999‚14.peccatortcquce
1251 252 1668 308 exomologesin.
1697 253 1763 297 En

332 324 450 350 usu-m
477 324 634 349 annuae
661 309 916 348 confessionis
944 311 986 348 in
1014 308 1311 362 quadragesima
1338 311 1445 363 apud
1466 312 1664 349 Graecos·
1654 340 1666 362 ,
1693 313 1764 375 qui

331 365 487 418 πατέρα
513 361 802 414 πνευματικὸν,
838 364 901 404 vel
929 364 1109 403 absolute
1145 366 1230 403 sine
1259 366 1462 415 adiuncto,
1490 362 1766 415 πνευματικὸν

330 428 487 469 vocant,
517 433 635 472 quem
662 433 733 458 nos
760 421 1042 471 Cotfissarium
1075 432 1143 458 seu
1159 429 1318 473 patrem
1339 420 1602 483 spiritualem.
1651 420 1766 470 Quo-

330 476 450 515 modo
479 483 613 513 autem
642 475 783 513 Graeci
811 475 1090 525 confiteantur,
1121 474 1330 526 explicavit
1352 473 1570 514 Hieremias
1593 477 1765 528 patriar-

335 532 412 569 cha
447 529 905 597 Constantinopolitanus
942 531 983 568 in
1013 544 1084 568 sua
1100 543 1278 594 censura
1305 544 1392 583 cap.
1427 543 1487 571 11
1515 529 1577 569 his
1604 530 1763 571 verbis·

330 585 501 636 λέγομεν
536 584 672 623 τοίνυν
709 581 1052 652 ἀποκρινόμενοι,
1096 578 1161 622 ὅτι
1203 585 1368 649 πρῶτον
1401 583 1478 634 μὲν
1507 580 1530 622 ὅ
1581 585 1764 632 τοιοῦτος

333 637 547 690 οἰκονόμος
578 636 739 692 ὀφείλει
768 635 874 679 εἶναι
882 635 1177 706 πνευματικὸς
1202 636 1371 704 ἰατρὸς,
1399 637 1620 704 α’κριβιός’
1600 638 1768 680 επιστά-

329 708 450 745 μενος
479 691 531 734 τοὶ
557 690 828 762 πνευματικά.
859 688 948 733 εἶτα
974 689 994 731 ὃ
1025 691 1389 745 ἐξομολογούμενος
1415 693 1474 740 εἰς
1503 689 1580 733 ὅσα
1604 693 1767 758 δυνηθῇ

330 764 398 789 και
420 749 638 814 ἐνθυμηθῇ
666 750 752 788 κατ’
770 744 875 796 εἶδος
897 749 1024 787 εἰπεῖν
1051 763 1118 787 και
1139 747 1519 802 ἐξομολογήσασθαι
1539 746 1645 798 μετὰ
1664 760 1765 788 συν-

331 804 602 856 τετριμμένης
620 801 794 868 καρδίας
809 812 884 843 etc.
909 804 1046 856 Capite
1063 806 1240 856 sequenti
1256 805 1340 843 fuse
1361 804 1632 844 disseritidem
1648 805 1768 857 patri·

331 860 454 899 amba
482 857 580 910 περὶ
603 873 687 897 των
717 856 997 909 ἱκανοποιιῶν,
1025 859 1074 897 de
1100 860 1431 910 satisfactionzbus
1451 869 1488 898 et
1505 860 1763 913 ροεηιιεηιιιῖς,

334 930 359 954 a
389 916 642 968 pneumatico
673 928 740 953 seu
773 913 971 967 spirituali
999 921 1111 966 patre
1141 915 1289 967 imponi
1316 914 1452 954 solitis.
1493 916 1582 954 Mos
1610 914 1675 953 hic
1703 914 1767 954 in-

335 971 557 1010 stituendae
585 969 841 1009 confessionis
875 968 1060 1008 ecclesiae
1085 970 1263 1009 Graecae
1290 977 1502 1023 perpetuus
1531 969 1622 1020 suit,
1641 983 1715 1008 nec
1740 983 1766 1010 a

334 1026 522 1064 Nectario
563 1025 789 1078 patriarcha
827 1023 1271 1077 Constantinopolitano
1301 1025 1515 1064 sublatus·
1505 1054 1516 1076 ,
1550 1038 1644 1063 nam
1672 1038 1768 1078 pre-

331 1081 468 1134 sbyter
497 1080 579 1130 ille,
604 1081 715 1119 cuius
736 1081 910 1118 officium
943 1080 1153 1132 abrogasse
1182 1080 1322 1128 fertur,
1357 1095 1438 1119 non
1463 1081 1667 1133 privatae,
1698 1079 1768 1118 sed

330 1135 515 1189 publicae
538 1136 803 1189 poenitentiae
822 1142 1027 1188 praeerat:
1063 1135 1112 1173 de
1143 1150 1224 1188 quo
1252 1137 1408 1188 copiose
1427 1135 1505 1174 Cal
1507 1133 1648 1174 dmalis
1676 1134 1767 1174 Bel-

330 1190 524 1230 larminus
560 1190 629 1232 lib.
659 1191 698 1229 3.
734 1191 783 1229 de
819 1192 962 1243 poenit.
995 1204 1081 1242 cap.
1113 1189 1170 1240 14.
1204 1197 1242 1229 et
1267 1192 1504 1230 Franciscus
1542 1190 1766 1231 Turrianus

331 1246 400 1288 lib.
419 1245 455 1297 4.
485 1246 535 1284 de
565 1246 798 1299 dogmaticis
819 1246 1114 1285 characteribus
1136 1246 1247 1285 verbi
1269 1246 1357 1285 Dei.
1393 1258 1578 1285 GRETSER.

441 1301 546 1354 Pag-
569 1300 742 1352 504,24.
772 1315 971 1355 expers
1000 1301 1249 1340 rationis
1277 1303 1520 1356 impetus.
1578 1299 1769 1340 Horatius

329 1355 403 1396 lib.
436 1357 473 1399 3.
504 1356 594 1395 Ode
622 1355 690 1406 4..
732 1355 807 1394 Vis
834 1357 973 1395 conszli
1006 1370 1147 1409 expers
1194 1357 1298 1395 mole
1334 1366 1414 1395 nczt
1436 1370 1509 1394 ςιια
1549 1361 1624 1394 etc.
1682 1355 1770 1394 Hoc

332 1413 462 1465 ipsum
494 1411 666 1463 strophis
696 1411 952 1463 sequentibus
993 1410 1143 1463 aliquot
1175 1411 1360 1463 exemplis
1389 1411 1571 1452 illustrat.
1600 1423 1769 1454 PONTAN.

443 1466 544 1519 Pag.
564 1468 655 1515 312,
685 1467 743 1507 15.
770 1466 929 1509 bulla,
987 1466 1049 1503 De
1077 1479 1197 1504 aurea
1226 1466 1336 1505 bulla
1363 1466 1567 1520 loquitur,
1610 1465 1661 1504 de
1690 1479 1770 1518 qua

332 1529 449 1561 antea
478 1523 656 1574 saepius3
688 1535 774 1560 eam
802 1522 908 1559 enim
939 1522 1197 1573 imperatmes
1224 1521 1387 1570 dabant,
1420 1521 1566 1575 quibus
1594 1519 1769 1560 dandam

331 1577 558 1618 censebant.
631 1577 789 1615 Nicetas
826 1575 896 1614 lib.
935 1590 969 1614 1.
1007 1582 1123 1614 vocat
1174 1571 1349 1640 γράμμα
1378 1552 1764 1642 ἐρυθροσήμαντον,

330 1632 539 1685 σφραγῖὸι
561 1644 606 1670 τε
646 1630 826 1695 χρυσεία
861 1645 931 1669 και
959 1630 1115 1684 σηρικιῦ
1141 1626 1294 1682 νήματι
1321 1627 1511 1681 ἔμπεδον,
1541 1627 1692 1682 κόγχης
1716 1628 1766 1669 ἆ-

331 1686 570 1749 ναὸευμένω
603 1683 767 1735 αἵματι.
824 1687 1004 1724 Zonarae
1031 1692 1130 1723 tom.
1164 1687 1204 1725 3.
1248 1683 1587 1739 χρυσοσὴμαντος
1617 1681 1762 1739 γραφή

332 1749 372 1782 et
398 1725 706 1794 χρυσόβουὶῖος
731 1737 875 1793 γραφὴ
905 1741 1064 1779 dicitur.
1095 1754 1265 1780 PONTAN.

442 1797 549 1849 Pag.
573 1794 671 1846 514,
699 1810 758 1839 ιο.
796 1796 1020 1850 quidam
1059 1798 1415 1858 aMntiquorum.
1471 1793 1763 1838 Felicissimum

331 1866 415 1892 esse
443 1853 499 1890 ait
526 1851 710 1904 Euripid.
738 1853 781 1890 in
813 1851 994 1900 Hecuba,
1029 1852 1093 1889 cui
1121 1850 1220 1889 nihil
1249 1852 1290 1888 in
1323 1850 1428 1888 diem
1455 1849 1626 1915 obtingit
1653 1849 1762 1900 mali,

330 1907 394 1947 his
421 1907 567 1955 veihis,
591 1910 720 1953 κεῖνος
749 1905 785 1944 δ’
813 1903 1079 1957 ὅλβιωτατος,
1108 1899 1186 1944 ὅτω
1215 1905 1298 1944 κατ’
1328 1897 1442 1957 ἦμαρ
1463 1901 1660 1955 τυγχάνει
1682 1919 1764 1956 μηα

330 1962 402 2002 δὲν
431 1958 571 2001 κακόν.
631 1962 733 2000 Cum
775 1975 868 2014 ergo
906 1975 977 1999 nec
1015 1975 1142 1998 unum
1164 1945 1287 1998 diem
1323 1962 1405 1998 vita
1434 1966 1568 1998 nostra
1597 1975 1620 1999 a
1649 1959 1763 2000 malis

330 2019 383 2056 sit
410 2018 535 2057 libeia
571 2019 697 2069 (quae
738 2030 859 2069 quam
893 2015 1020 2054 multa
1059 2017 1166 2065 sint,
1209 2029 1412 2054 recensere
1452 2014 1552 2053 nihil
1580 2016 1732 2065 attinet,
1748 2016 1762 2065 )

329 2073 428 2125 quid
470 2079 555 2111 tota
595 2073 703 2122 vita,
745 2086 866 2125 quam
905 2073 980 2109 elit
1014 2071 1188 2109 misera'?
1244 2070 1320 2109 Sed
1351 2071 1647 2109 Cantacuzenus
1686 2070 1763 2109 fuit

329 2127 452 2166 homo
482 2129 810 2180 paucissimorum
842 2126 1063 2165 hominum.
1095 2126 1240 2164 Merito
1268 2132 1402 2163 autem
1428 2126 1644 2191 sapientem
1662 2139 1764 2164 uun·

328 2190 476 2246 cupat3
505 2182 717 2235 Euripides
745 2181 939 2234 slquidem
971 2187 1134 2235 propter
1161 2181 1393 2234 sapientiam
1422 2193 1443 2218 ο
1472 2177 1665 2231 σκηνικὸς
1690 2193 1762 2234 φι-

329 2233 509 2289 λόσοφος
537 2237 666 2275 dictus
693 2243 762 2275 est.
791 2250 967 2275 PONTAN·

439 2291 543 2343 Pag.
567 2292 661 2340 314,
690 2290 752 2342 14.
791 2291 1031 2330 lancium
1076 2291 1265 2332 altera.
1322 2288 1490 2343 Antiqui
1531 2305 1593 2330 res
1628 2290 1760 2330 homi-

330 2361 430 2387 num
457 2360 481 2384 a
512 2346 608 2384 Iove
634 2344 745 2384 velut
774 2345 878 2385 libra
907 2346 1077 2398 quadam
1106 2345 1294 2399 pensitari
1323 2346 1552 2396 censebant,
1586 2346 1692 2385 unde
1720 2354 1760 2386 et

330 2400 537 2453 ὖψίζυγος
564 2400 692 2439 dictus
718 2407 776 2438 est
803 2402 942 2453 poetis,
970 2408 1106 2454 utpote
1136 2402 1205 2454 qui
1233 2415 1277 2439 ex
1305 2400 1384 2439 alto
1410 2400 1518 2440 caelo
1545 2403 1678 2440 omnia
1705 2400 1760 2440 li-

331 2457 446 2497 bret
463 2469 508 2494 ac
549 2455 756 2507 ponderet.
816 2456 1013 2494 Homerus
1060 2456 1171 2495 Iliad.
1198 2453 1251 2507 χ’.
1282 2455 1450 2495 Achillis
1490 2462 1530 2494 et
1577 2456 1759 2495 Hectoris

332 2512 417 2551 fata
444 2510 570 2550 librae
595 2523 664 2548 seu
692 2509 871 2549 lancibus
912 2511 1143 2563 imposuisse
1162 2540 1172 2557 ‚
1223 2518 1262 2550 et
1295 2511 1480 2549 Hectoris
1511 2510 1760 2551 descendisse

332 2580 403 2607 seu
431 2564 763 2618 praeponderasse
789 2565 857 2602 ait.
912 2564 956 2602 Id
986 2565 1115 2604 voluit
1141 2566 1257 2604 Maro
1283 2565 1334 2603 de
1360 2564 1496 2604 Aenea
1524 2572 1564 2603 et
1604 2566 1760 2615 Turno,

335 2621 505 2661 Aeneid.
533 2620 604 2659 lib.
638 2634 698 2659 12.
758 2619 940 2673 Iuppiter
964 2621 1044 2673 ipse
1073 2620 1171 2658 duas
1215 2628 1380 2674 aequato
1411 2622 1600 2659 examine
1632 2622 1762 2660 lances

333 2677 492 2715 sustinet
530 2682 603 2717 etc.
684 2675 817 2726 Quam
865 2674 1028 2712 diversis
1069 2674 1288 2712 simulacris
1330 2674 1423 2713 olim
1472 2673 1599 2713 efficta
1644 2676 1763 2715 fuerit
1783 2678 1787 2715 ἰ

335 2731 532 2786 Fortuna,
558 2729 673 2769 docet
701 2728 896 2770 Alexand.
922 2728 1116 2782 Neapolit
1145 2727 1213 2770 lib.
1231 2743 1266 2767 1.
1297 2742 1385 2785 cap.
1422 2730 1501 2782 15„
1530 2731 1635 2771 inter
1659 2743 1787 2786 quae
