1800 3164
505 147 883 193 HlsTOmARUM
923 149 992 188 iv.
1033 147 1072 192 7.
1409 121 1484 188 43

54 254 192 307 ὀλίγον
219 249 513 307 παρελθόντος,
544 247 789 306 συγγνώμην
818 262 863 290 τε
895 241 1024 294 αὖθις
1050 244 1285 299 παρέσχετο
1314 239 1337 281 ὅ
1364 242 1486 293 βασι-
1499 242 1689 288 Δ.(;.ι347

51 319 148 370 λεπὶς
177 324 265 368 τοῖς
302 314 593 373 ἆμαρτήσασι,
634 317 706 356 καί
731 317 814 356 τῶν
843 313 1138 366 δεσμωτηρίων
1165 308 1381 355 ἀπολύσας
1409 298 1486 346 αὖ·

51 389 121 435 θις
149 385 300 440 ἐχρῆτο
321 417 333 436 ,
361 379 390 441 ᾗ
419 384 586 430 ἕκαστος
615 382 856 435 ἐπιτηδείως
883 375 985 432 εἶχε.

161 448 208 502 ζ’.
269 451 361 493 Ταῖν
387 448 725 504 Καντακουζηνῴ
753 447 799 487 δὲ
820 449 876 503 τῷ
902 447 1073 498 βασιλεῖ
1090 438 1196 484 κατὰ
1216 438 1287 483 τὸν
1305 436 1487 491 πόλεμον

15 515 256 561 ὅσυνόντων
284 515 324 558 οἱ
349 515 531 568 μάλιστα
559 514 880 569 ἑπιφανέστεροι
901 507 1225 566 προσελθόντες,
1243 505 1487 549 ἀδικεῖσθαι

52 581 217 640 ἔφασαν
236 581 310 624 καί
327 581 424 635 βίαν
436 581 660 634 ὑπομένειν
678 577 913 634 παράὕτοῦ
932 572 1231 630 ἀναγκάζοντος
1251 566 1402 628 ὅρκους
1415 570 1488 612 ἐπὶ

51 649 218 706 δουλείᾳ
236 649 500 703 παρέχεσθαι
521 650 692 700 βασιλεῖ’
703 647 761 703 τῷ
778 645 855 701 νέῳ
881 643 953 684 καί
977 643 1164 696 βασιλίδι
1184 640 1236 696 τῇ
1255 638 1395 693 μητρὶ,
1411 635 1484 676 οὔ·
1497 640 1524 675 C

2 761 9 766 ,
51 714 193 759 &snm
217 713 512 768 δυνησομένοις
527 713 728 765 καθαρῶς
747 708 820 753 καί
839 707 1003 757 ἀδόλως
1025 702 1381 749 καταλλάττεσθαι
1406 699 1491 743 αὖ-.

31 768 150 832 τοῖς,
169 777 275 830 ἀλλὰ
297 778 370 820 καί
383 777 528 833 καιρὸν
548 779 814 832 ἐπιτηροῦσιν
828 776 1096 818 ἐπιτίθεσθαι
1112 770 1184 814 καί
1203 768 1484 826 διαφθείρειν.

0 847 173 888 intuito
212 845 259 886 δὲ
299 844 400 886 οὐδὲ
426 842 592 899 μακράν
625 843 767 892 ἀνοίας
794 838 847 884 ἂν
876 837 1008 892 δόξειε
1034 840 1132 894 παρ’
1143 831 1194 878 εὖ
1225 836 1486 892 φρονοῦσιν,

49 913 92 954 εἰ
116 908 241 953 αὗτοί
265 913 342 964 μὲν
379 907 511 952 πολλὰ
543 909 647 951 κατὰ
686 907 757 951 τὸν
793 904 973 960 πόλεμον
999 900 1355 958 ὖπομεμενηκότες
1384 901 1485 942 δυσ-

48 977 182 1034 χερῆ,
223 975 297 1018 καὶ
331 976 405 1018 νῦν
430 975 536 1029 μετὰ
575 974 652 1031 τὴν
686 975 801 1029 νίκην
833 971 1111 1015 δουλεύσουσι
1134 974 1222 1019 τοῖς
1247 965 1488 1021 πολεμήσα-

49 1058 142 1096 σιν,
169 1041 268 1086 οὖδὲ
291 1043 551 1096 ἀντιβλέπειν
578 1039 800 1094 δυνάμενοι
829 1038 901 1082 διὰ
931 1036 1030 1088 τούς
1058 1033 1233 1093 ὅρκους,
1261 1036 1410 1077 ε’κεῖνοι
1439 1033 1489 1074 δὲ

49 1109 314 1164 εὐορκοῦντές
338 1124 380 1151 τε
409 1103 605 1164 ἄρξουσιν
631 1108 799 1161 αὐτῶν,
826 1108 900 1148 καί
927 1106 1215 1160 ἑπιορκοῐῖντες
1233 1133 1246 1154 ,
1293 1097 1360 1142 ὅτε
1388 1095 1490 1153 βού-

0 1178 216 1229 ι5λονται,
253 1175 559 1221 ἀποκτενοῦσιν,
616 1172 709 1216 ἰδοὺ
751 1171 828 1229 γὰρ
880 1173 921 1214 εἰ
951 1166 1252 1227 προύχώρησεν
1292 1164 1488 1220 αὕτοῖςῆ

49 1242 128 1284 νῦν
154 1238 378 1296 ἐπιβουλὴ,
421 1241 544 1282 ου’δὲν
572 1235 625 1281 ἂν
653 1237 831 1282 ἐκώλυεν
861 1233 890 1294 ἢ
917 1234 1197 1291 ἀποθνήσκειν
1224 1235 1490 1289 νικηθέντας,

48 1301 77 1363 ἢ
105 1303 377 1361 ἀντισχόντας
412 1305 518 1362 πρὸς
557 1304 631 1347 τὸν
658 1303 864 1358 πόλεμον,
905 1299 1033 1354 αὖθις
1070 1305 1114 1345 έν
1151 1306 1238 1350 τοῖς
1273 1299 1489 1355 προτέροις

48 1369 158 1415 εἶναι
189 1377 329 1422 κακοῖς
355 1371 655 1427 στρατεύοντας
682 1369 788 1413 κατὰ
814 1372 898 1413 τῶν
925 1369 1153 1426 ὁμοφύλων
1180 1369 1254 1409 καί
1278 1375 1531 1409 καταστα-Ι)

50 1439 324 1492 σιαζομένους
344 1469 356 1493 ,
390 1435 528 1492 ὥσπερ
561 1435 634 1479 καί
659 1434 861 1493 πρότερον
887 1434 970 1480 ὑπὸ
1001 1437 1084 1478 τῶν
1114 1434 1258 1490 δήμων
1276 1465 1288 1487 ,
1317 1434 1389 1474 καί
1415 1431 1488 1487 δη-

0 1498 40 1551 io
49 1505 220 1558 μεύσεις
235 1504 516 1558 ὑπομένοντας
542 1505 615 1546 καί
635 1501 902 1558 δεσμωτήρια
920 1501 995 1545 καί
1015 1497 1121 1544 ἄλλα
1142 1497 1247 1542 ἅττα
1274 1501 1358 1547 τοῖς
1384 1512 1489 1552 προ-

49 1571 187 1626 τέροις
220 1570 509 1626 παραπλήσια.
564 1570 708 1625 ἠξίουν
746 1585 793 1612 τε
817 1571 890 1612 καί
915 1569 1056 1618 αὐτοῖς
1091 1566 1188 1616 τοὺς
1215 1562 1361 1623 ὅρκους
1392 1565 1489 1606 (52⁶⁸-

49 1635 253 1680 λελύσθαι
280 1635 354 1678 καὶ
378 1636 572 1691 πράττειν
588 1630 651 1694 ,ᾗ
678 1633 820 1685 αὗτοῖς
847 1637 965 1677 δοκεῖ
986 1635 1233 1691 συμφέρειν.
1289 1631 1361 1674 καί
1386 1628 1489 1687 πρό-

49 1699 165 1757 τερόν
205 1718 252 1744 τε
288 1702 368 1758 γάρ
407 1702 735 1758 ἀναγκασθέντες
771 1702 843 1743 ὑπ’
865 1700 1024 1744 ἐκείνου
1052 1699 1152 1750 τούς
1185 1696 1333 1755 ὅρκους
1362 1698 1489 1739 ἀκου-

51 1769 154 1817 σίως
178 1769 505 1822 παρασχέσθαι,
547 1771 619 1810 καί
645 1770 745 1820 νῦν,
788 1765 933 1822 ἐπειδη
963 1769 1120 1821 πρῶτοι
1148 1763 1491 1819 παραβεβήκασιν

0 1835 40 1877 ι5
52 1835 222 1887 ἐκεῖνοι,
251 1834 453 1887 ου’δεμίαν
481 1828 625 1882 αὐτοῖς
655 1833 794 1876 αἰτίαν
821 1828 951 1885 εἶναι,
983 1834 1022 1875 εἰ
1047 1830 1246 1888 πρόνοιάν
1276 1846 1370 1872 τινα
1399 1844 1492 1870 ποι-

1499 362 1524 396 Β

50 1947 140 1982 pore
165 1937 371 1978 interiecto,
395 1937 478 1971 data
503 1937 622 1979 venia,
647 1938 788 1980 emisit,
803 1948 1003 1984 eorumque
1031 1946 1152 1983 opera,
1178 1939 1219 1969 ut
1248 1935 1404 1982 quisque
1427 1945 1507 1969 vo-.

50 1983 163 2025 lebat,
188 1983 233 2019 de
259 1984 398 2030 integro
423 1994 507 2017 usus
534 1989 599 2018 est.

145 2042 176 2075 7.
224 2031 332 2065 Porro
356 2031 592 2064 illustrissimi
615 2042 760 2077 genere,
785 2031 849 2077 qui
876 2036 990 2065 castra
1015 2029 1257 2064 Cantacuzeni
1279 2029 1391 2063 secuti
1411 2027 1490 2061 fue·

51 2081 147 2118 rant,
174 2087 256 2111 enm
281 2079 527 2119 conveniunt,
554 2089 665 2123 seque
679 2078 814 2111 iniuria
839 2077 935 2110 affici
959 2082 997 2110 et
1022 2076 1200 2110 violenter
1215 2075 1260 2108 ab
1276 2087 1318 2109 eo
1337 2075 1489 2114 haberi,

51 2129 325 2169 conqueruntur
340 2149 349 2165 ‚
373 2125 518 2170 quando
546 2125 757 2170 imperatori
783 2124 918 2159 iuniori
944 2130 981 2157 et
1005 2124 1109 2157 matri
1135 2122 1356 2166 imperatrici
1377 2123 1491 2155 servi-

50 2175 167 2204 tutem
185 2172 304 2205 iurare
333 2177 454 2216 cogat,
483 2172 546 2217 qui
571 2182 662 2218 pure
687 2173 899 2217 sincereque
926 2170 1014 2215 ipsis
1050 2169 1277 2203 reconciliari
1306 2180 1490 2214 nunquam

53 2222 214 2262 possent,
247 2218 311 2252 sed
339 2218 565 2252 occasionem
590 2223 789 2264 captarent,
815 2229 884 2263 qua
910 2228 972 2250 eos
999 2216 1207 2250 adorientes
1232 2216 1487 2249 interficerent.

50 2264 132 2298 Hoc
147 2274 230 2299 vero
253 2264 478 2308 sapientibus
494 2265 754 2311 propemodum
771 2264 926 2298 delirum
947 2264 1062 2298 videri
1079 2274 1196 2308 posse,
1221 2262 1266 2303 si,
1287 2275 1366 2295 cum
1389 2262 1487 2295 bello

51 2311 167 2344 multa
191 2311 372 2345 laboriosa
397 2317 435 2345 et
459 2323 583 2356 aspera
612 2312 815 2352 subierint,
851 2323 948 2345 nunc
973 2312 1010 2343 in
1035 2310 1184 2344 victoria
1217 2308 1382 2342 hostibus
1416 2321 1490 2343 scr-

50 2358 170 2398 viant,
194 2369 286 2403 quos
308 2363 456 2404 propter
481 2358 732 2392 iusiurandum
758 2369 826 2392 nec
845 2359 980 2392 intueri
1006 2356 1121 2390 libere
1148 2356 1327 2398 audeant3
1361 2357 1438 2402 qui,
1458 2357 1491 2390 si

51 2403 169 2441 iurata
194 2411 349 2446 servent,
374 2407 471 2450 ipsis‘
490 2406 725 2450 imperaturi,
748 2406 779 2438 si
804 2406 939 2450 periuri
966 2404 1063 2444 fiant,
1089 2414 1168 2436 cum
1196 2403 1368 2444 libuerit,
1390 2405 1491 2448 ipsos

51 2451 204 2485 occisuri
228 2452 312 2485 sint.
358 2452 449 2485 Nam
478 2462 579 2493 ecce,
615 2453 644 2485 si
670 2462 767 2486 nunc
791 2451 947 2487 insidiae
978 2451 1066 2496 ipsis
1099 2449 1358 2495 procederent,
1394 2450 1492 2484 nihil

50 2497 335 2576 prohibiturum,
361 2505 426 2532 aut
448 2498 564 2531 occidi
590 2499 717 2538 victos,
740 2504 803 2532 aut
827 2499 934 2543 armis
958 2500 1164 2532 resistentes
1193 2508 1332 2530 rursum
1358 2497 1491 2541 priori·

83 2555 122 2577 us
147 2545 325 2589 implicari
350 2546 517 2586 miseriis,
542 2551 664 2580 contra
688 2544 926 2590 homopliylos
952 2550 1151 2589 pugnantes
1177 2549 1213 2576 et
1239 2544 1406 2588 populari
1432 2555 1495 2578 se-

54 2589 208 2632 ditione,
236 2597 276 2627 ut
299 2598 406 2627 autea
424 2617 433 2632 ,
460 2593 674 2637 exagitatos,
697 2592 1038 2637 publicationesque
1069 2591 1245 2624 bonorum
1273 2596 1310 2624 ct
1332 2602 1489 2625 carceres

54 2641 93 2670 et
116 2637 188 2671 alia
212 2649 461 2684 quaecumque
487 2638 779 2673 antecedentium
806 2638 938 2673 similia
957 2638 1186 2672 sustinentes.
1235 2637 1388 2672 Proinde
1407 2649 1492 2670 ora-

55 2681 157 2723 bant,
183 2689 224 2719 ut
246 2686 458 2720 sacramenti
484 2685 595 2719 dandi
619 2686 796 2731 religione
823 2686 948 2726 soluti,
972 2685 1120 2719 sibimet
1144 2684 1357 2718 consulendi
1382 2690 1490 2729 pote-

57 2731 186 2765 statem
220 2733 433 2780 acciperent.
494 2732 586 2768 Nam
617 2737 654 2768 ct
686 2734 787 2782 prius
822 2732 868 2768 ab
903 2734 983 2779 ipso
1006 2731 1210 2778 compulsos
1235 2731 1429 2773 ini-arisae,
1455 2734 1492 2766 et
