1794 3158
310 138 428 206 484
723 178 725 182 1
819 156 1231 200 ANNOTATJONES

419 259 523 312 Pag.
537 256 632 308 445,
657 271 718 301 ια.
749 259 893 298 πεῖσαι
918 259 978 298 Μ.
1008 266 1141 306 recte.

424 314 525 367 Pag.
543 313 638 364 446,
659 328 699 367 7.
726 314 1009 368 προσορμίσῃς
1037 321 1144 353 recte
1169 314 1227 355 M.

425 367 526 421 Pag.
548 368 640 421 447,
672 382 732 421 ¹9·
774 382 926 423 equos
961 378 1009 408 et
1050 383 1222 408 canes.
1282 368 1560 408 Gratissimum
1591 367 1745 407 donum

312 425 537 463 venationis
575 423 844 475 perstudioso,
896 426 997 463 sicut
1037 425 1154 463 militi
1181 438 1313 476 arma,
1352 425 1496 478 cupido
1523 423 1750 463 litterarum

312 479 421 518 libri.
450 492 622 517 PONTAN.

424 532 527 585 Pag.
551 531 646 586 447,
671 547 738 573 20.
779 534 956 588 pelles
995 534 1355 588 pardalinas.
1414 533 1629 573 Heroicum
1670 532 1745 572 do-

312 602 437 628 num:
470 587 702 626 animalium
729 591 834 627 enim
863 603 1146 642 generosorum
1177 604 1222 628 ac
1251 588 1464 640 nobilium,
1481 596 1527 628 ut
1541 601 1746 638 ursorum,

315 643 559 695 pardorum,
605 641 768 682 leonum
788 674 799 695 ,
834 645 1025 697 tigridum
1054 644 1176 697 pelles
1206 659 1276 684 seu
1311 646 1470 683 exuvias
1497 650 1650 698 gestare
1675 657 1750 696 pro

313 698 462 737 indicio
494 699 654 737 virtutis
701 699 889 738 heroibus
931 702 972 738 in
1002 714 1112 738 more
1143 700 1231 738 fuit.
1289 699 1335 738 Id
1369 699 1550 752 pluribus
1579 698 1674 737 locis
1703 712 1749 736 ex

314 752 400 792 solo
436 750 607 791 Marone
643 755 932 806 cognoscimus.
988 755 1148 793 Acestes
1186 754 1255 797 lib.
1294 755 1335 795 5.
1376 756 1547 794 occurrit
1589 754 1750 793 Aeneae

312 806 502 846 bort-idus
523 810 566 847 in
594 810 732 847 iaculis
758 818 795 847 et
817 811 923 862 pelle
959 810 1172 860 Libystidis
1208 824 1333 848 ursae.
1395 810 1496 849 Ibid.
1527 807 1634 848 Salio
1665 810 1748 846 Ae·-

313 877 408 902 neas
439 863 563 902 donat
585 872 732 916 tergum
767 864 900 903 Getuli
920 866 1095 903 immane
1121 866 1243 904 leonis
1271 865 1382 903 villis
1402 878 1607 905 onerosum
1633 873 1751 918 atque

315 919 499 970 unguibus
529 920 672 959 aureis.
719 919 813 957 Lib.
850 934 889 973 7.
918 919 968 958 de
998 919 1223 959 Aventino:
1258 919 1350 974 Ipse
1363 921 1485 974 pedes
1506 929 1655 971 tegmen
1677 927 1751 957 tor-

314 988 431 1027 quens
467 975 636 1012 immane
672 975 793 1013 leonis
829 982 904 1013 etc.
961 974 1050 1014 Lib.
1079 974 1120 1014 8.
1148 975 1199 1013 de
1225 975 1442 1016 Euandro:
1485 974 1675 1015 Demissa
1701 972 1752 1011 ab

317 1029 435 1068 laeva
458 1030 685 1082 pantherae
714 1038 823 1081 terga
850 1038 1088 1083 retorquenS.
1119 1042 1294 1074 ΡοΝΤΑΝ.

423 1083 525 1136 Pag.
542 1082 639 1136 447,
659 1097 725 1121 21.
757 1084 800 1131 ἐξ
827 1098 907 1126 om.
942 1085 999 1124 Μ.

425 1138 527 1190 Pag.
548 1137 644 1189 448,
673 1151 704 1176 1.
732 1135 836 1187 μετὰ
867 1138 913 1177 δὲ
941 1138 1061 1179 τοῦτο
1092 1140 1154 1180 Μ.
1184 1163 1188 1165 -

427 1193 531 1245 Pag.
550 1191 649 1243 448,
669 1207 706 1246 9.
737 1189 864 1239 αὐτὸς
892 1195 951 1236 Μ.
978 1202 1097 1235 recte.

427 1247 531 1300 Pag.
550 1247 645 1298 448,
674 1247 734 1287 ¹6.
761 1262 870 1287 cum
897 1258 1075 1305 terque
1101 1259 1403 1307 quaterque.
1450 1251 1559 1290 Haec
1585 1265 1631 1290 ex
1652 1250 1775 1299 Gre-¹

319 1317 417 1356 gora
462 1303 728 1345 illustrantur.
777 1304 908 1342 Semel
940 1314 1055 1359 atque
1089 1308 1227 1345 iterum
1275 1318 1313 1347 et
1351 1309 1462 1347 terlio
1491 1321 1612 1346 causa
1649 1305 1760 1361 apud

318 1371 450 1397 omnes
475 1357 624 1397 iudices
650 1358 757 1396 dicta
771 1388 782 1405 ‚
819 1360 946 1412 plane
973 1374 1058 1398 reus
1091 1364 1241 1415 peragi
1282 1378 1360 1402 non
1382 1364 1511 1417 potuit
1526 1391 1538 1412 ,
1576 1362 1675 1400 adeo
1714 1370 1760 1400 uc

318 1415 403 1452 iam
423 1428 449 1452 a
459 1414 661 1468 plerisque
685 1414 876 1452 iudicibus
898 1415 1180 1455 absolveretur.
1223 1417 1310 1456 Lite
1331 1427 1462 1456 autem
1494 1417 1622 1456 adhuc
1654 1431 1755 1471 pen-

318 1469 444 1517 dente,
476 1468 598 1507 vades
619 1469 669 1507 ab
696 1482 741 1507 eo
782 1470 1000 1523 imperator
1011 1472 1137 1524 petiit,
1159 1486 1206 1510 ne
1227 1473 1330 1510 clam
1353 1471 1600 1527 profugeret,
1619 1473 1759 1526 prius-

317 1538 436 1579 quam
472 1538 603 1562 omnes
630 1523 775 1562 iudices
805 1525 854 1562 de
890 1540 933 1563 eo
966 1525 1160 1578 siff-agia
1195 1528 1376 1567 tulissent.
1436 1528 1546 1581 Quae
1581 1541 1642 1564 res
1676 1528 1758 1565 eius

321 1581 499 1617 animum
528 1579 648 1617 valde
671 1580 847 1617 turbavit
871 1589 908 1618 ec
932 1582 974 1619 in
1000 1583 1167 1619 carceris
1188 1591 1327 1620 metum
1350 1583 1511 1621 coniecit
1529 1599 1540 1620 .·
1565 1582 1758 1633 gravissi-
1793 1604 1794 1611 κ

321 1649 388 1673 ma
417 1635 489 1671 illa
516 1643 553 1672 et
573 1635 854 1684 intolerabilia,
879 1650 979 1690 quae
1001 1638 1114 1690 prius
1139 1651 1342 1691 perpessus
1363 1646 1461 1686 erat,
1474 1638 1755 1684 recordantem,

318 1702 486 1744 quorum
512 1690 676 1741 vestigia
700 1692 869 1728 recentia
888 1692 1015 1729 adbuc
1048 1701 1086 1730 et
1111 1693 1313 1730 evidentia
1334 1693 1376 1730 in
1399 1693 1534 1731 animo
1558 1693 1760 1744 circumje-
1793 1689 1794 1693 ¹

321 1744 444 1782 rebat.
501 1744 598 1782 Cum
624 1754 750 1783 autem
779 1745 901 1784 vades
928 1748 1054 1784 minus
1080 1748 1235 1786 alacres
1254 1747 1419 1797 videret,
1440 1749 1626 1798 graviore
1655 1754 1760 1785 metu

323 1800 543 1851 urgebatur.
594 1800 701 1853 Quas
734 1801 781 1838 ob
811 1815 874 1839 res
884 1802 994 1853 suga
1021 1803 1122 1840 clam
1153 1811 1312 1856 arrepta
1328 1832 1338 1850 ‚
1375 1817 1460 1841 cum
1488 1803 1617 1840 statim
1645 1802 1757 1840 solli-

321 1855 394 1893 cite
424 1863 691 1908 quaereretur,
717 1870 907 1911 nusquam
930 1865 986 1894 est
1015 1857 1193 1896 inventus
1218 1865 1296 1896 etc.
1326 1871 1499 1897 PONTAN·
1751 1858 1758 1863 ’

433 1910 536 1961 Pag.
553 1909 649 1961 450,
668 1925 708 1963 9.
737 1913 858 1949 orci
880 1911 977 1962 gal
987 1925 1110 1950 eam.
1165 1913 1263 1951 Orci
1293 1912 1404 1966 galea
1434 1910 1689 1965 proverbium
1717 1911 1761 1950 in

323 1978 416 2013 eos,
458 1968 528 2017 qui
572 1978 614 2003 se
640 1972 726 2003 arte
751 1965 925 2019 quadam
965 1966 1180 2009 occultant.
1237 1967 1374 2006 Simile
1412 1969 1535 2021 Gygis
1572 1965 1760 2006 annulus.

323 2019 443 2076 :Plato
471 2019 541 2062 lib.
579 2034 638 2062 10.
667 2020 716 2059 de
743 2020 947 2074 republica
978 2021 1077 2060 dixit
1096 2052 1107 2070 ,
1145 2037 1301 2074 semper
1336 2023 1500 2061 honesta
1531 2030 1692 2075 propter
1721 2034 1770 2060 se⁴

325 2076 438 2128 sequi
465 2074 666 2129 oportere,
694 2077 848 2116 etiamsi
880 2078 969 2129 quis
996 2077 1119 2131 Gygis
1153 2077 1346 2116 annulum
1375 2077 1439 2116 vel
1469 2077 1654 2116 Plutonis
1688 2075 1762 2115 ha-

324 2129 439 2172 beret
480 2129 649 2184 galeam.
708 2131 903 2185 Origenes
930 2131 998 2171 lib.
1040 2146 1072 2171 1.
1100 2132 1286 2172 adversus
1322 2132 1481 2171 Celsum
1517 2132 1764 2172 haereticum

326 2184 443 2224 docet
464 2215 475 2235 ‚
513 2187 638 2238 magis
675 2188 935 2237 convenisse,
983 2194 1027 2225 ut
1055 2187 1238 2228 Christus
1268 2189 1309 2226 in
1340 2186 1567 2241 Aegyptum
1611 2187 1766 2240 fugiens

327 2240 567 2281 subduceret
607 2254 690 2280 sese
744 2243 915 2281 Herodis
960 2242 1136 2282 insaniae
1157 2272 1170 2294 ,
1219 2257 1340 2295 quam
1378 2244 1409 2281 si
1455 2242 1530 2280 sub
1578 2241 1765 2281 Plutonis

328 2295 481 2334 casside
513 2293 690 2347 latitans,
717 2298 901 2336 eumdem
928 2297 1142 2337 fefellisset.
1197 2298 1299 2336 Vide
1327 2297 1559 2337 Chiliasten.
1590 2310 1763 2337 rol-«rm.

441 2349 548 2402 Pag.
566 2350 661 2400 450,
688 2350 752 2390 15.
782 2346 838 2391 eo
862 2354 1086 2408 primum
1109 2362 1266 2408 porta
1279 2362 1367 2393 tus.
1412 2353 1636 2405 Gregoras:
1666 2353 1764 2391 Post

329 2419 476 2445 annum
506 2413 634 2442 autem
671 2409 864 2461 supplices
901 2408 1050 2447 litteras
1091 2423 1147 2447 ex
1180 2408 1362 2447 Euboeae
1396 2407 1453 2446 ad
1489 2410 1765 2452 imperatorem
1783 2416 1791 2419 ”

331 2462 462 2508 misit,
501 2459 636 2514 quibus
662 2464 821 2502 veniam
853 2463 1015 2517 petebat
1057 2472 1096 2502 et
1126 2464 1251 2504 locum
1281 2463 1455 2518 aliquem
1491 2464 1534 2501 in
1573 2462 1791 2507 extremis

330 2515 594 2555 Macedoniae
605 2514 760 2569 finibus
776 2545 788 2567 ,
826 2517 871 2555 in
911 2532 984 2572 quo
1021 2532 1110 2556 cum
1146 2533 1269 2557 uxore
1297 2526 1335 2556 et
1371 2518 1502 2556 liberis
1533 2517 1760 2555 consideret.
1790 2526 1791 2530 ’

330 2570 439 2609 Ναηι
466 2584 553 2609 cum
573 2571 793 2610 aulicorum
815 2572 1009 2620 invidiae,
1041 2582 1083 2611 ut
1101 2573 1289 2621 diximus,
1316 2573 1509 2612 obnoxius
1535 2580 1640 2620 esset,
1665 2583 1764 2625 pora
1788 2580 1793 2602 's

333 2626 398 2664 cul
424 2625 475 2663 ab
510 2625 592 2663 illis
621 2640 700 2666 esse
727 2627 868 2677 voluit,
890 2641 938 2665 ne
961 2642 1040 2682 per
1063 2628 1227 2667 insidias
1249 2628 1302 2667 ab
1322 2629 1377 2666 eis
1402 2626 1652 2668 occideretur.
1673 2625 1764 2665 Ad·
1790 2641 1794 2676 g

332 2680 450 2718 debat
477 2689 515 2719 et
539 2681 826 2732 iusiurandum,
848 2696 931 2737 quov
947 2697 986 2720 se
1006 2684 1244 2736 imperatori
1273 2691 1460 2736 perpetuo
1482 2682 1651 2736 fidelem
1662 2681 1765 2732 som
1785 2678 1794 2722 ⁴ss

331 2735 556 2775 testabatur.
600 2735 683 2777 Sed
709 2752 798 2777 cum
822 2737 928 2779 nibil
961 2737 1225 2792 impetrasset,
1258 2738 1419 2778 Euboea
1451 2735 1647 2790 digressus
1659 2764 1672 2787 ‚
1705 2734 1770 2777 ad
