1800 3164
315 157 417 224 140
855 180 1224 223 CANTACUZENJ

99 279 138 314 A.
154 281 189 314 C.
207 282 293 317 1350
306 280 380 320 καί
399 278 472 328 τὰς
496 279 678 330 σπονδὰς
707 282 1001 334 ἀνανεοῦσθαι,
1030 282 1202 337 ἔχοντας
1223 283 1253 326 ἅ
1280 283 1430 338 ,ἔχομεν
1454 283 1659 342 ἑκάτερον.
1702 289 1742 329 εἰ

230 351 232 353 ’
306 345 353 384 δέ
380 360 426 386 σε
453 349 583 387 λυπεῖ
602 346 645 387 τό
682 348 755 387 καί
774 345 906 389 αὐτὸν
933 351 978 389 έκ
1005 353 1077 403 τῆς
1102 349 1317 403 Ῥωμαίων
1348 349 1565 406 ἡγεμονίας
1589 353 1740 407 μοῖράν

303 426 397 452 τινα
418 413 709 468 παρῃρημένον
737 410 850 465 ἔχειν
865 445 875 463 ,
928 414 1019 456 ἀλλ’
1043 416 1172 457 έκεῖνο
1197 417 1348 459 ἐννοεῖν
1373 417 1456 472 χρὴ
1477 450 1489 471 ,
1532 417 1589 467 ὥς
1613 415 1742 468 αὐτὸς

262 474 412 529 Εέχεις
445 478 754 519 πολλαπλάσιον
782 477 924 533 λαβών
952 482 1000 522 ἐκ
1033 484 1107 536 τῆς
1126 481 1254 537 αὐτῆς
1280 480 1407 540 ἑτέρῳ
1437 483 1735 540 προσηκούσης.

301 538 363 591 οἷς
389 544 595 598 προσῆκον
625 539 792 601 οἷγαπᾷν
818 543 1022 602 ἑκάτερον,
1044 547 1116 589 καί
1142 548 1326 597 σπονδάς
1355 548 1732 605 θεμένουςείρήνην
1753 550 1780 591 5

301 603 430 662 ἄγειν.
490 609 530 650 εἰ
558 610 603 651 δὲ
628 607 686 665 μὴ
716 613 850 653 ταῦτα
880 615 983 667 φίλα
1013 630 1078 656 σοι
1109 615 1231 668 δοκεῖ,
1261 612 1339 670 ὅρα
1367 613 1424 669 μή
1453 631 1516 657 σοι
1546 614 1650 671 πρὸς
1680 619 1738 674 τῷ
1768 607 1771 609 ‚

141 680 184 715 V.
217 679 287 717 626
298 676 430 728 μηδὲν
453 676 578 716 πλέον
599 675 795 730 ἦνυκέναι
814 680 886 720 καί
903 679 1132 735 οἷπληστιάς
1156 683 1228 722 καί
1248 682 1502 736 ἀχαριστίας
1525 681 1629 737 πρὸς
1639 681 1738 732 τούς

297 738 448 795 φίλους
470 741 544 781 καί
568 739 666 791 τοὺς
686 736 737 782 εὖ
763 742 1038 800 πεποιηκότας
1065 745 1246 800 {firm-rma
1267 749 1529 800 προσέσται.”
1559 750 1738 789 τοιαῦτα

292 806 370 858 μὲν
390 804 411 846 ὅ
429 804 602 862 Κράλης
633 809 847 865 διειλέχθη
873 811 977 868 πρὸς
999 814 1190 865 βασιλέα,
1214 814 1378 855 πολλῶν
1405 811 1635 868 παρόντων.
1660 817 1737 867 βα-

292 870 436 920 σιλεύς
465 873 511 913 δὲ
540 873 726 928 ἐπισχών
747 876 909 931 μικρὸν,
939 877 1138 933 τοιαύτην
1163 877 1265 934 πρὸς
1307 881 1485 934 Κράλην
1513 877 1735 934 ἐποιήσατο
1754 894 1800 924 10.

298 936 543 991 ἀπολογίαν·
585 937 751 994 „audiv
793 940 928 991 οὕτως
965 941 1105 996 οἴομαι
1142 946 1424 996 λυμαίνεσθαι
1463 947 1520 1001 τῷ
1549 946 1626 1003 βίῳ
1655 946 1737 986 τῶν

298 997 536 1057 ἀνθρώπων
565 1006 769 1062 έξαρχῆς,
818 1009 918 1050 ου’δὲ
953 1012 1114 1062 μᾶλλον
1139 1009 1273 1052 αἴτιον
1301 1012 1383 1052 τῶν
1418 1011 1611 1065 μεγάλων
1642 1011 1735 1053 δια-

252 1071 440 1125 Βφορῶν
470 1072 544 1113 καί
578 1074 661 1115 τῶν
689 1076 880 1126 πολέμων
911 1078 1158 1130 γεγενῆσθαι
1179 1108 1190 1130 ,
1231 1073 1257 1132 ἢ
1284 1075 1327 1118 τὸ
1354 1075 1413 1131 μὴ
1444 1077 1613 1125 δικαίως
1638 1078 1736 1119 ἕκα-

293 1149 390 1176 στον
416 1133 554 1195 ἑαυτῷ
580 1153 625 1179 τε
657 1137 731 1180 καί
754 1145 837 1190 τοῖς
865 1135 1007 1191 ἄλλοις
1038 1143 1224 1200 διαιτᾷν,
1255 1144 1348 1184 ἀλλ’
1382 1140 1519 1201 ἑαυτῷ
1555 1143 1636 1196 μὲν
1665 1143 1737 1184 καί

289 1198 343 1242 τά
372 1201 617 1245 ἀτοπώτατα
649 1205 847 1256 πολλάκις
874 1214 1128 1263 συγχωρεῖν,
1158 1207 1259 1258 τούς
1286 1209 1325 1250 δ’
1353 1203 1501 1257 ἄλλους
1529 1210 1601 1250 καί
1626 1206 1730 1265 ὑπὲρ
1749 1208 1800 1251 {5

289 1267 375 1308 τῶν
401 1269 634 1322 ἐλαχίστων
655 1273 855 1325 μεγίστας
883 1275 1075 1315 α’παιτεῑν
1104 1274 1300 1323 εὐθύνας.
1355 1273 1429 1316 καὶ
1454 1273 1578 1316 τοῦτό
1604 1277 1732 1327 ἐστιν,
1798 1267 1800 1270 ¹

290 1328 315 1371 ὃ
346 1335 499 1388 πολλῆς
541 1332 775 1392 ἐμπέπληκε
803 1337 877 1381 τὸν
907 1339 999 1392 βίον
1030 1342 1246 1396 ταραχῆς,
1283 1339 1357 1382 καί
1393 1336 1442 1382 οὗ
1483 1339 1628 1383 πόλεσι
1654 1339 1734 1394 μό-

287 1412 358 1439 νον
398 1399 473 1441 καί
506 1401 656 1450 οἰκίαις
691 1402 877 1458 μεγάλας
919 1404 1190 1461 ἐνειργάσατο
1228 1405 1481 1463 συμφορὰς,
1522 1403 1630 1448 ιῖλλοὶ
1661 1409 1735 1448 καί

286 1460 389 1513 ὅλας
420 1467 663 1521 διέφθειρεν
693 1469 936 1523 ἡγεμονίας,
980 1468 1006 1525 ἢ
1035 1470 1189 1520 αὐτούς
1226 1489 1342 1520 τινας
1387 1471 1457 1513 ὑπ’
1502 1472 1731 1526 ἀπληστίας

283 1527 449 1585 ἐτέρους
473 1532 805 1588 διαφθείραντας
833 1537 1023 1587 πολέμων
1052 1531 1259 1589 ἄρχοντας
1287 1537 1453 1588 ἀδίκων,
1478 1533 1506 1591 ἢ
1534 1535 1615 1578 ὑπὸ
1648 1539 1730 1578 τῶν
1747 1555 1800 1580 zo

283 1597 575 1649 ἀδικουμένων
605 1599 943 1654 διαφθαρέντας,
975 1603 1144 1650 δικαίως
1172 1602 1246 1642 καί
1273 1604 1409 1651 καλῶς
1439 1604 1727 1655 ἀμυνομένων.
1792 1599 1794 1601 ’

285 1658 386 1718 ὅπερ
415 1663 557 1717 οἴομαι
574 1667 646 1706 καί
661 1665 730 1707 ool
746 1669 1053 1721 συμβεβηκέναι
1070 1669 1153 1711 νῦν.
1176 1668 1216 1709 εἰ
1231 1666 1309 1723 γὰρ
1326 1669 1494 1717 δικαίως
1510 1670 1583 1712 καί
1594 1663 1729 1718 καλῶς

284 1803 380 1846 volo,
408 1803 559 1849 perinde
583 1807 623 1837 ut
649 1802 826 1845 antehac,
878 1808 915 1838 et
941 1804 1088 1846 hortor,
1125 1809 1188 1846 ut,
1214 1805 1365 1840 abiectis
1395 1807 1473 1840 istis
1497 1808 1729 1850 cogitationi-

284 1850 353 1884 bus
378 1850 592 1891 humilibus,
617 1853 775 1895 priorem
798 1852 990 1884 amicitiam
1021 1859 1057 1886 ct
1081 1853 1208 1885 foedus
1233 1864 1369 1886 mecum
1386 1865 1546 1895 renoves,
1575 1861 1728 1888 etuler-

285 1908 357 1943 que
383 1909 478 1942 quae
504 1897 617 1931 habet
640 1899 805 1932 retineat.
857 1898 998 1944 Quodsi
1023 1910 1127 1943 aegre
1153 1901 1223 1933 tibi
1250 1908 1327 1940 est,
1374 1911 1430 1933 me
1468 1909 1613 1948 quoque
1642 1905 1733 1946 por-¹

283 1947 422 1978 tionem
450 1945 610 1990 aliquam
635 1945 681 1978 de
705 1945 865 1979 Romano
890 1947 1041 1990 imperio
1068 1947 1224 1980 ablatam
1250 1948 1462 1991 possidere:
1488 1953 1526 1980 at
1549 1949 1643 1982 illud
1667 1959 1727 1980 co·

283 1992 374 2035 gites
399 1992 520 2033 velim,
548 1996 584 2024 te
610 1991 725 2024 multo
756 1993 968 2037 ampliorem
997 1993 1142 2034 habere,
1169 1994 1365 2036 detractam
1392 2005 1435 2028 cx
1460 2005 1527 2040 ea,
1553 2006 1646 2041 quae
1673 1995 1726 2028 al-

284 2040 398 2071 terius
426 2044 504 2072 erat
530 2039 693 2083 propria:
721 2039 853 2085 quihus
880 2045 1074 2085 utrumque
1101 2046 1310 2073 contentum
1337 2052 1414 2074 esse
1449 2046 1495 2081 et,
1525 2041 1620 2075 facto
1645 2041 1726 2074 foe—

284 2084 383 2124 dere,
408 2096 532 2130 pacem
557 2087 692 2129 agitare
718 2097 781 2130 par
806 2092 869 2121 est.
895 2087 958 2120 Sin
986 2087 1056 2120 ista
1085 2087 1247 2121 conditio
1273 2092 1309 2119 tc
1335 2100 1408 2121 non
1437 2087 1606 2129 delectat,
1631 2087 1733 2128 vide,

283 2143 344 2171 ne,
370 2136 622 2177 praeterquam
650 2132 747 2177 quod
776 2133 871 2166 nihil
895 2134 1058 2178 proficis,
1088 2135 1198 2167 etiam
1232 2134 1468 2179 inexplebilis
1495 2134 1668 2168 avaritiae
1690 2139 1727 2167 et

284 2177 415 2223 ingrati
442 2179 556 2211 animi
581 2189 661 2223 erga
691 2179 826 2213 amicos
864 2190 904 2212 ac
936 2181 1030 2213 bene
1057 2181 1202 2222 meritos
1227 2180 1361 2214 crimen
1387 2183 1580 2218 incurras.”
1629 2182 1726 2214 Haec

253 2224 263 2226 ”
286 2223 408 2257 Crales
434 2224 480 2256 ad
511 2226 780 2268 imperatorem,
811 2227 934 2259 multis
968 2227 1226 2270 praesentibus.
1277 2229 1476 2272 Imperator
1501 2228 1732 2273 aliquamdiu

287 2272 423 2310 silens,
460 2271 499 2304 in
521 2270 613 2303 haec
635 2272 743 2304 verba
769 2283 978 2317 responsum
1012 2273 1191 2308 reddidit:
1239 2273 1367 2315 „Nihil
1395 2285 1509 2320 aeque
1537 2274 1728 2309 hominum

287 2318 385 2352 vitae
414 2318 486 2350 iam
513 2317 601 2351 inde
627 2318 672 2351 ab
699 2318 807 2352 initio
832 2320 957 2352 obesse
983 2321 1125 2364 opinor,
1150 2332 1268 2367 neque
1293 2321 1394 2354 aliud
1418 2333 1544 2365 magua
1573 2321 1731 2356 dissidia.

290 2369 328 2396 et
361 2363 458 2397 bella
488 2365 607 2409 gravia
638 2366 847 2409 peperisse,
882 2377 987 2411 quam
1025 2367 1123 2412 quod
1163 2370 1411 2413 unusquisque
1446 2368 1516 2401 sibi
1562 2373 1598 2401 et
1639 2368 1724 2402 aliis

287 2411 387 2445 haud
413 2413 528 2444 iustus
553 2416 609 2444 est
633 2411 788 2452 arbiter,
825 2412 889 2445 sed
928 2412 998 2445 sibi
1037 2413 1183 2458 quidem
1208 2416 1262 2447 vel
1290 2415 1494 2459 turpissima
1515 2414 1728 2460 frequenter.

288 2458 444 2503 ignoscit
461 2483 470 2497 ,
496 2458 540 2491 ab
567 2459 647 2491 aliis
675 2464 794 2491 autem
820 2459 928 2492 etiam
955 2471 1018 2504 pro
1047 2461 1299 2495 minutissimis
1329 2462 1470 2495 delictis
1496 2472 1629 2505 poenas
1654 2471 1726 2506 po-

288 2506 358 2539 scit
379 2505 636 2538 acerbissimas.
685 2508 804 2549 Atque
831 2505 901 2538 hoc
926 2512 1000 2545 est,
1036 2507 1135 2551 quod
1169 2510 1278 2541 vitam
1316 2508 1509 2542 humanam
1536 2513 1726 2552 tantopere

287 2551 515 2597 perturbavit
537 2557 646 2596 atque
674 2552 900 2596 permiscuit,
926 2562 993 2585 nec
1017 2554 1168 2586 urbibus
1197 2560 1335 2588 tantum
1351 2566 1390 2588 ac
1413 2555 1581 2588 domibus
1596 2555 1726 2600 ingen-

287 2598 340 2632 tia
357 2597 580 2632 incommoda
607 2599 745 2638 intulit,
764 2598 827 2631 sed
847 2604 883 2632 et
903 2605 977 2632 tota
1012 2601 1160 2643 imperia
1178 2602 1435 2644 pessumdedit,
1456 2612 1533 2634 cum
1554 2607 1618 2635 aut
1640 2602 1725 2646 qui-

290 2645 372 2679 dam
394 2645 624 2678 insaturabili
647 2644 845 2689 cupiditate
861 2646 960 2679 bello
980 2657 1043 2690 per
1062 2647 1161 2679 nefas
1177 2649 1276 2681 illato
1291 2649 1381 2681 alios
1403 2653 1580 2689 evertunt,
1595 2654 1658 2682 aut
1676 2647 1724 2680 ab

289 2692 383 2732 aliis,
400 2692 533 2736 quibus
553 2692 673 2736 iniqui
696 2692 851 2734 fueraut,
874 2694 968 2725 iuste
987 2703 1027 2724 ae
1048 2691 1199 2727 honeste
1223 2705 1259 2727 se
1279 2694 1536 2728 ulciscentibus
1556 2701 1722 2729 evertun-

290 2744 370 2774 tur:
395 2739 493 2785 quod
508 2743 544 2774 et
565 2738 635 2772 tibi
651 2738 758 2773 modo
774 2739 965 2785 contigisse
985 2739 1150 2779 arbitror.
1176 2741 1214 2776 Si
1234 2743 1330 2776 enim
1361 2753 1518 2788 aequum
1537 2741 1724 2776 othonum
