1800 3164
322 181 389 232 32
849 189 1222 231 CANTACUzENi

116 305 306 350 A,C.1348
320 299 451 348 κωβον
464 294 728 336 καίΠινέλον
744 291 942 347 Ἀνταριὸ,
961 286 1085 340 ὄντας
1100 293 1145 332 ἐκ
1165 293 1246 332 τῶν
1259 295 1356 344 παρ’
1377 294 1518 342 αὐτοῖς
1535 294 1764 348 ἐπιφανῶν,

182 368 223 401 V.
237 372 304 403 600
319 361 422 415 πρὸς
442 362 618 415 βασιλέα
644 362 838 415 πρέσβεις
861 357 1056 410 ἔπεμψαν
1073 360 1420 412 ἰσχυρισομένους
1446 359 1546 414 περὶ
1569 361 1653 400 τῶν
1684 359 1766 400 an}-

187 432 221 464 P-
239 431 306 476 749
320 429 415 469 τῶν.
441 431 613 480 βασιλεῖ’
634 427 681 467 δὲ
709 422 841 466 ἐδόκει
872 422 898 478 ἦ
928 424 1130 478 ἀπολογία
1157 424 1231 464 ov’x
1251 424 1453 479 ἀρκοῦσα,
1483 423 1590 466 α’λλα
1610 427 1766 479 προθε-

320 496 447 547 σμίαν
463 491 554 535 τινα
573 490 719 544 ἐζήτει,
740 492 838 532 καθ’
858 486 905 544 ἢν
924 486 1195 532 ἀποδώσουσι
1212 489 1289 544 την
1309 492 1445 546 νῆσον,
1459 487 1488 546 ἢ
1502 489 1560 546 μή
1579 491 1763 544 ἐγκαλεῖν

320 558 548 613 ἐπιορκίαν,
577 552 627 597 ἂν
655 555 782 604 αὐτὸς
811 555 1016 611 α’φέληται
1040 557 1247 610 δυνηθείς.
1305 555 1378 598 καί
1405 558 1650 611 συνέβησαν,
1680 553 1800 599 (ὅσ-5

318 642 361 668 τε
391 623 599 672 Λατίνους
630 624 708 675 μὲν
740 620 816 676 τὴν
844 621 951 663 κατὰ
981 621 1059 676 την
1087 625 1211 677 νῆσον
1240 623 1373 676 πόλιν,
1403 623 1512 664 Χίον
1538 625 1611 664 καί
1637 621 1764 678 αὐτὴν

316 690 759 745 προσαγορευομένην,
807 690 879 730 ἐπί
907 690 1005 730 δέκα
1034 687 1142 730 ἔτεσι
1174 690 1360 742 κατέχειν
1394 687 1468 729 καί
1496 690 1765 742 καρποῦσθαι

316 755 394 805 τὰς
421 753 670 810 προσόδους,
700 757 959 809 παρέχοντας
987 755 1198 796 ἐνιαύσιον
1237 755 1293 810 τῷ
1333 757 1504 806 βασιλεῖ’
1534 755 1765 808 δισχιλίους

315 825 390 863 καί
416 822 596 877 μυρίους
622 823 820 876 χρυσοῦς.
877 822 1052 874 ἐγείρειν
1081 821 1127 860 δὲ
1157 819 1229 860 καί
1256 821 1439 873 σημαίαν
1461 818 1680 874 βασιλικὴν
1699 821 1763 861 ἐν-

314 886 384 935 τὸς
414 888 486 941 τῆς
523 886 682 936 πόλεως
715 885 821 927 κατὰ
850 884 894 927 τὸ
931 884 1039 937 ἔθος,
1069 887 1142 926 καί
1177 881 1377 940 ἀρχιερέα
1407 881 1514 926 εἶναι
1541 886 1587 926 ἐκ
1615 885 1690 939 τῆς
1717 886 1793 927 &vn

312 955 534 1010 ,Βυζαντίῳ
566 953 784 1007 ἐκκλησίας
810 942 1211 1006 κεχειροτονημένον,
1241 952 1312 991 καί
1338 945 1543 1006 εὐφημεῖν
1567 949 1666 999 τούς
1683 953 1765 1004 βα-

312 1020 455 1066 σιλέας
472 1016 579 1059 κατὰ
600 1016 651 1058 τὰ
680 1015 887 1074 σάββατα,
919 1016 976 1065 ὦς
1003 1016 1120 1064 ἔθος·
1161 1016 1308 1069 μνείαν
1338 1031 1381 1057 τε
1410 1016 1549 1058 αὐτῶν
1577 1014 1676 1065 τους
1702 1015 1763 1057 ἱε-

315 1088 415 1138 ρέας
457 1085 501 1125 ἐν
538 1089 631 1132 ταῖς
673 1082 988 1137 ἱεροτελεστάιις
1019 1086 1235 1123 ποιεῖσθαι
1269 1082 1343 1123 καί
1367 1082 1498 1136 μηδὲν
1524 1079 1764 1124 κωλύεσθαι

278 1154 417 1206 Βπαρ’
459 1150 641 1198 ου’δενός.
709 1147 785 1204 τὴν
820 1150 865 1190 δὲ
895 1143 1022 1203 ἄλλην
1050 1151 1173 1203 νῆσον
1205 1144 1372 1189 ἅπασαν
1396 1149 1469 1189 καί
1494 1146 1545 1190 τοὶ
1576 1146 1764 1204 φρούρια

311 1215 386 1259 καὶ
415 1215 557 1268 κώμας
597 1213 678 1256 ὑπὸ
717 1216 922 1267 βασιλέως
962 1213 1136 1267 ἔχεσθαι
1170 1215 1243 1253 καί
1282 1209 1466 1267 ἄρχοντα
1506 1213 1672 1266 αὐτοῖς,
1715 1209 1795 1254 ὃνῐ

313 1280 365 1325 ἂν
393 1284 534 1338 ἐθέλῃ,
563 1282 759 1337 ἐφιστᾷν·
813 1278 887 1321 τὸν
919 1281 965 1321 δὲ
1003 1278 1076 1320 καί
1105 1281 1186 1320 τῶν
1212 1277 1330 1327 ἐντὸς
1361 1281 1473 1320 Χίου
1502 1280 1573 1333 τῆς
1601 1275 1761 1326 πόλεως

304 1347 526 1400 Ῥωμαίων
567 1343 732 1401 ἄρχειν.
791 1342 868 1387 κᾶν
911 1347 989 1398 μὲν
1023 1343 1217 1400 Ῥωμαίῳ
1263 1342 1369 1398 πρὸς
1401 1345 1608 1396 Ῥωμαῖον
1654 1344 1761 1398 ὑπὲρ

311 1415 433 1456 ἰδίων
462 1411 733 1467 ἀδικημάτων
762 1411 1077 1467 ἀμφισβήτησις
1105 1406 1158 1467 ᾗ,
1197 1409 1312 1466 παρὰ
1344 1409 1417 1451 τὸν
1438 1410 1657 1464 Ῥωμαίων
1684 1404 1763 1464 ἆρ-

310 1497 440 1534 χοντα
473 1479 746 1529 δικάζεσθαι·
803 1474 854 1519 ἂν
884 1479 930 1518 δὲ
958 1478 1132 1534 Λατίνῳ
1162 1476 1263 1532 πρὸς
1286 1475 1521 1529 Ῥωμαῖον,
1559 1473 1587 1530 ἢ
1613 1476 1662 1516 τὸ
1689 1473 1766 1528 ἐμ-

311 1549 463 1597 παλιν,
493 1543 594 1595 τοὺς
624 1543 699 1585 δύο
728 1539 936 1599 ἄρχοντας
964 1544 1321 1597 συνερχομένους,
1359 1542 1543 1583 διαλύειν
1575 1539 1651 1596 τὴν
1683 1541 1798 1593 ‹ipe-2

313 1612 535 1668 φιβολιάν,
582 1608 764 1667 ἑκατέρῳ
804 1609 851 1650 τὸ
899 1608 1061 1651 δίκαιον
1099 1605 1440 1664 περισώζοντας,
1485 1605 1668 1665 ὁποτέρῳ
1708 1604 1762 1651 ἰἲν

314 1679 459 1732 προσῇ.
499 1674 604 1728 μετα
629 1677 674 1716 δὲ
694 1675 745 1717 τοὶ
767 1677 866 1716 δέκα
885 1673 974 1729 ἔτη,
1007 1676 1050 1724 ἐξ
1078 1671 1176 1715 ὅτου
1193 1671 1393 1728 βασιλεὺς
1422 1673 1445 1714 ὅ
1463 1675 1763 1729 Καντακουζη-

315 1741 382 1790 νὸς
410 1740 613 1796 ἐκράτησε
654 1743 890 1791 Βυζαντίου
930 1739 1248 1796 ἀριθμούμενα,
1291 1738 1555 1782 παντάπασιν
1581 1739 1765 1796 ἀφίστα-

277 1811 421 1849 Οσθαι
449 1809 561 1848 Χίου
591 1805 690 1855 τούς
718 1806 948 1855 Λατίνους.
1001 1808 1175 1848 τοιαῦτα
1200 1809 1278 1860 μὲν
1307 1805 1346 1848 οἱ
1372 1807 1417 1848 ἐκ
1433 1809 1476 1849 Γ
1473 1803 1644 1855 εννούας
1664 1808 1764 1862 πρέ-

415 1902 464 1935 15.
493 1887 681 1946 ἄρχοντας
706 1901 744 1934 P.

316 1981 561 2014 restituturos.
611 1980 710 2012 Haec
739 1978 1025 2023 responderunt,
1050 1983 1087 2010 et
1116 1977 1223 2010 simul
1258 1977 1430 2011 Iacobum
1464 1977 1691 2012 Herminium
1728 1984 1765 2013 et

315 2028 490 2060 Antarum
516 2025 695 2059 Pinellum
723 2025 767 2059 de
790 2026 982 2059 nobilitate
1015 2024 1100 2057 fidei
1133 2025 1322 2058 faciendae
1362 2026 1550 2063 miserunt,
1599 2027 1761 2070 Impera-

315 2074 388 2106 tori
421 2084 631 2117 responsum
661 2083 735 2112 non
769 2073 927 2116 placuit,
963 2071 1153 2116 voluitque
1193 2071 1289 2104 diem
1325 2072 1518 2116 praestitui
1554 2072 1761 2107 reddendae

317 2120 476 2151 insulae:
514 2125 577 2151 aut
600 2131 637 2152 se
663 2119 816 2163 periurii
844 2129 889 2151 ne
915 2121 1145 2158 accusarent,
1179 2118 1208 2150 si
1234 2129 1310 2150 eam
1334 2123 1549 2163 extorquere
1573 2120 1761 2164 potuisset.

317 2167 363 2198 Et
389 2171 604 2199 conventum
633 2171 688 2198 est
712 2167 749 2197 in
776 2176 854 2198 eam
881 2165 1139 2206 conditionem,
1163 2171 1204 2198 ut
1229 2165 1349 2198 Latini
1372 2165 1498 2198 urbem
1528 2166 1682 2206 insulae,
1708 2171 1765 2200 et-

316 2213 389 2244 iam
415 2212 543 2244 Chium
564 2213 801 2252 nominatam,
832 2212 877 2244 ad
907 2211 1123 2244 decennium
1148 2212 1347 2245 retinerent
1371 2212 1651 2259 fruerentur-que
1680 2213 1763 2246 red-

319 2259 477 2298 ditibus,
513 2258 714 2301 pendentes
741 2259 778 2290 in
804 2269 916 2291 annos
950 2258 1108 2300 singulos
1141 2259 1350 2303 imperatori
1383 2259 1455 2292 duo
1485 2263 1522 2291 et
1548 2259 1677 2304 viginti
1696 2272 1764 2294 au—

317 2316 460 2338 reorum
486 2305 614 2337 millia.
674 2305 825 2349 Insuper
850 2305 1023 2337 vexillum
1049 2305 1320 2349 imperatorium
1356 2307 1395 2339 in
1432 2304 1522 2339 urbe
1560 2317 1626 2351 pro
1668 2317 1763 2343 con-

318 2351 514 2386 suetudine
557 2352 758 2396 erigerent3
799 2352 1008 2395 episcopum
1045 2363 1088 2384 ex
1128 2354 1276 2386 ccclesia
1311 2353 1507 2396 Byzantina
1544 2353 1761 2397 acciperent,

319 2403 357 2431 et
382 2398 543 2431 sabbatis
569 2409 633 2442 pro
659 2409 756 2430 more
782 2398 938 2430 faustum
963 2399 1242 2441 imperatoribus
1268 2401 1525 2434 acclamarent:
1561 2411 1761 2446 eorumque

320 2445 530 2478 memoriam
556 2444 756 2477 sacerdotes
784 2444 822 2476 in
847 2443 1019 2477 sacrificio
1045 2446 1174 2478 missae
1199 2447 1473 2492 frequentarent
1489 2472 1497 2486 ,
1523 2456 1589 2479 nec
1611 2446 1656 2479 ab
1683 2446 1760 2480 ullo

319 2491 614 2536 prohiberentur.
673 2491 824 2535 Reliqua
847 2491 965 2524 insula
991 2496 1067 2523 tota
1093 2503 1171 2524 cum
1199 2494 1354 2526 castellis
1380 2498 1417 2525 et
1439 2494 1526 2526 vicis
1552 2492 1619 2525 sub
1645 2494 1762 2537 impe-

320 2544 441 2572 ratore
467 2543 580 2571 esset:
606 2537 669 2583 qui
694 2538 914 2582 praefectum
939 2548 1003 2581 pro
1031 2538 1207 2572 arbitratu
1247 2540 1502 2573 constitueret:
1527 2545 1564 2572 ot
1585 2540 1614 2572 is
1631 2541 1760 2572 Roma-

320 2596 400 2626 nos,
441 2585 502 2630 qui
539 2586 633 2617 intra
674 2584 799 2616 urbem
836 2589 1085 2625 versarentur,
1111 2592 1250 2630 regeret
1294 2587 1524 2632 privatasque
1548 2586 1760 2619 'eorundem

321 2633 580 2665 controversias
619 2630 848 2675 disceptaret.
899 2630 1038 2674 Quodsi
1075 2632 1224 2664 Latinus
1262 2633 1442 2677 quispiam
1469 2633 1653 2674 Romano,
1697 2637 1761 2666 aut

320 2678 499 2713 Romanus
526 2677 653 2712 Latino
678 2678 779 2710 litem
808 2677 1025 2716 intenderet,
1051 2683 1235 2722 praetores
1260 2690 1322 2712 seu
1350 2679 1521 2722 praefecti
1561 2680 1668 2712 simul
1700 2681 1757 2713 ius

319 2724 395 2758 illis
432 2725 616 2764 (licerent,
654 2729 691 2757 et
721 2724 823 2757 litem
854 2724 1049 2758 secundum
1086 2725 1297 2757 alterutrum
1332 2725 1468 2759 darent.
1529 2727 1611 2759 Post
1633 2726 1758 2760 decem

319 2782 404 2805 vero
433 2781 545 2805 annos
572 2771 617 2804 ab
644 2776 817 2816 occupato
843 2782 863 2804 a
889 2771 1137 2806 Cautacuzeno
1162 2773 1334 2817 Byzantio
1369 2772 1489 2806 Latini
1524 2772 1618 2807 Chio
1653 2773 1758 2818 peni-
