1800 3164
337 151 445 225 372
844 164 1261 207 ANNo‘rAnoNEs

336 284 456 325 quam
490 271 659 310 retinere
687 264 892 307 Graecum*
923 281 968 305 ac
986 265 1117 306 dicere
1152 266 1544 321 Porphymgenhela.
1600 268 1771 310 Verum·

336 335 469 366 tamen
498 325 778 365 Constantinus
808 324 880 360 istc
906 335 988 359 non
1018 322 1092 359 fuit
1118 324 1320 374 proximus
1347 323 1461 363 heres
1490 326 1672 378 imperii,
1703 326 1772 366 sed

335 383 541 435 posterior.
595 380 758 418 Etenim
790 374 965 423 Michael·
994 383 1106 428 pater
1132 376 1367 416 Andronico
1387 406 1399 428 ,
1428 386 1520 418 ante
1546 391 1772 433 purpuram

334 437 411 476 sibi
438 443 545 484 nato,
576 441 622 471 ut
651 439 828 485 apparet,
854 431 1004 484 priores
1032 430 1128 470 dare
1156 430 1297 470 voluit.
1353 432 1519 472 Poterat
1548 436 1651 473 inter
1662 435 1774 475 Con-

333 493 552 530 stantinum
581 495 619 526 et
647 487 927 526 Andronicum
954 485 1096 524 fratres
1125 486 1263 525 eadem
1291 485 1339 526 lis
1366 488 1641 540 intercedere,
1672 504 1775 543 quae

332 548 438 584 inter
466 545 720 584 Artemenem
750 549 789 580 et
816 542 1001 590 Xerxem,
1020 541 1145 588 Darii,
1176 541 1390 581 Persarum
1418 544 1533 597 regis,
1560 543 1676 593 filios,
1710 546 1775 584 in-

333 601 525 639 tercessit.
579 597 816 635 Artemenes
844 595 1057 648 siquidem,
1076 603 1123 634 ut
1151 603 1249 635 natu
1272 598 1477 649 maximus,
1505 601 1643 638 aetatis
1659 614 1775 652 prae-
1798 625 1800 630 .

335 656 513 707 rogativa
543 652 753 704 imperium
785 652 835 690 ad
864 651 906 690 Sc
933 651 1131 700 trahebat,
1163 651 1273 704 quod
1300 653 1362 691 ius
1389 660 1429 692 et
1455 653 1555 692 ordo
1582 655 1771 694 nascendi
1798 659 1800 666 ²

335 717 375 748 et
402 716 544 747 natura
572 709 655 760 ipsa
685 707 872 760 gentibus
901 705 1023 747 dedit.
1079 707 1232 745 Xerxes
1266 709 1577 747 controversiam
1605 723 1687 748 non
1723 710 1774 749 de

333 764 496 813 ordine,
529 763 597 801 sed
625 762 675 800 de
704 761 892 800 nascendi
934 759 1122 800 felicitate
1161 761 1370 802 referebat.
1426 762 1611 816 Namque
1654 765 1774 804 Arte-

332 832 490 858 menem
520 819 694 870 primum
723 817 886 870 quidem
906 816 1056 864 Dario,
1084 815 1152 855 sed
1177 817 1333 869 privato
1355 819 1598 869 provenisse,
1628 832 1669 858 se
1689 820 1774 873 regi

332 875 509 926 primum
537 880 675 911 natum
703 879 777 910 etc.
833 871 1011 909 lustinus
1037 870 1113 909 lib.
1143 885 1206 922 2.;
1236 871 1285 909 de
1312 873 1544 912 eorumdem
1574 886 1775 914 memora-

333 929 405 967 bili
432 927 644 967 concordia
682 928 724 965 in
753 926 945 979 petitione
983 928 1095 980 regni
1122 926 1365 966 Plutarchus
1406 926 1510 967 libro
1549 928 1600 968 de
1632 942 1774 969 amore

332 984 532 1032 fraterno,
561 983 659 1033 ubi,
692 995 813 1036 quem
845 981 1022 1021 lustinus
1063 981 1348 1031 Artemenem,
1398 982 1482 1036 ipsc
1513 982 1770 1025 Ariamenem

333 1046 462 1079 vocat.
518 1051 688 1077 PONTAN.

442 1093 544 1145 Pag.
574 1106 638 1143 11,
672 1105 733 1136 12.
789 1088 863 1131 καί
889 1098 980 1131 ante
1008 1091 1218 1131 Εὐδοκιάν
1250 1105 1331 1132 om.
1364 1093 1424 1132 M.

444 1147 545 1200 Pag.
577 1160 640 1198 ιι,
668 1147 731 1187 15.
787 1147 863 1199 τῆς
894 1146 1104 1199 Οὕγγρίας
1133 1144 1271 1199 ῥηγός.
1328 1147 1527 1195 observo,
1563 1145 1773 1202 Οὖγγριάν

332 1203 539 1243 transferri
568 1202 834 1255 Hungarz'am‚
865 1203 1022 1241 tametsi
1053 1203 1215 1254 spiritus
1244 1216 1325 1241 non
1354 1204 1550 1242 consentit
1569 1233 1581 1252 ‚
1614 1218 1706 1243 cum
1723 1206 1775 1244 sit

333 1260 377 1297 in
421 1258 571 1296 Graeca
620 1271 717 1296 voce
754 1257 854 1296 lenis
885 1271 896 1295 :
947 1263 986 1294 et
1036 1257 1171 1310 vUngri
1216 1256 1388 1310 populus
1427 1259 1685 1298 nominantur
1720 1259 1774 1298 ad

334 1314 499 1354 Istrum.
556 1312 635 1351 Sed
662 1319 797 1351 tamen
825 1325 917 1350 cum
948 1313 1066 1350 etiam
1097 1325 1119 1349 e
1149 1312 1380 1360 Germania,
1410 1313 1623 1364 Sabandia,
1659 1313 1775 1354 Italia

334 1367 540 1421 Byzantini
571 1368 830 1420 imperatores
861 1366 936 1405 sibi
976 1368 1164 1419 coniuges
1195 1367 1434 1407 adsciverint
1452 1397 1467 1415 ,
1501 1383 1574 1408 cur
1611 1381 1692 1407 non
1727 1383 1775 1408 ex

334 1425 467 1462 vicina
505 1423 743 1475 Hungaria?
783 1422 927 1460 Graeci
957 1435 1079 1474 porro
1114 1423 1352 1473 posteriores
1390 1423 1563 1475 plurima
1601 1423 1776 1477 dignita·-

334 1484 448 1528 tum,
479 1478 785 1530 magistratuum
817 1491 863 1515 ac
891 1483 1132 1528 potestatum
1158 1477 1356 1515 vocabula
1389 1486 1459 1517 aut
1491 1479 1632 1517 Latina
1658 1476 1776 1532 pror-

335 1546 416 1578 sus,
448 1539 517 1570 aut
540 1533 826 1586 Latinograeca
857 1545 927 1570 seu
951 1531 1002 1569 ad
1019 1532 1190 1569 Graecas
1211 1530 1396 1571 flexiones
1421 1533 1576 1572 detorta
1600 1541 1639 1572 et
1671 1547 1778 1573 non-

333 1587 435 1625 nihil
459 1588 670 1626 immutata
702 1601 772 1626 seu
798 1582 1230 1637 ςΕλληνικσβάρβοιροε,
1256 1600 1302 1624 ex
1333 1589 1580 1627 commerciis
1609 1586 1778 1628 forsitan

334 1649 375 1681 et
407 1642 695 1681 consuetudine
720 1654 814 1681 cum
837 1641 1003 1689 Latinis,
1039 1640 1322 1684 adhibuerunt.
1378 1642 1481 1681 Cum
1515 1644 1637 1696 igitur
1669 1644 1779 1682 Con-—

334 1697 734 1749 stantinopolitanum
769 1709 923 1748 semper
957 1693 1134 1744 βασιλέα
1161 1698 1361 1746 nominet,
1391 1711 1504 1750 reges
1534 1705 1666 1736 autem
1703 1693 1779 1751 ῥῆ-

333 1765 410 1802 γας
441 1753 617 1804 (excepto
642 1754 875 1790 Moesorum
902 1763 995 1802 rege
1012 1778 1023 1799 ,
1052 1763 1198 1802 quem,
1227 1751 1259 1788 si
1291 1752 1483 1802 memini,
1519 1767 1647 1805 paene
1673 1765 1780 1791 nun-

333 1821 457 1859 quam
492 1821 575 1845 non
611 1806 688 1845 τοῦ
715 1804 919 1857 βασιλέως
946 1806 1107 1843 nomine
1139 1805 1344 1858 dignatur-3
1375 1821 1496 1858 quam
1515 1807 1571 1846 ob
1599 1821 1778 1857 causam,

333 1874 415 1899 non
450 1861 664 1914 dispicio3)
695 1861 854 1900 videtur
880 1859 1079 1899 vocabulo
1100 1857 1299 1911 βασιλεὺς
1327 1862 1518 1913 quiddam
1548 1862 1718 1915 amplius
1739 1869 1781 1902 et

333 1917 462 1955 maius
494 1916 716 1969 significare
744 1914 930 1962 voluisse,
962 1928 1083 1966 quam
1110 1928 1183 1953 nos
1211 1929 1308 1954 voce
1335 1931 1410 1955 rex
1437 1917 1658 1972 significare
1680 1930 1778 1956 con-

335 1972 549 2010 suevimus.
605 1971 661 2010 Et
689 1983 935 2023 quamquam
965 1969 1108 2008 Graeci
1141 1982 1273 2022 regem
1300 1970 1476 2021 βασιλέα
1505 1972 1673 2019 dicunt,
1714 1974 1778 2011 ni·

335 2023 421 2063 hilo
450 2026 586 2064 minus
610 2025 751 2065 eodem
783 2024 982 2064 vocabulo
1012 2026 1294 2077 imperatorem
1332 2027 1452 2064 etiam
1481 2027 1711 2066 Romanum
1738 2034 1781 2067 et

336 2079 563 2132 Augustum
589 2083 828 2134 exprimunt.
884 2081 980 2118 Duo
1015 2080 1220 2118 dumtaxat
1256 2082 1466 2132 scriptores
1501 2084 1778 2130 nominantur,

336 2135 406 2186 qui
430 2135 630 2173 interdum
665 2130 955 2189 αὐτοκράτορα
987 2134 1188 2188 appellent
1206 2164 1218 2185 ‚
1253 2134 1495 2175 Plutarchus
1523 2143 1562 2176 ct
1591 2136 1780 2176 Herodia-

334 2202 424 2226 nus.
481 2189 755 2238 Quamobrem
783 2190 939 2243 quoties
977 2190 1019 2228 in
1049 2190 1125 2228 hac
1164 2189 1331 2228 historia
1377 2204 1454 2229 vox
1491 2187 1690 2240 βασιλεὺς
1727 2191 1780 2230 de

334 2243 777 2297 Constantinopolitano
800 2245 978 2298 principe
1007 2244 1200 2295 occurrit,
1230 2245 1417 2294 (occurrit
1439 2253 1577 2285 autem
1603 2244 1780 2295 millies,)

335 2310 419 2334 non
443 2311 540 2344 rex,
587 2300 655 2338 sed
684 2301 901 2354 imperator
940 2299 1143 2339 reddenda
1171 2306 1242 2339 est.
1298 2300 1386 2339 Non
1428 2315 1492 2340 me
1529 2300 1654 2350 latet,
1699 2301 1778 2340 tria

336 2350 435 2389 haec
463 2354 625 2391 nomina
647 2355 832 2393 eumdem
858 2353 1074 2407 aliquando
1116 2355 1297 2408 gessisse,
1334 2351 1558 2405 βασιλεὺς,
1588 2355 1778 2407 Καῖσαρ,

336 2402 552 2456 σεβαστός.
608 2409 759 2447 Verum
788 2424 834 2448 ea
863 2410 973 2448 aliud
1000 2424 1081 2448 non
1114 2415 1242 2459 sunt,
1273 2423 1396 2460 quam
1425 2412 1655 2464 imperator,
1678 2406 1800 2455 Cae-l

336 2473 416 2512 sar,
444 2459 648 2512 Augustus.
701 2464 773 2502 Est
802 2478 894 2514 ergo
922 2466 964 2503 in
994 2465 1101 2503 hisce
1130 2464 1242 2503 libris
1274 2478 1355 2503 non
1394 2465 1514 2504 modo
1555 2463 1778 2516 Ου’γγράις,

334 2511 566 2564 Ἀρμενίας,
594 2514 820 2569 Ῥαουήνας
851 2515 1077 2571 (Ῥαβέννης
1092 2518 1332 2572 legendum),
1359 2516 1554 2571 Κύπρου,
1587 2514 1780 2557 Karand-

335 2580 445 2630 πρὶν,
481 2568 678 2621 semelque
706 2579 745 2610 et
771 2574 916 2612 iterum
949 2571 1119 2613 Μύσων
1147 2571 1248 2626 ῥῆξ,
1285 2573 1355 2612 sed
1394 2575 1513 2612 etiam
1547 2568 1774 2622 Κάρθυλθς

338 2622 449 2672 ρηξε
493 2636 543 2660 ne
572 2623 621 2662 de
652 2625 796 2677 regulis
839 2628 1118 2667 tantummodo
1152 2629 1304 2666 dictum
1332 2629 1540 2668 existimes.
1597 2627 1706 2676 Quin
1738 2633 1779 2665 et

336 2677 616 2728 imperatorem
647 2680 859 2719 occidentis
888 2683 994 2734 apud
1024 2682 1217 2735 quosdam
1242 2683 1480 2721 recentiores
1494 2684 1667 2721 Graecos
1693 2694 1775 2718 non

338 2729 514 2780 βασιλέα
530 2729 772 2782 Ῥωμαίων,
817 2736 885 2774 sed
913 2735 1021 2789 ῥῆγα
1054 2735 1272 2787 Ῥωμαίων
1301 2739 1551 2776 nominatum
1592 2735 1772 2776 videbis:
