1794 3158
336 127 451 200 476
853 148 1264 192 ΑΝΝΟΤΑἩΟΝΒ

334 254 551 301 arrogant,
578 262 700 303 vquae
735 248 964 290 discrimina
1005 252 1209 304 speciatim
1248 254 1518 295 enumeranda
1566 261 1687 305 sunt,
1714 268 1768 295 ne

335 302 402 341 isti
442 305 569 343 nostri
610 305 819 344 libidinem
856 319 970 345 suam
1009 309 1255 347 Graecorum
1293 308 1450 349 licentia
1495 311 1702 349 honestare
1727 316 1768 348 et

338 371 526 398 excusare
560 366 728 398 tentent.
782 360 842 399 Ac
885 363 1016 414 primo
1053 362 1160 415 apud
1195 362 1366 404 Graecos
1403 365 1603 418 piaculum
1635 378 1772 404 cense-

337 419 408 451 tur
426 443 438 464 ,
466 415 498 452 si
529 414 748 454 monachus
775 429 937 455 uxorem
965 417 1112 467 ducat,
1153 425 1223 456 aut
1249 433 1341 457 cum
1368 420 1486 459 ducta
1517 420 1770 459 consuetudi-

336 482 431 507 nem
456 468 614 507 habeat.
645 470 728 508 Par
754 470 898 518 scelus,
934 473 965 510 si
988 471 1171 511 monialis
1197 474 1335 512 nubat.
1385 472 1499 514 ‘Ode
1527 471 1771 526 ἐπαγγειλά-

334 535 469 584 μενος]
489 522 784 576 παρθενεύειν,
810 526 939 579 inquit
967 527 1152 567 Ieremias
1179 528 1431 581 patriarcha,
1462 529 1770 580 παρθενευέτω,

335 576 409 615 καί
440 577 589 618 αδειαν
631 577 744 634 αὐτῷ
770 586 918 631 γαμεῖν
960 579 1067 632 μετὰ
1110 580 1185 634 τήν
1223 582 1464 635 ἐπαγγελίαν
1501 583 1553 622 ου’
1589 583 1772 635 παρέχο-

335 644 423 682 μεν.
481 632 617 679 σι’δείς
644 630 723 686 γὰρ
750 632 842 682 θεῖς
867 632 940 689 τήν
958 640 1080 688 χεῖρα
1106 636 1239 676 αὐτοῦ
1264 637 1326 677 ἐπ’
1351 631 1526 691 ἄροτρον·
1545 638 1617 678 καί
1643 651 1771 691 στρα-

336 686 432 739 φείς
459 680 632 734 εὔθετός
671 687 782 728 ἐστιν
812 690 871 737 εἰς
909 687 983 742 τὴν
1023 692 1241 742 βασιλείαν
1278 691 1359 732 τῶν
1385 691 1587 744 οὐρανιᾶν,
1645 687 1697 732 ἂν
1725 692 1773 732 δέ

334 756 375 780 τι
402 741 518 796 παθῇ
546 737 834 796 ἀνθρώπινον,
883 744 1196 799 σωφρονι’ζομεν
1228 744 1296 786 διὰ
1334 747 1559 798 μετανοίας
1582 745 1655 786 καὶ
1684 746 1774 795 ἐξό-

334 796 597 848 μολογήσεως
633 797 707 837 καί
752 800 896 852 λοιπῆς
923 802 1201 848 κακοπαθείας
1234 801 1306 841 καί
1328 801 1487 855 α’ποχῆς
1507 802 1642 842 κακῶν
1671 800 1773 840 ἀπο-

336 847 566 902 πλύνομεν,
608 850 681 891 καὶ
706 850 750 892 τὸ
798 851 912 901 ἔλεος
946 854 1019 895 τοῦ
1048 856 1152 895 θεοῦ
1186 855 1260 896 οῦκ
1299 854 1599 908 ἅποδοκιμάσει
1639 854 1778 898 αὐτόν.

336 905 446 946 Haec
476 907 692 947 Hieremias
718 909 960 961 patriarcha.
1017 910 1198 950 Immane
1226 919 1421 965 quantum
1450 926 1472 950 a
1509 912 1671 951 Graecis
1694 912 1776 951 hac

334 962 378 1000 in
410 975 453 1000 re
480 962 625 1001 distent
649 992 661 1014 ,
699 965 769 1016 qui
808 978 832 1004 a
873 965 1053 1005 Romana
1082 966 1243 1005 ecclesia
1282 969 1540 1006 secessionem
1567 967 1779 1017 fecerunt,

334 1017 482 1070 quibus
511 1017 612 1056 nihil
640 1020 848 1067 usitatius,
880 1034 1002 1072 quam
1044 1021 1335 1061 monachorum
1364 1029 1403 1060 et
1442 1022 1674 1061 monialium
1710 1023 1776 1060 in-

332 1080 484 1125 nuptae
512 1074 700 1125 nuptiae3
741 1087 814 1112 nee
843 1074 944 1114 forte
969 1075 1114 1115 mirum
1134 1105 1146 1122 ,
1188 1091 1281 1116 cum
1319 1084 1403 1115 tota
1435 1074 1594 1115 illorum
1626 1077 1775 1116 doctri-

333 1140 388 1166 na
418 1141 463 1166 ex
492 1127 718 1166 huiusmodi
750 1130 900 1181 nuptiis
927 1130 977 1169 sit
1005 1139 1267 1185 progenerata
1286 1161 1307 1179 ι
1342 1133 1455 1171 cuius
1483 1139 1599 1186 pater
1633 1146 1775 1171 monae

334 1182 458 1231 chus,
487 1189 614 1221 mater
642 1183 842 1222 monialis.

443 1238 628 1277 Secundo
648 1268 659 1286 ,
692 1239 833 1278 Graeci
861 1237 1021 1279 nullum
1041 1239 1093 1280 ad
1115 1242 1287 1294 episcopi
1317 1241 1555 1296 dignitatem.
1580 1241 1773 1292 evehunt,

333 1293 411 1331 nisi
441 1301 511 1332 aut
539 1292 747 1343 caelibem,
780 1301 850 1332 aut
877 1294 1022 1343 talem,
1053 1297 1124 1349 qui
1152 1297 1371 1337 conditioni
1398 1299 1532 1337 uxoris
1560 1299 1794 1338 renuntiet.÷

333 1349 535 1398 Quocirca
579 1362 670 1386 cum
703 1350 874 1402 episcopi
919 1364 1083 1389 uxorem
1126 1365 1172 1389 ac
1213 1350 1361 1392 liberos
1399 1353 1619 1406 presbyteri
1652 1342 1794 1392 huius*

332 1415 480 1456 magno
509 1403 726 1442 domestico
755 1404 975 1443 obiicerent
992 1435 1003 1452 ‚
1053 1412 1258 1458 tamquam
1298 1408 1582 1460 impedimenta
1624 1407 1675 1445 ad
1702 1421 1778 1460 pa·-

331 1458 530 1497 triarchae
551 1459 743 1497 honorem
772 1459 1034 1498 obtinendum
1052 1490 1062 1506 ,
1084 1462 1290 1513 respondit
1316 1462 1578 1508 domesticus,
1608 1462 1706 1512 fore,
1728 1469 1777 1501 ut

330 1513 558 1566 patriarcha
588 1521 770 1562 creatus,
814 1516 928 1553 uxori
957 1515 1165 1556 valedicat.
1224 1517 1277 1555 At
1305 1516 1493 1556 haeretici
1523 1518 1775 1570 superinten-

330 1568 496 1619 dentes,
526 1570 595 1622 qui
624 1569 769 1608 alicubi
803 1571 1083 1622 episcoporum
1121 1584 1281 1624 quoque
1320 1572 1627 1625 appellationem
1655 1586 1776 1611 usur-

330 1631 457 1677 pant,
485 1632 572 1663 tum
600 1625 774 1676 primum
803 1625 854 1663 ad
895 1624 971 1664 hoc
1003 1639 1150 1664 munus
1181 1627 1372 1679 aptissimi
1401 1628 1700 1676 existimantur,
1742 1627 1778 1666 si

332 1681 473 1718 uxorio
518 1680 610 1732 iugo
639 1679 813 1718 devincti
845 1680 925 1719 sint
964 1680 1223 1733 sobolemque
1253 1695 1506 1721 numerosam
1534 1683 1574 1720 in
1604 1683 1776 1721 circuitu

333 1748 494 1774 mensae
521 1748 616 1774 suae
644 1742 868 1777 numerent.
924 1735 1086 1784 Tertio,
1135 1740 1169 1774 si
1196 1738 1284 1789 quis
1330 1735 1485 1776 caelebs
1513 1737 1620 1789 apud
1649 1738 1777 1776 Grae·-

333 1804 402 1829 cos
429 1790 551 1829 sacris
579 1789 791 1829 ordinibus
819 1791 1026 1840 initietur,
1052 1805 1188 1843 expers
1215 1791 1322 1830 thori
1356 1794 1440 1831 vita
1467 1806 1587 1845 porro
1615 1805 1783 1845 quoque

333 1845 487 1898 agenda
518 1852 600 1892 est,
631 1846 752 1884 immo
784 1843 882 1884 dum
911 1846 1075 1896 spiritus
1106 1848 1208 1899 regit
1235 1854 1358 1886 artus.
1391 1846 1441 1885 Si
1466 1855 1564 1901 post
1592 1845 1779 1886 ordina-

335 1902 488 1940 tionem
530 1900 750 1955 presbyter
797 1909 873 1939 aut
913 1900 1119 1939 diaconus
1151 1909 1228 1940 aut
1267 1901 1552 1942 subdiaconus
1595 1914 1777 1940 uxorem

335 1955 540 2005 duxerit,
584 1955 781 1994 eiiciatur
817 1968 875 1993 ex
931 1955 1043 1994 clero
1100 1964 1140 1994 et
1179 1957 1323 1995 curiae
1361 1957 1581 2004 civitatis,
1612 1959 1659 1994 in
1688 1969 1782 2010 qua

335 2011 512 2050 clericus
541 2019 634 2049 erat
653 2038 668 2056 ‚
700 2022 793 2048 cam
823 2009 941 2049 bonis
969 2011 1056 2048 suis
1084 2010 1319 2057 tradatur,
1372 2013 1504 2064 inquit
1535 2012 1776 2050 Iustinianus

334 2065 498 2106 Novell.
528 2067 616 2105 123.
647 2064 732 2114 Qui
763 2072 803 2104 et
834 2064 999 2104 Novella
1025 2064 1094 2104 6.:
1127 2064 1177 2102 Si
1200 2066 1413 2117 presbyter
1456 2075 1531 2105 aut
1570 2065 1784 2105 diaconus

335 2129 413 2160 aut
441 2120 724 2160 subdiaconus
746 2128 896 2171 postea
922 2120 1052 2159 ducat
1082 2133 1252 2159 uxorem
1279 2129 1355 2159 aut
1384 2121 1657 2160 concubinam
1699 2127 1778 2160 aut

333 2175 487 2228 palam
517 2183 592 2214 αιιι
628 2175 821 2220 occulte,
863 2188 987 2214 sacro
1034 2175 1178 2213 statim
1207 2173 1340 2214 cadat
1379 2174 1524 2214 ordine
1573 2183 1614 2214 et
1655 2174 1779 2214 dein-

337 2243 433 2282 ceps
458 2229 600 2268 idiota
627 2230 695 2267 sit.
752 2229 837 2268 Nec
866 2231 909 2268 in
940 2229 1018 2268 hoc
1059 2231 1304 2268 conveniunt
1343 2231 1501 2268 sectarii
1530 2243 1623 2268 cum
1651 2231 1778 2268 Grae-

336 2286 407 2323 cis.
436 2285 559 2323 Forte
586 2283 774 2323 libentius
803 2298 846 2323 se
872 2286 1167 2324 conformarent
1194 2298 1283 2323 cum
1315 2298 1424 2323 more
1453 2286 1631 2338 quodam
1649 2286 1782 2323 Grae*

338 2353 505 2389 corum,
531 2340 601 2392 qui
620 2340 651 2378 si
681 2353 760 2377 non
791 2339 868 2378 hoc
895 2348 1097 2392 tempore,
1139 2339 1234 2378 olim
1261 2346 1367 2378 certe
1399 2341 1440 2379 in
1471 2340 1637 2378 Graecia
1669 2341 1777 2392 vige-

336 2392 435 2435 bat:
466 2409 560 2433 nam
587 2401 633 2432 ut
659 2400 827 2432 testatur
860 2395 1109 2434 Humbertus
1139 2395 1461 2441 Cenomanensis,
1492 2395 1635 2433 Leonis
1677 2395 1776 2434 noni

337 2450 391 2489 ad
429 2448 887 2501 Constantinopolitanos
930 2450 1081 2503 legatus
1100 2480 1112 2501 ,
1156 2449 1365 2488 ordinandi
1403 2451 1513 2502 prius
1554 2451 1778 2500 interroga·-

337 2504 503 2552 bantur,
536 2519 633 2543 num
650 2518 790 2543 uxores
807 2503 1017 2554 haberent,
1049 2507 1081 2544 si
1111 2504 1353 2553 abnuerent,
1385 2504 1626 2543 iubebantur
1653 2505 1776 2542 duce-⁶

337 2573 384 2598 re
429 2567 468 2599 et
515 2568 601 2599 tum
646 2559 697 2598 ad
735 2573 929 2598 manuum
977 2560 1268 2612 impositionem
1304 2562 1465 2598 reverti.
1521 2560 1636 2609 Quae
1676 2560 1782 2598 forte

339 2615 587 2654 consuetudo
615 2614 734 2653 hodie
761 2614 876 2653 desiit
904 2616 947 2653 in
974 2616 1156 2665 Graecia,
1188 2629 1278 2652 cum
1307 2628 1435 2653 canon
1462 2614 1680 2654 Trullanus
1695 2644 1706 2663 ,
1728 2613 1782 2653 do

339 2684 422 2723 quo
450 2678 609 2722 postea,
635 2669 711 2708 hoc
741 2684 821 2708 non
841 2671 978 2721 ,exigat
1005 2677 1073 2708 aut
1103 2670 1331 2722 praecipiat.
1371 2670 1525 2708 Mirum
1540 2676 1673 2707 tamen
1694 2682 1777 2707 non

340 2727 526 2766 renovari
556 2726 631 2764 hoe
659 2739 758 2765 aevo
787 2724 838 2764 ab
859 2724 960 2774 illis,
991 2727 1059 2779 qui
1086 2727 1127 2765 in
1150 2724 1344 2765 loviniani
1365 2731 1404 2763 et
1427 2725 1631 2778 vigilantii
1658 2723 1765 2763 disci.
