1794 3158
312 110 426 176 564
501 126 916 170 ANNOTATmNEs
955 127 1030 184 Ap
1077 126 1448 171 CANTAcUzENi
1490 131 1587 171 mn.
1616 133 1685 172 iv.

313 234 516 274 abhorret.
567 233 659 272 Nisi
687 232 791 271 forte
822 245 846 270 a
872 230 982 283 topio
1019 244 1088 269 seu
1131 233 1304 286 topiario
1342 247 1462 286 opere
1491 234 1547 274 sic
1585 233 1752 285 dictum,

313 292 366 328 ita
384 320 394 336 ‚
426 298 471 329 ut
497 290 567 343 qui
603 288 669 327 vel
693 287 906 340 topiariam
936 286 1184 338 factitarent,
1215 287 1280 327 vel
1316 289 1487 342 topiaria
1528 303 1649 344 opera
1675 290 1753 330 sibi

311 345 450 384 confici
482 350 695 392 curarent,
740 341 909 395 vectigal
937 340 1038 379 illud
1077 339 1248 394 τοπικὴν
1291 344 1518 397 penderent.
1567 358 1749 386 Ponun-

310 401 406 440 vid.
437 399 634 452 Ducangii
664 397 841 438 Glossar.
872 398 1013 436 Graec.
1042 410 1078 449 p.
1116 396 1232 448 1584.

421 456 525 507 Bag.
561 452 653 505 314,
683 467 747 492 12.
792 453 946 493 obiit.
1011 451 1311 506 Stmngulatum
1349 453 1391 493 in
1427 468 1586 495 carcere
1628 454 1753 496 tradit

313 511 511 564 Gregoras
540 509 613 549 lib.
643 523 684 563 9.
718 508 794 548 suh
823 508 956 548 finem.
984 521 1158 547 PONTAN.

422 566 528 619 Pag.
551 563 645 612 326,
674 578 736 603 11.
781 559 843 603 ἔτι
883 561 930 602 δὲ
961 559 1344 616 οἷκροβολιζομένων
1387 563 1468 602 τῶν
1504 561 1751 618 βαρβάρων.

311 619 494 660 Verbum
523 618 871 672 οἶκροβολίζεσθαι
911 633 993 658 non
1040 617 1170 657 solum
1201 625 1258 658 est
1286 633 1307 657 e
1336 618 1425 657 loco
1453 620 1562 662 edito
1603 627 1674 659 aut
1711 622 1754 660 iu

311 674 449 714 locum
479 675 630 721 editum
664 675 793 713 iacula
830 675 988 713 mittere
1007 704 1018 723 ‚
1052 673 1121 713 sed
1147 675 1267 714 etiam
1297 687 1475 727 pugnare
1521 675 1752 722 missilibus,

311 729 494 779 velitari,
524 732 730 770 certamini
758 728 992 783 praeludere
1010 759 1021 779 ‚
1064 744 1240 783 pugnam
1276 729 1483 771 lacessere.
1538 730 1656 769 Tales
1686 745 1755 770 ro·-

310 787 417 828 rarii·
451 786 547 826 dicti
584 786 797 833 Romanis,
843 786 911 837 qui
951 784 1099 824 scilicet
1122 815 1135 837 ‚
1177 793 1390 839 antequam
1418 785 1758 838 congrederentur

310 842 425 890 acies,
459 841 597 881 iaculis
630 855 709 879 non
740 838 875 878 multis
895 840 1049 879 inibant
1069 840 1283 892 proeliumz,
1312 847 1486 880 tractum
1502 841 1612 892 inde,
1641 841 1752 894 quod

308 903 406 937 ante>
430 900 619 936 maximas
651 895 807 949 pluvias
836 894 991 934 coelum
1018 909 1154 934 rorare
1182 896 1359 950 incipiat.
1389 909 1564 935 PONTAN.

425 953 534 1005 Pag.
561 952 652 1000 550,
676 966 711 990 2.
755 951 924 991 latere
965 965 1014 989 se
1054 965 1219 1005 posse.
1276 951 1335 993 Ut
1367 950 1491 990 Sinon
1525 950 1631 1004 apud
1656 952 1756 991 Vir-a

310 1006 381 1060 gil.
411 1020 450 1046 2.
481 1006 680 1047 Aeneid.:
710 1006 942 1061 Limosoqzae
967 1007 1054 1045 lacu
1082 1020 1160 1060 per
1195 1016 1344 1046 noctem
1379 1006 1557 1045 obscurus
1591 1008 1634 1046 ι’·ἠ
1654 1007 1757 1046 ulva

309 1063 462 1103 delitui.
539 1063 651 1101 Idem
698 1061 835 1101 fecisse
877 1062 1052 1100 Marium
1090 1061 1309 1114 fugientem
1362 1060 1500 1101 scribit
1551 1062 1755 1109 Lucanus„

309 1117 429 1158 Exul
452 1119 594 1157 limosa
629 1117 796 1157 Marius
816 1126 938 1170 caput
962 1117 1118 1155 abdidit
1143 1117 1254 1157 ulva.
1283 1131 1456 1159 PONTAN.

422 1173 687 1226 Pag.337‚7.
716 1172 1024 1228 quibusdam
1054 1172 1327 1211 accidisse.
1382 1170 1593 1225 Polynici,
1624 1171 1750 1211 Eteo-=

311 1226 362 1266 cli
388 1228 578 1267 fratribus
606 1227 714 1280 apud
741 1227 979 1280 Euripidem
1006 1234 1044 1265 et
1070 1227 1243 1266 Statium
1273 1230 1314 1266 in
1327 1226 1547 1267 Thebaide.
1578 1240 1749 1274 Ponun-

420 1284 518 1336 Pag
557 1281 650 1334 354,
671 1281 736 1333 24.
784 1284 931 1322 alius
979 1283 1093 1323 alio
1136 1285 1448 1336 pretiosior.
1505 1282 1755 1334 Quomodo?

311 1337 447 1377 solane
475 1339 612 1391 opinio
640 1337 733 1376 facit
761 1337 910 1391 lapides
942 1340 1194 1390 pretiosiores
1222 1346 1292 1377 aut
1319 1338 1622 1391 pretiosissimos
1637 1341 1659 1377 ?·
1679 1352 1753 1376 ne-.

311 1408 528 1446 quaquam,
582 1393 655 1431 Est
691 1393 798 1434 enim
837 1393 888 1431 ad
915 1400 1119 1446 aspectum
1154 1399 1193 1432 et
1227 1394 1279 1435 ad
1319 1392 1501 1432 effectum
1543 1392 1644 1432 alius
1676 1393 1759 1435 alio
1793 1427 1794 1447 ³

312 1448 468 1491 melior.
524 1448 591 1488 Sic
633 1447 754 1486 etiam
785 1462 929 1487 aurum
971 1455 1134 1501 argento
1163 1455 1202 1486 et
1230 1456 1440 1502 argentum
1469 1461 1560 1488 aere
1601 1450 1753 1501 pretio-

314 1503 398 1545 sius
426 1510 484 1543 est
511 1510 668 1552 natura,
698 1517 781 1542 non
809 1504 996 1556 opinione
1035 1511 1074 1542 et
1103 1517 1295 1543 consensu
1325 1503 1535 1543 hominum
1575 1510 1755 1543 tantum-2

313 1559 451 1598 modo.
485 1572 651 1600 PONTAN.

422 1614 526 1667 Pag.
545 1613 638 1660 560,
660 1613 725 1652 25.
774 1613 954 1651 Cralis
993 1614 1273 1666 coniugem.
1329 1612 1456 1651 Cralis
1482 1614 1621 1667 utique
1649 1612 1719 1651 filii
1741 1627 1757 1662 3<

311 1683 406 1710 nam
438 1670 560 1721 patris
587 1682 702 1714 uxor,
733 1667 925 1720 Stephani
955 1668 1098 1718 Cralis,
1127 1670 1319 1722 inquam,
1349 1668 1454 1707 dicta
1482 1676 1541 1709 est
1570 1668 1724 1708 Helena
1741 1683 1755 1710 ς

311 1726 390 1764 nisi
417 1726 468 1763 sit
496 1717 749 1774 μνημονικὸν
782 1720 1026 1776 ἁμάρτημα.
1055 1738 1229 1767 ΡοΝΤΑΝ.

425 1779 655 1832 Pag.563‚
692 1778 751 1819 18.
799 1780 851 1817 in
893 1780 1031 1818 solio*
1071 1780 1424 1834 patriarchae
1466 1780 1757 1819 constituit.

311 1834 518 1874 Laudatus
546 1841 605 1873 est
636 1848 754 1887 supra
783 1833 849 1872 hic
881 1833 1116 1873 Philotheus
1143 1849 1230 1888 cap.
1266 1835 1325 1874 1-6.
1356 1842 1395 1874 et
1421 1849 1512 1888 29„
1544 1836 1648 1873 inter
1677 1849 1752 1887 pa,-v

313 1890 508 1930 triarchas
535 1889 995 1941 Constantinopolitanos
1032 1898 1265 1932 numeratur
1296 1890 1439 1931 CXXI.
1497 1889 1627 1929 Multa
1659 1891 1754 1928 scri-

313 1946 405 1999 psit,
438 1946 488 1984 de
516 1946 662 1997 quibus
693 1959 775 1983 non
803 1959 930 1997 pauca
961 1947 1001 1984 in
1035 1946 1224 1988 Bavarica
1253 1945 1496 1984 bibliotheca
1523 1945 1751 1987 habentur:‚
1787 1979 1790 1982 .

316 2015 422 2054 quae·
468 2001 633 2040 eruditis
678 2000 758 2040 iam
799 2001 992 2052 patefacta
1030 2008 1086 2039 est
1124 2002 1267 2054 insigni
1312 2001 1502 2039 beneficio
1540 2000 1685 2040 nobilis
1716 2007 1755 2041 et

314 2057 514 2109 magnifici
553 2055 705 2095 domini
754 2056 915 2094 Ioannis
952 2057 1112 2109 Georgii
1156 2057 1377 2105 Hervardi,
1425 2057 1617 2100 Bavariae
1654 2069 1751 2096 can-,2
1790 2095 1791 2098 ,

314 2111 479 2159 cellarii,
509 2112 603 2153 viri’
621 2111 804 2155 omnium.
829 2111 1030 2155 honarum
1064 2113 1211 2155 artium
1240 2110 1459 2170 disciplinis
1485 2109 1757 2155 excultissimi,

317 2179 492 2209 PORTAN-
