1800 3164
320 131 424 187 160
846 151 1221 195 CANTACUZEM

101 254 194 293 A.C.
211 255 298 292 1350
314 251 386 309 ἕξῇ
412 250 487 302 τοὶς
525 249 666 300 πόλεις
693 249 829 306 ἔχειν,
858 252 1027 294 ἐκείνων
1056 253 1382 308 ἀσχολουμένων
1408 255 1515 312 πρός
1546 251 1767 313 ἀλλήλους’.

313 316 388 359 καὶ
413 315 691 372 συνεβούλευε
722 314 1011 373 φυλάττεσθαι
1041 317 1118 374 τὴν
1145 320 1382 377 ἐπιβουλήν,
1420 320 1522 366 οῦδὲ
1545 322 1627 380 γὰρ
1657 312 1766 367 εἶναι

313 385 413 439 περὶ
437 384 623 437 μικρῶν,
653 383 762 424 ἀλλὰ
791 385 892 437 περὶ
922 385 996 439 τῆς
1026 385 1161 441 ἀρχῆς
1189 386 1323 441 αὐτῆς
1349 386 1662 443 ἐπιβουλεύειν,
1693 391 1768 434 καὶ

312 450 391 504 τήν
417 448 585 504 βλάβην
606 447 682 497 οὔκ
710 449 825 507 αὐτῷ
858 449 1011 504 μόνον,
1055 449 1161 494 ἀλλά
1203 452 1277 494 καί
1302 459 1389 503 τοῖς
1421 450 1565 505 ἄλλοις
1589 453 1766 499 ἔσεσθαι

307 515 562 568 Ῥωμαίοις·
618 516 753 556 καίτοι
788 531 834 570 γε
866 517 1021 558 ἐκεῖνον
1067 519 1152 560 τῶν
1180 512 1310 561 ὄντων
1344 519 1395 562 τοὶ
1441 522 1607 564 ἐναντία
1636 537 1762 579 κατας

313 582 576 635 ψεύσεσθαι,
636 579 854 637 φάσκοντα
894 576 1128 640 προθύμως
1164 583 1461 640 συμμαχήσειν
1501 586 1575 630 ἐπὶ
1610 590 1667 646 τῷ
1691 587 1768 645 τὴν

312 646 514 706 πατρῴαν
552 644 851 700 ἀνασώζεσθαι
893 652 947 705 ἀρ
950 647 1033 706 χην
1069 650 1367 709 ἀφῃρημένην,
1409 654 1482 696 καὶ
1526 652 1767 706 ἀμύνεσθαι

275 712 387 760 Βτὸν
420 711 646 769 ἠδικηκότα
667 747 678 766 ,
718 709 875 771 ἄδηλον
918 711 979 770 ὃν,
1013 719 1053 759 εἰ
1083 716 1140 773 μὴ
1176 718 1306 771 μόνον
1336 718 1411 760 οὐκ
1439 717 1653 763 ἀποδώσει
1691 719 1768 777 τήν

314 778 464 834 ἀρχὴν,
492 776 630 835 ὥσπερ
661 780 969 836 ἐπαγγέλλεται,
995 781 1103 825 ἀλλά
1133 783 1207 825 καί
1232 783 1331 840 περὶ
1356 787 1430 840 τῆς
1457 787 1567 841 ζωῆς
1594 787 1768 840 ἕπιβουω

313 843 473 888 λεύσει.
530 845 691 889 τούτων
734 849 781 891 δὲ
827 848 944 906 αὐτῷ
977 850 1207 891 πείθεσθαι
1242 852 1376 906 μηδὲν
1421 852 1571 908 σαφῶς
1607 851 1763 906 εἰδότα,

314 909 372 962 ὥς
399 911 536 970 ἀπάτῃ
568 910 708 955 πάντα
735 914 1069 970 συσκευάζεται,
1113 917 1183 958 ἵνα
1210 918 1370 971 μᾶλλον
1401 918 1613 974 ἀφέληται
1642 917 1769 970 αὐτὸς

313 977 390 1034 τὴν
421 974 554 1022 οὖσαν
588 980 803 1036 ἀσφαλῶς.
857 981 897 1023 εἰ
927 982 966 1023 ‹5’
998 981 1213 1037 ἀμελήσας
1241 985 1322 1025 τῶν
1358 985 1648 1039 παραινέσεων
1676 987 1769 1028 πεί-

311 1047 433 1086 θοιτο
465 1044 598 1102 αὐτῷ,
626 1043 722 1088 τότε
749 1045 906 1089 εἴσεται
938 1046 1016 1103 τὴν
1045 1047 1223 1105 βλάβην,
1259 1046 1326 1102 ὅτε
1354 1049 1447 1105 μήτ’
1477 1046 1590 1109 αὐτῷ
1615 1053 1770 1108 μηδὲν,-

310 1108 415 1166 μήτε
455 1116 541 1161 τοῖς
585 1106 728 1162 ἄλλοις
767 1106 919 1170 ὄφελος
958 1115 1006 1156 ἐκ
1047 1116 1122 1156 τοῦ
1159 1116 1315 1158 εἰδέναι
1356 1114 1486 1158 ἔσται.
1546 1117 1648 1160 ου’δὲ
1683 1117 1766 1175 γὰρ

311 1178 412 1219 ου’ὃὲ
441 1183 530 1229 τοῖς
559 1176 900 1234 πρωτοπλάστοις
940 1178 1163 1236 συνήνεγκε
1205 1183 1282 1222 τοῦ
1325 1181 1588 1237 παραδείσου
1615 1186 1788 1241 ὲκβλη-1

309 1246 427 1286 θεῖσι
452 1242 500 1286 τὸ
520 1245 679 1287 εἰδέναι
698 1277 710 1297 ,
742 1245 800 1294 ὥς
831 1246 1062 1303 ἧπάτηνται
1088 1251 1151 1305 τῷ
1177 1242 1294 1303 ὄφει.
1350 1250 1524 1291 τοιαῦτα
1559 1249 1635 1292 καὶ
1659 1251 1768 1306 ἕτερ’

311 1307 421 1354 ἄττα
446 1311 576 1354 πλείω
610 1316 871 1373 παραινέσας
908 1315 982 1356 καί
1009 1313 1348 1369 συνταξάμενος,
1381 1312 1583 1370 ἀπέπλει,
1629 1314 1767 1359 Ἀσά-

309 1394 385 1433 ’νην
413 1378 680 1433 Ἀνδρόνικον
708 1378 781 1421 τὸν
809 1379 1012 1435 κηδεστήν
1039 1379 1143 1433 μετὰ
1171 1383 1379 1434 βασιλέως
1406 1385 1484 1424 τοῦ
1509 1383 1606 1424 νέου
1636 1399 1768 1425 κατα-
1798 1404 1800 1428 ,¹

312 1443 459 1487 λιπών.
513 1443 691 1500 Κράλης
719 1447 766 1488 δὲ
797 1442 917 1503 ὀλίγῳ
960 1444 1134 1500 ὕστερον
1166 1444 1194 1500 ἢ
1233 1445 1254 1487 ὅ
1282 1447 1487 1499 βασιλεύς
1522 1448 1685 1503 ἀπῇρεν
1719 1450 1767 1504 ἐκ
1798 1437 1800 1461 ³

272 1513 634 1566 ΟΘεσσαλονίκης,
653 1507 855 1553 Ἔδεσσαν
883 1510 1133 1565 ἐπόρθησεν,
1162 1507 1268 1567 {Aah
1297 1527 1422 1550 τινων
1451 1513 1656 1569 προδοσίᾳ
1683 1517 1800 1553 τῶνπῑ

169 1586 212 1622 V.
230 1588 300 1624 635
313 1575 502 1622 τάκείνου
523 1576 758 1634 ᾑρημένων.
781 1577 1024 1616 συντέθειτο
1045 1572 1127 1628 γάρ
1149 1573 1293 1623 αὐτοῖς
1309 1576 1515 1627 κλίμακας
1533 1591 1768 1619 κατασκευω

312 1641 536 1696 ασάμενον,
564 1640 636 1683 ἐπὶ
665 1642 945 1695 τειχομαχίαν
965 1637 1095 1694 ἥκειν,
1115 1638 1268 1688 αὐτοὺς
1303 1641 1350 1682 δὲ
1375 1646 1547 1695 σημεῖον
1577 1635 1766 1697 ἄραντας

310 1711 385 1752 ἐπὶ
399 1710 484 1751 τῶν
498 1708 663 1762 τειχῶν,
677 1708 746 1763 ἐφ’
761 1701 820 1748 ὧν
837 1704 1017 1760 ἑστᾶσιν,
1031 1703 1146 1761 ἥκειν
1167 1707 1227 1747 ἐπ’
1248 1706 1429 1756 ἐκείνους
1446 1704 1554 1760 μετὰ
1575 1710 1660 1750 τῶν
1676 1712 1766 1750 κλι-

310 1773 471 1832 μάκων.
527 1770 674 1816 ἄδειαν
707 1774 754 1815 δὲ
774 1774 1258 1831 ἐκείνωνμπαρεχομένων
1277 1774 1351 1815 καί
1367 1773 1643 1828 ἀμυνομένων
1667 1768 1767 1825 τοῦς

408 1847 440 1880 3.
464 1835 609 1890 μικρὸν
632 1842 669 1879 Ρ.

298 1904 378 1938 'vili
392 1905 569 1937 Romanos
595 1901 796 1947 implicare,
821 1905 875 1940 ut,
900 1902 946 1934 iis
972 1902 1067 1935 inter
1093 1912 1131 1936 se
1158 1900 1429 1942 dimicantibus,
1454 1902 1532 1947 ipse
1559 1899 1790 1936 urbesrsibi'

310 1952 469 1986 lrabeat:
497 1957 534 1985 et
558 1948 750 1991 monebat,
776 1955 921 1984 caveret
944 1949 1117 1990 insidias,
1148 1959 1243 1993 quae
1264 1959 1338 1981 non
1364 1958 1420 1981 rcs
1448 1958 1588 1993 parvas,
1613 1948 1676 1982 sed
1694 1949 1766 1982 im-

312 2000 454 2044 perium
478 2000 596 2043 ipsum
632 1998 875 2042 attingerent:
917 1996 1015 2030 unde
1053 2007 1126 2030 non
1161 1995 1208 2028 ad
1239 1997 1356 2040 ipsum
1390 1995 1586 2035 duntaxat,
1621 1994 1685 2029 sed
1719 1995 1767 2030 ad

315 2046 406 2079 alios
419 2056 566 2092 quoque
582 2046 759 2080 Romanos
786 2044 970 2077 calamitas
996 2042 1229 2077 redundaret.
1279 2042 1441 2076 Tametsi
1467 2044 1497 2076 is
1526 2041 1641 2083 aliud,
1655 2053 1765 2088 quam

314 2103 371 2127 res
396 2097 472 2133 cst,
497 2093 652 2138 loquens
678 2097 714 2125 et
737 2091 942 2133 mentiens,
978 2090 1091 2131 dicat,
1130 2090 1284 2134 impigre
1310 2101 1347 2123 se
1371 2090 1492 2134 ipsum
1529 2089 1766 2131 adiuturum,

315 2151 388 2185 quo
422 2145 614 2184 paternum
654 2138 850 2184 imperium
881 2150 902 2171 a
941 2142 1087 2183 raptore
1123 2142 1313 2181 recuperet
1353 2146 1510 2182 eumque
1547 2136 1766 2171 ulciscatur:

314 2197 396 2220 cum
423 2185 634 2225 dubitetur,
670 2196 717 2219 an
741 2197 815 2219 non
840 2185 957 2218 solum
985 2185 1019 2218 ei
1043 2185 1238 2231 imperium
1266 2194 1342 2216 non
1366 2184 1623 2224 restituturus,
1667 2182 1768 2229 quod
1798 2203 1800 2205 ·

313 2239 439 2267 tamen
473 2232 710 2276 polliceatur,
748 2231 812 2265 sed
852 2234 961 2264 etiam
1000 2231 1096 2266 vitae
1128 2232 1204 2265 eius
1241 2230 1391 2264 insidias
1428 2232 1671 2264 instructurus
1704 2231 1766 2267 sit.

314 2278 463 2313 Nullam
490 2280 525 2311 ei
550 2279 659 2312 fidem
682 2277 812 2312 horum
837 2276 1042 2312 commodet
1058 2305 1066 2320 ‚
1098 2283 1270 2323 certoque
1290 2279 1404 2320 sciat,
1440 2277 1560 2312 omnia
1585 2276 1676 2310 haec
1708 2288 1767 2312 ar-

314 2327 470 2360 tificiose
495 2326 609 2366 strui,
633 2329 675 2358 ut
699 2325 820 2371 potius
847 2326 925 2370 ipse
951 2325 1050 2372 quod
1076 2326 1257 2371 reliquum
1283 2329 1338 2357 est
1362 2325 1508 2371 imperii
1547 2334 1674 2361 secure
1697 2323 1766 2357 de-

315 2378 428 2407 voret.
479 2373 530 2413 si,
555 2373 683 2417 spretis
711 2371 1038 2413 admonitionibus,
1064 2373 1164 2407 Crali
1190 2371 1398 2412 crediderit,
1427 2377 1514 2405 tunc
1539 2372 1767 2415 cogniturum

316 2430 415 2460 esse,
453 2425 628 2465 quantum
668 2419 792 2452 damni
828 2418 978 2460 feeerit,
1044 2420 1163 2453 uando
1197 2430 1265 2452 nec
1300 2420 1393 2464 ipsi,
1425 2430 1494 2452 nec
1530 2419 1612 2452 aliis
1646 2417 1766 2452 unum

314 2468 475 2501 fructum
499 2478 542 2500 ea
569 2467 728 2511 cognitio
769 2465 897 2498 datura
923 2466 980 2500 sit.
1052 2466 1156 2512 *eque
1194 2467 1290 2499 enim
1325 2466 1559 2510 protoplastis
1595 2463 1764 2511 paradiso

315 2514 442 2548 eiectis
464 2525 483 2546 a
509 2517 676 2558 serpente
703 2512 873 2556 deceptos
899 2522 975 2546 esse
1001 2523 1216 2558 cognoscere
1239 2512 1428 2558 profuisse.
1479 2513 1578 2547 Haec
1602 2517 1638 2544 et
1659 2513 1765 2555 plura
1795 2543 1797 2546 .

316 2572 395 2595 cum
419 2561 687 2600 admonuisset,
712 2559 959 2593 Andronicum
984 2561 1137 2594 Asanem
1163 2571 1325 2593 socerum
1352 2571 1432 2592 cum
1465 2559 1609 2592 iuniore
1644 2561 1766 2604 impe-
1797 2574 1800 2581 ¹

316 2613 435 2642 ratore
464 2608 701 2653 relinquens,
727 2607 824 2640 dicto
852 2608 952 2647 vale,
979 2607 1097 2639 solvit.
1144 2607 1269 2640 Cralcs
1295 2607 1401 2651 paulo
1435 2611 1518 2650 post
1543 2607 1621 2639 eius
1647 2607 1764 2641 Thes—
1797 2606 1800 2607 ⁷

317 2655 476 2688 salonica
501 2654 721 2695 discessum,
747 2653 962 2699 quibusdam
992 2654 1035 2685 de
1062 2653 1220 2686 factione
1250 2665 1313 2686 sua
1353 2652 1614 2698 prodentibus,
1649 2652 1765 2687 Edcs-
1791 2660 1800 2696 j

317 2712 391 2734 sam
419 2701 528 2747 cepit,
558 2706 699 2746 captam
727 2701 879 2735 evertit:
910 2711 989 2733 cum
1014 2699 1149 2745 quibus
1174 2700 1374 2744 pepigerat,
1402 2706 1455 2741 ut,
1479 2700 1615 2745 paratis
1642 2699 1762 2741 scalis,

316 2749 456 2796 signum
479 2748 525 2784 de
552 2759 655 2783 muro
679 2747 769 2794 ipsis
792 2747 1087 2789 sustollentibus,
1112 2747 1308 2782 accederet.
1358 2747 1453 2780 Tum
1491 2747 1604 2781 iidem
1634 2757 1764 2782 arcen·
1786 2762 1800 2770 ‹-
