1794 3158
0 0 1579 52 ἐή
1592 0 1595 1 ’

370 206 443 247 AD
483 200 851 248 CANTACUZEM
893 207 991 246 ΠΒ.
1031 208 1084 247 11.
1347 186 1459 254 483

29 318 166 360 quam.
219 305 403 347 Forsitan
431 306 509 346 hoc
544 307 652 358 vult,
696 307 1032 361 quemadmodum
1067 305 1246 346 aviculae
1274 303 1371 345 dum
1399 308 1464 346 vi-

29 364 149 402 scatis
175 362 296 415 virgis
324 362 513 416 insident,
542 377 622 415 quo
651 364 774 416 magis
801 362 955 402 alarum
984 376 1177 401 concussu
1206 375 1248 400 se
1280 361 1463 401 laborant

31 418 198 470 eripere,
229 431 277 456 eo
297 419 420 470 magis
449 420 567 456 etiam
595 419 689 470 ipsis
716 419 856 470 pennis
873 416 1097 471 implicatae
1116 417 1378 456 haerescunt:
1409 418 1464 455 sic

30 473 128 511 istos
161 472 361 525 episcopos
391 485 463 511 suo
498 475 675 526 ipsorum
705 486 885 511 sermone
923 480 1062 512 contra
1089 486 1130 512 se
1158 472 1295 511 tulisse
1322 471 1465 511 suffra-

30 528 155 579 gium,
177 527 282 566 ,dum
312 529 500 566 Ioannem
531 528 1011 580 Constantinopolitanum
1040 529 1265 580 episcopum
1294 541 1376 566 esse
1391 541 1467 565 no-

0 613 1 624 2
33 581 215 632 luerunt,
257 582 648 622 Thessalonicensem
675 583 760 621 fieri
788 590 1090 632 concesserunt,
1134 596 1225 621 cum
1252 582 1352 621 ordo
1381 583 1467 634 epi-

0 651 2 690 Ι
30 637 199 690 scopalis
225 651 330 676 unus
360 638 544 693 idemque
571 639 621 677 sit
637 668 650 688 ‚
679 651 753 677 nec
781 646 945 692 propter
972 638 1076 676 hanc
1104 637 1167 677 vel
1199 637 1309 677 illam
1334 637 1468 677 sedem

0 691 3 726 ἱ
32 694 220 734 varietur.
251 707 423 736 PONTAN.

141 748 247 800 Pag.
267 748 364 798 436,
391 760 454 786 11.
485 747 558 799 τῆς
585 746 678 790 add.
708 754 799 787 ante
819 741 997 798 ἑσπέρας
1025 747 1083 786 Μ.
1111 759 1192 802 mg.

143 802 244 855 Pag.
264 802 356 856 437,
379 802 415 845 5.
443 797 665 854 εἰργάσατο
695 805 752 844 Μ.
779 817 888 857 supr.
919 802 1080 842 lineam.

144 858 249 910 Pag.
269 857 365 911 437,
385 857 425 896 6.
457 857 615 909 παρῆκε
648 859 705 899 Μ.

146 911 246 965 Pag.
268 911 362 966 437,
383 926 423 965 9.
452 926 542 951 τινα
571 912 643 951 καί
670 908 820 966 φίλους
846 911 904 951 Μ.

146 966 365 1020 Pag.457,
393 981 454 1021 19.
494 967 569 1006 ad
594 968 973 1022 imperatorem
1018 965 1241 1006 detulit.
1296 966 1359 1006 De
1397 967 1473 1006 ista

32 1023 283 1061 accusatione
311 1023 544 1076 Syrgiannis
579 1036 603 1061 a
630 1022 896 1076 Zamplacone
925 1023 1122 1073 Gregoras
1152 1020 1222 1062 lib.
1257 1035 1315 1060 10.
1334 1037 1346 1061 :
1374 1021 1475 1072 Syr-

28 1078 193 1128 giannes
227 1079 340 1132 prius
376 1079 494 1116 etiam
535 1078 584 1116 ob
621 1087 806 1117 exactum
849 1090 878 1114 a
919 1077 1319 1115 Tlaessalonicensibas
1352 1077 1474 1115 iusiu-

32 1133 203 1172 randum
221 1134 470 1186 magistratui
492 1142 682 1187 suspectus
696 1151 708 1171 .-
734 1141 771 1171 et
788 1131 885 1185 quia
910 1144 938 1168 α
957 1139 1087 1168 matre
1111 1131 1362 1185 imperatoris
1385 1132 1477 1170 ado—

26 1196 167 1242 ptatus
177 1189 343 1239 fuerat,
374 1202 459 1226 cum
487 1189 708 1241 imperator
738 1186 1019 1237 Didymotichi
1042 1186 1216 1240 capitali
1249 1187 1381 1225 mor-bo
1408 1187 1477 1225 la·-

37 1242 191 1282 horaret
203 1261 215 1281 .·
249 1252 330 1282 tum
346 1256 372 1280 a
390 1244 429 1281 Z
430 1243 667 1296 amplae-one
686 1243 818 1281 laesae
840 1241 1060 1279 maiestatis
1079 1255 1166 1279 reus
1186 1249 1310 1288 actus,
1333 1242 1394 1279 sni
1415 1241 1477 1279 de·

53 1298 224 1338 ende-ndi
248 1312 367 1337 cama
394 1297 639 1349 Byzantium
667 1298 728 1336 ad
748 1298 1028 1349 imperatorem
1054 1296 1182 1334 venit.
1212 1309 1386 1335 PONTAN.

146 1353 254 1406 Pag.
276 1353 370 1404 437,
392 1367 455 1395 20.
486 1351 742 1403 α’πελέγξειεν
775 1352 834 1389 M.

147 1408 255 1460 Pag.
277 1407 373 1458 438,
395 1423 436 1462 9.
464 1404 567 1458 μηδ’
593 1405 667 1460 ὑφ’
696 1399 790 1452 ἒνὸς
817 1406 877 1444 Μ.
900 1417 997 1457 mg.‚
1028 1399 1111 1442 ὑπὸ
1137 1400 1317 1458 μηδενὸς
1333 1412 1478 1447 textus.

147 1463 255 1516 Pag.
276 1462 373 1514 458,
395 1476 459 1502 22.
493 1460 681 1500 ἐκέλευεν
714 1462 771 1501 Μ.
1238 1455 1251 1472 '

147 1517 256 1571 Pag.
278 1518 372 1572 439.
397 1518 435 1559 5.
467 1514 827 1569 περισπούδαστον
862 1515 921 1557 Μ.
962 1528 1041 1569 mg.
1077 1529 1153 1568 pro
1190 1514 1275 1554 τῶν
1311 1509 1476 1555 πάντων

38 1569 510 1627 περισπουδαστότατον.

138 1627 238 1680 Pag.
261 1629 360 1680 459,
385 1642 443 1682 ¹9·
475 1622 524 1676 δὴ
556 1626 611 1665 Μ.
638 1640 711 1679 pro
739 1624 790 1669 δ’.

147 1682 246 1735 Pag.
268 1684 364 1737 439,
386 1696 452 1721 22.
480 1678 551 1720 τὸν
582 1681 673 1724 add.
704 1688 795 1720 ante
821 1680 997 1731 βασιλέα
1026 1682 1085 1723 Μ.
1115 1695 1198 1736 mg.

150 1737 252 1790 Pag.
273 1738 368 1788 440,
390 1739 428 1778 5.
457 1737 646 1787 πατέρων
674 1735 803 1775 scribe
829 1750 922 1774 cum
952 1738 1012 1775 Μ.
1038 1751 1114 1790 pro
1140 1731 1326 1790 πρώτων.

149 1791 249 1845 Pag.
271 1793 369 1844 440,
397 1806 455 1832 10.
482 1788 528 1830 τὸ
559 1793 615 1831 Μ.
645 1805 738 1844 mg„
775 1790 854 1829 τοῦ
881 1797 1027 1830 textus.

150 1847 253 1901 Pag.
274 1845 369 1899 440,
396 1861 458 1902 17.
489 1846 637 1902 qaod
660 1860 761 1885 nec
786 1847 1097 1900 profuturi,
1125 1847 1179 1884 si
1204 1845 1479 1883 meliores.

40 1901 273 1942 Videndum
295 1933 306 1954 ,
352 1902 555 1956 quomodo
581 1915 678 1941 vera
718 1903 769 1941 sit
809 1901 907 1940 haec
931 1903 1138 1940 sententia.
1197 1901 1315 1939 Certe
1343 1898 1413 1937 filii
1443 1906 1483 1937 et

40 1964 204 2010 nepotes
235 1959 331 1998 boni
358 1958 408 1998 ad
435 1958 556 1997 decus
597 1963 636 1995 et
677 1955 844 2009 gloriam
872 1955 1048 1995 familiae
1086 1970 1181 1995 suae
1219 1961 1411 2008 prosunt:
1443 1961 1483 1992 et

41 2012 146 2052 [ilius
195 2015 350 2067 sapiens
401 2021 461 2053 est
502 2011 627 2066 gloria
660 2014 784 2065 patris
820 2013 909 2062 sui,
951 2019 991 2050 et
1028 2025 1200 2064 nequam
1239 2010 1307 2049 filii
1353 2008 1482 2047 eidem

42 2067 300 2120 ignominiam
328 2083 374 2108 ac
413 2068 584 2108 dedecus
614 2068 797 2119 inurunt,
826 2066 934 2121 quod
963 2066 1150 2121 exemplis
1181 2065 1352 2120 probare
1379 2061 1482 2103 nihil

0 2139 9 2162 ι,
45 2124 202 2163 attinet.
229 2138 397 2167 PONTAN.

154 2179 258 2233 Pag.
278 2178 373 2231 441,
400 2191 464 2219 12.
494 2177 570 2218 τοῦ
597 2178 693 2220 add.
721 2185 814 2218 ante
840 2172 1024 2228 μεγάλου
1055 2178 1111 2218 Μ.
1140 2190 1221 2231 mg.

154 2234 259 2288 Pag.
274 2234 371 2286 441,
400 2233 463 2274 15.
495 2229 812 2280 κινδυνεύοντας
841 2235 899 2273 Μ.

154 2289 260 2343 Pag.
277 2290 375 2342 441,
397 2287 461 2339 24.
491 2281 552 2334 οἷς
579 2302 661 2328 om.
691 2290 750 2332 M.

153 2345 256 2398 Pag.
275 2343 372 2396 442,
393 2358 461 2384 22.
487 2341 646 2383 τούτων
675 2345 731 2384 Μ.
760 2358 834 2398 pro
863 2337 1010 2384 αὖταῖν.

156 2399 260 2454 Pag.
279 2399 375 2450 445,
397 2414 434 2440 2.
463 2398 511 2439 σὲ
549 2397 621 2438 καὶ
648 2396 794 2453 φιλίας
827 2400 885 2438 Μ.

156 2455 260 2508 Pag.
281 2454 374 2507 445,
401 2454 459 2495 15.
489 2452 672 2508 σφετέρᾳ
698 2456 756 2495 Μ.
783 2468 865 2509 mg.

159 2510 263 2564 Pag.
285 2509 380 2561 444,
409 2510 468 2550 16.
500 2509 708 2564 συμβαίνῃ
739 2511 798 2549 Μ.

0 2591 13 2614 »,
55 2594 59 2598 -
157 2566 262 2618 Pag.
286 2564 379 2616 445,
399 2565 440 2604 8.
484 2562 555 2602 καὶ
589 2560 646 2615 μή
689 2561 758 2603 διὰ
798 2565 1102 2616 μικροψυχίαν.
1156 2562 1338 2602 Focdum
1372 2576 1482 2603 erra·

0 2624 14 2660 fl·
50 2626 164 2660 tum:
211 2621 330 2673 plane
360 2621 466 2659 enim
496 2618 697 2672 flagitante
725 2622 919 2660 sententia
953 2618 1208 2659 scribendum
1245 2620 1485 2670 μεγαλοψυ-

50 2674 166 2726 χιάν.
228 2675 412 2715 Profecto
449 2676 554 2714 enim
584 2682 747 2728 propter
772 2675 1094 2727 μεγαλοψυχίαν
1149 2674 1361 2727 Syrgianni
1389 2674 1485 2711 alias

1 2734 17 2769 is
52 2741 214 2784 quoque
238 2732 402 2783 ignovit.
457 2731 567 2769 Sicut
605 2745 699 2783 ergo
728 2731 804 2770 hoc
844 2731 1019 2769 officium
1056 2736 1114 2768 cst
1140 2729 1220 2766 τῶν
1247 2723 1486 2780 μεγαλοψύ-

0 2802 23 2838 1¹
43 2797 143 2837 ,χων
161 2815 173 2839 ,
207 2787 260 2825 ita
293 2792 332 2824 et
363 2787 616 2826 innocentem
643 2799 724 2825 non
752 2786 835 2839 pati
865 2784 1073 2823 calumniis
1099 2784 1282 2836 opprimi.
1311 2794 1482 2822 Pon-mu.
