1800 3164
503 191 881 236 Hls'romARUM
919 191 989 233 iv.
1020 193 1063 239 5.
1433 170 1507 227 35

57 294 333 354 ·ερ“ῥάγησαν,
371 293 442 338 καὶ
476 293 517 337 οἳ
555 289 676 336 αλλοι
714 295 790 350 τῆς
829 292 967 349 κοινῆς
994 288 1273 347 ἀμελήσαντες
1302 293 1560 347 owrrypa'iagA
1576 298 1716 343 01347

58 362 141 405 ’καὶ
163 364 240 404 τοῦ
267 364 516 417 πειθαρχεῖν
553 365 641 409 τοῖς
669 358 814 413 νόμοις
840 362 914 403 καί
936 364 1021 408 τοῖς
1054 353 1284 414 α’ρχουσιν,
1324 353 1354 414 ᾗ
1382 373 1512 435 προσ-

19 431 153 485 μῆκε,
181 430 266 470 τῶν
291 429 379 486 ιδίᾳ
407 443 449 469 τι
475 424 761 504 διαφερόντων
786 426 973 479 μάλιστα
1003 422 1348 479 ἀντεποιήσαντο,
1376 423 1514 465 πάντα

68 512 155 538 ανω
182 496 256 536 και
283 492 397 535 κάτω
425 495 566 548 γέγονε
595 491 667 534 καί
683 494 755 548 τῆς
775 507 819 534 τε
841 487 1031 541 ευδοξιάς
1050 490 1311 547 ἀφῃρήμεθα
1329 487 1374 530 τὸ
1397 492 1514 530 πλεῖ-

4 561 196 614 Ἔστω),
223 576 291 601 και
323 560 381 610 εἰς
409 561 606 601 τοσοῦτον
635 554 788 613 ἥκομεν
816 555 1078 610 ἀδυναμίας,
1107 552 1211 598 ὥστε
1238 556 1386 610 μηκέθ’
1415 552 1556 609 ημΐνΟ

54 627 139 670 ’ἐπὶ
174 628 231 684 τῶ
262 626 550 667 καταδουλοῦν
577 623 746 680 ἑτέρους
773 621 846 665 τὸν
874 621 991 677 λόγον
1020 618 1149 674 εἶναι,
1193 622 1283 663 ἄλλ’
1314 617 1425 670 ὅπως
1454 619 1515 674 μὴ

67 694 189 735 αὐτοὶ
229 693 415 746 αισχρως
454 707 524 732 και
568 687 748 744 ἆγεννως
786 689 1079 741 δουλεύσομεν.
1139 685 1195 736 ὥς
1232 690 1315 740 μὲν
1345 703 1420 728 ουν
1448 703 1518 727 και

55 756 196 808 ἀὖτὸς
222 755 299 799 οὐκ
325 758 605 811 ἐπεβούλευσα
634 758 841 810 βασιλέως
869 759 954 803 τοῖς
981 769 1143 805 παισιν,
1175 754 1274 794 ου’δὲ
1301 753 1518 806 βασιλείας

66 825 188 880 ἐρῶν,
219 820 246 879 ἢ
278 825 353 878 τῆς
379 821 573 881 πατρῴας
604 821 824 877 ἡγεμονίας
854 818 1008 869 αὐτοὺς
1037 819 1304 874 ἀποστερῶν,
1336 820 1395 867 εἰς
1422 819 1520 860 τοῦ-

7 897 54 935 ἰο
66 906 112 932 το
142 885 292 945 ἦλθον,
323 891 452 931 πᾶσιν
481 886 641 940 ἔξεστιν
669 886 885 936 ἀπόδειξιν
914 883 1142 939 λαμβάνειν
1171 886 1325 940 ἐναργῆ
1362 886 1407 926 ἐκ
1436 885 1520 926 τῶν

65 954 336 1013 πραγμάτων.
393 956 435 996 εἰ
461 954 560 1010 γὰρ,
590 951 730 1009 ὥσπερ
755 952 792 994 οἱ
811 952 1078 1009 συκοφάνται
1100 951 1372 1006 κατηγόρουν,
1401 952 1520 992 τοῦτο

64 1018 310 1078 προύθέμην
331 1021 526 1075 έξαρχῆς,
547 1019 621 1061 οὐκ
640 1015 693 1062 ἂν
710 1018 817 1072 μετὰ
837 1017 911 1060 τὸν
930 1020 1125 1060 τοσοῦτον
1144 1017 1324 1069 πόλεμον
1351 1017 1424 1057 καί
1446 1014 1520 1070 τήν

63 1090 266 1130 παντοίαν
283 1089 367 1128 τῶν
385 1087 530 1129 δεινῶν
545 1084 756 1142 ἐπιφορὰν
770 1084 842 1127 καί
861 1086 946 1126 τῶν
967 1080 1200 1139 χρημάτων
1214 1083 1290 1138 τὴν
1306 1078 1518 1136 ἀποβολήν

62 1155 135 1196 καί
152 1155 234 1196 τῶν
258 1154 419 1195 οἰκείων
435 1154 510 1194 καί
527 1153 610 1194 τῶν
628 1155 764 1208 φίλων
784 1150 868 1207 τήν,
885 1149 1092 1205 τοσαύτην
1118 1148 1417 1206 κακοπραγίαν,
1445 1149 1521 1189 νῦν

3 1225 50 1266 15
63 1220 308 1274 ἀπεσχόμην
328 1221 403 1274 τῆς
428 1221 682 1275 προθέσεως,
708 1216 843 1260 πάντα
873 1215 983 1271 ἔχων
1012 1218 1058 1259 ἐν
1082 1220 1239 1272 χεροῖν.
1302 1217 1361 1256 δι’
1394 1211 1424 1255 ἃ
1451 1212 1524 1254 καί

41 1282 242 1339 «μάλιστα
285 1283 623 1332 πολλαπλασίους
648 1285 828 1339 χάριτας
857 1282 1051 1336 ὁμολογῶ
1078 1284 1137 1339 τῷ
1165 1279 1390 1337 κρείττονι,
1430 1275 1522 1338 ὅτι,
1541 1289 1570 1321 D

57 1350 117 1406 μή
146 1350 311 1393 ἐκείνων
340 1349 415 1404 τήν
441 1349 605 1405 εἰρήνην
633 1347 864 1404 ἑλομένων,
893 1350 1000 1404 μηδὲ
1036 1347 1139 1404 πρὸς
1171 1346 1406 1401 συμβάσεις
1436 1363 1524 1400 ,χω-

62 1415 302 1472 ρησάντων,
343 1415 480 1457 καίτοι
510 1430 556 1469 γε
586 1414 782 1464 πολλάκις
810 1417 919 1468 ἐμοῦ
945 1413 1074 1455 πολλοὶ
1106 1414 1206 1469 περὶ
1233 1413 1398 1469 εἰρήνης
1428 1415 1522 1469 δεη-

58 1483 213 1534 θέντος,
245 1478 350 1523 ἇλλά
379 1479 724 1536 πεπολεμηκότων
753 1476 856 1536 ἄχρι
885 1483 956 1522 καί
984 1482 1059 1522 τοῦ
1088 1480 1272 1538 δυνατοῦ
1300 1480 1374 1521 καί
1401 1480 1524 1520 ου’δε-

0 1546 128 1598 ιονὸς
168 1544 432 1603 ήμεληκότων
471 1549 553 1589 τῶν
589 1546 767 1602 ἡκόντων
808 1548 867 1596 εἰς
913 1543 1097 1599 αὐτούς,
1140 1547 1193 1602 τῇ
1220 1541 1384 1587 ἄνωθεν
1416 1543 1522 1602 μόνῃ

16 1624 28 1638 '²
58 1612 415 1668 συμμαχούμενος
444 1613 573 1671 ῥοπῇ,
603 1612 771 1655 πάντων
798 1612 1106 1669 περιεγενόμην,
1135 1612 1205 1654 ἵνα
1234 1610 1292 1667 μή
1316 1613 1425 1653 δοκῶ
1447 1611 1518 1654 διὰ

20 1683 28 1688 ’
57 1678 158 1729 τούς
188 1676 340 1736 ὅρκους
367 1679 439 1722 καί
465 1679 539 1729 τὰς
567 1681 825 1732 συμβάσεις,
867 1677 975 1721 ἄλλα
1005 1677 1077 1720 διὰ
1107 1677 1182 1733 τήν
1212 1679 1520 1735 ἅρχαιάνιέπι-

15 1797 18 1800 ⁴
59 1747 216 1787 είκειαν
258 1746 333 1786 καί
375 1744 454 1800 τήν
496 1744 602 1800 πρὸς
643 1747 821 1798 βασιλέα
862 1743 930 1787 τὸν
969 1743 1220 1798 θαυμαστὸν
1260 1748 1418 1787 ἐκεῖνον
1449 1743 1523 1786 καί

48 1812 268 1867 φίλτατον
299 1812 395 1864 ἐμοὶ
423 1812 570 1868 φιλίαν
603 1812 686 1852 τῶν
720 1812 883 1851 παίδων
909 1812 994 1852 τῶν
1021 1812 1180 1852 ἐκείνου
1202 1810 1430 1866 φείδεσθαι
1447 1812 1519 1852 καί
1533 1810 1574 1846 V·
1590 1811 1657 1856 579

55 1900 217 1936 pugnare
242 1894 456 1935 parcentes,
482 1900 561 1922 cum
589 1888 865 1932 consanguineis
891 1889 1083 1933 confligere
1110 1894 1333 1933 coeperunt,
1357 1890 1518 1935 aliique,

56 1937 240 1971 communi
267 1937 384 1970 salute
412 1937 597 1980 neglecta,
631 1939 668 1968 et
706 1946 812 1981 quam
841 1934 1049 1990 debebant,
1088 1935 1303 1970 obediontia
1333 1937 1452 1982 legum
1478 1948 1519 1971 ac

0 2012 1 2015 ,
55 1983 261 2029 principum
289 1983 454 2023 abiecta,
474 1983 519 2016 ad
554 1983 720 2027 proprios
746 1986 918 2026 quaestus
949 1983 1048 2015 omni
1080 1985 1222 2016 ratione
1257 1984 1517 2028 comparandos

57 2030 326 2070 incubuerunt,
363 2031 469 2063 mista
494 2034 578 2062 sunt
604 2030 673 2060 ima
702 2029 848 2061 summis
878 2034 914 2062 ct
940 2040 1077 2062 summa
1112 2030 1271 2069 infimis,
1304 2031 1516 2076 gloriaeque

57 2082 202 2111 nostrae
227 2076 398 2110 damnum
426 2077 532 2121 longe
562 2076 757 2108 maximum
785 2076 936 2108 fecimus
958 2101 967 2116 ,
993 2086 1108 2109 cotue
1134 2076 1357 2110 infirmitatis
1383 2078 1516 2111 recidi-

56 2134 155 2165 muS,
189 2126 231 2157 ut
264 2125 335 2157 iam
369 2127 442 2157 non
465 2122 640 2167 amplius,
668 2122 850 2168 quomodo
876 2123 968 2155 alios
1008 2088 1238 2167 subigamus,
1263 2123 1347 2163 sed,
1374 2134 1419 2157 nc
1446 2125 1515 2168 ipsi

40 2170 232 2215 *ignaviter
256 2181 298 2204 ac
325 2170 481 2215 turpiter
506 2169 735 2213 subigamur,
751 2168 1015 2214 providendum
1045 2171 1104 2203 sit.
1153 2169 1263 2215 Quod
1284 2171 1396 2215 igitur
1420 2171 1515 2204 libc-

57 2217 106 2250 ris
135 2217 363 2262 imperatoris
390 2216 542 2250 insidias
568 2227 799 2262 nequaquam
825 2216 994 2255 fecerim,
1026 2226 1092 2250 nec
1113 2217 1286 2262 regnandi
1312 2219 1513 2262 cupiditate

0 2251 2 2298 ἔ
56 2267 209 2309 paterno
237 2275 297 2298 eos
326 2264 535 2308 principatu
565 2263 726 2308 spolians
756 2262 827 2297 huc
846 2264 1008 2297 venerim
1026 2289 1034 2303 ,
1059 2264 1173 2298 cuivis
1202 2274 1246 2297 ex
1271 2265 1349 2309 ipsa
1375 2276 1412 2298 re
1438 2266 1514 2299 evi-

58 2309 187 2345 denter
207 2311 294 2344 licet
318 2310 533 2355 perspicere.
590 2309 626 2343 Si
656 2312 773 2350 enim,
803 2313 844 2343 ut
868 2309 1113 2355 sycophantae
1139 2311 1346 2351 clamitant,
1371 2311 1442 2346 hoe
1466 2313 1512 2346 ab

56 2357 166 2391 initio
191 2358 229 2390 in
257 2358 418 2390 animum
437 2355 684 2396 induxissem,
714 2360 796 2401 post
821 2361 893 2389 tam
921 2362 1023 2390 atrox
1052 2355 1189 2390 bellum
1217 2363 1253 2391 et
1277 2358 1396 2391 clades
1417 2361 1511 2392 mul

48 2403 218 2438 'tifariam
242 2404 386 2444 illatas,
413 2407 496 2449 post
520 2408 662 2447 ereptas
687 2403 777 2436 mihi
803 2403 1018 2443 facultates,
1041 2406 1330 2460 propinquorum
1360 2411 1396 2439 et
1423 2408 1513 2440 ami-

58 2459 180 2485 corum
206 2454 324 2484 tantas
352 2459 564 2490 aerumnas,
589 2460 684 2482 nunc
708 2456 825 2489 cette,
851 2449 998 2495 quando
1018 2451 1141 2484 omnia
1166 2451 1204 2484 in
1230 2451 1397 2484 manibus
1421 2455 1511 2486 meis

27 2507 29 2510 ’
59 2502 143 2531 sunt
156 2495 276 2543 ,quod
303 2497 827 2542 constituissem,exsequere).
860 2496 1038 2539 Quocirca
1065 2501 1102 2530 ct
1128 2498 1284 2532 maiores
1308 2500 1423 2533 multo
1444 2512 1513 2532 uu-

57 2544 149 2578 mini
172 2544 302 2590 gratias
330 2555 415 2588 ago,
442 2543 589 2588 quando
615 2554 689 2576 non
715 2554 843 2589 pacem
870 2543 944 2577 illis
968 2544 1299 2588 amplectentibus,
1324 2556 1444 2591 neque
1466 2547 1510 2579 ad

86 2595 164 2623 acta
191 2570 522 2631 descendentibus,
547 2590 706 2635 (tametsi
734 2590 772 2623 id
794 2600 858 2636 ego
883 2600 1044 2635 rogarem
1073 2591 1290 2625 creberrime
1301 2593 1403 2638 ‚)sed
1427 2593 1509 2626 bel-

79 2635 238 2678 antibus,
254 2642 431 2682 quantum
457 2635 551 2670 vires
577 2642 810 2681 paterentur,
835 2637 1004 2683 nihilque
1036 2637 1073 2670 in
1097 2636 1167 2672 hoc
1192 2647 1320 2683 genere
1345 2651 1418 2673 non
1443 2652 1508 2673 au-

62 2681 252 2724 (lentibus,
278 2684 357 2717 solo
382 2685 458 2717 Deo
483 2683 574 2717 mihi
600 2684 747 2718 favente
773 2695 957 2729 pugnans
997 2683 1166 2718 omnibus
1200 2686 1295 2718 evasi
1322 2688 1510 2740 superior

61 2738 107 2762 ne
143 2709 290 2773 propt’er
328 2736 503 2764 conventa
544 2735 580 2763 et
605 2731 824 2770 iuramenta,
859 2730 921 2764 sed
946 2737 1094 2775 propter
1117 2736 1274 2765 veterem
1301 2732 1410 2765 animi
1438 2733 1508 2764 mei

59 2775 347 2813 moderationem
380 2782 417 2811 et
442 2788 521 2811 cum
559 2777 731 2822 singulari
769 2778 833 2811 illo
875 2789 1091 2823 mecumque
1128 2778 1311 2823 quondam
1353 2780 1508 2813 coniun-
