1800 3164
325 144 433 210 204
851 156 1219 201 CANTAcquNJ

113 271 205 310 ΔΛ),
222 265 415 319 ι35ιμηδ’
441 260 682 306 ἐνίστασθαι
710 259 815 316 πρὸς
843 259 918 315 τήν
947 256 1095 313 ὁρμήν.
1149 258 1322 298 τοιαῦτα
1363 258 1440 308 μὲν
1468 257 1616 298 ἐκεῖνοι
1631 253 1756 298 ἕπει-

280 340 396 373 Βσαν
425 326 770 382 ἐξαπατήσαντες,
822 323 1005 379 ’Λσάνης
1046 325 1092 365 δὲ
1116 354 1128 376 ,
1167 322 1260 364 ἐπεὶ
1295 321 1468 378 τριήρης
1497 336 1755 378 παρεσκευα-

316 397 445 449 σμένη
478 392 624 446 ἔτυχεν
654 394 761 443 ἐκεῖ,
791 390 931 440 δείσας
958 388 1006 432 τὰ
1035 389 1289 444 ἧπειλημένα
1304 421 1317 440 ,
1348 387 1639 436 οἷπέπλεενείς
1665 391 1756 430 Βυ-

318 461 481 512 ζάντιον
517 460 589 500 καί
626 455 851 510 ἀπήγγειλε
890 459 1083 509 βασιλεῖ,
1120 451 1200 497 ὅσα
1242 457 1344 510 παρ’
1371 455 1537 496 ἐκείνων
1562 450 1759 507 πύθοιτο,

318 524 554 579 ἰσχυρίζετῤ
588 538 650 576 τε,
686 522 743 571 ὥς
772 523 970 574 βασιλεὺς
1000 517 1022 561 ὅ
1050 519 1141 568 νέος
1168 518 1274 575 πρὸς
1300 517 1376 561 τὸν
1403 518 1582 572 πόλεμον
1609 519 1787 575 &arpa-5

316 592 411 645 πείη
442 589 645 645 φανερῶς.
705 588 854 629 ἐκεῖνοι
891 589 937 629 δὲ
974 587 1013 628 οἱ
1053 587 1299 642 πράττοντες
1325 584 1398 628 τὸν
1425 584 1632 639 πόλεμον,
1662 584 1759 627 ἐπεὶ

313 653 491 710 Ἀσάνης
532 652 767 710 ἀπεχώρει,
818 656 969 709 πολλῆς
1009 652 1303 706 ἐπιλαβόμενοι
1345 652 1518 706 ἀδείας,
1561 653 1758 695 πείθουσι

314 719 384 762 τὸν
410 723 500 763 νέον
525 721 700 773 βασιλέα
728 722 960 775 πρεσβείαν
989 717 1252 773 ποιήσασθαι
1283 716 1388 774 πρὸς
1419 715 1610 774 Κράλην.
1664 715 1686 760 ὅ
1717 718 1757 760 δ’

316 788 482 840 ἐδέχετο
516 787 705 839 ἀσμένως
732 789 805 827 καί
830 782 990 838 μεγάλα
1017 785 1301 840 ἐπηγγέλλετο,
1331 783 1404 826 καί
1423 783 1600 841 στρατιᾷ
1627 783 1758 838 ἐπαγ·

313 851 558 908 γελλόμενος
597 854 671 894 καί
709 850 905 906 χρήμασι
946 850 1019 893 καί
1061 849 1173 907 πάσῃ
1218 850 1395 903 δυνάμει
1422 846 1649 904 βοηθήσειν
1687 845 1789 899 ἐπὶ»

278 919 494 973 Οβασιλέα
542 916 612 959 τὸν
662 917 866 972 κηδεστήν
909 917 982 958 καί
1020 915 1096 972 τήν
1136 906 1411 973 ἀφῃρημένην
1456 915 1757 958 ἀνασώσεσθαι

317 982 479 1039 ἀρχὴν,
509 982 686 1038 ἔπραττέ
716 999 761 1024 τε
789 982 921 1024 πάντα
950 982 1022 1024 καί
1048 982 1263 1034 ὑπετίθει,
1308 978 1387 1023 ὅσα
1416 976 1515 1040 ᾤετο
1556 980 1627 1023 τὸν
1653 979 1757 1036 πρὸς

315 1049 520 1104 α’λλήλους
553 1051 633 1092 τῶν
661 1051 868 1103 βασιλέων
901 1048 1076 1102 πόλεμον
1107 1047 1301 1103 τηρήσειν
1344 1043 1499 1090 ἄλυτον
1519 1079 1532 1100 ,
1589 1049 1756 1101 συμβώ-

313 1131 399 1164 σεις
432 1115 629 1170 πρότερον
664 1116 767 1171 πρὸς
802 1115 978 1168 βασιλέα
1022 1114 1222 1167 θέμενος,
1265 1112 1316 1164 ἃς
1364 1113 1530 1166 ἐνόμιζε
1571 1110 1776 1167 μάλιστα

313 1181 429 1238 αὐτῷ
461 1180 566 1237 πρὸς
608 1180 682 1236 τήν
728 1180 865 1236 α’ρχήν
905 1185 1153 1225 λυσιτελεῖν.
1205 1181 1406 1234 βασιλεύς
1444 1182 1491 1223 δὲ
1528 1177 1549 1221 ὅ
1582 1182 1788 1230 Karta-1

310 1245 508 1301 κουζηνὸς
547 1246 661 1289 δεινοὶ
695 1250 867 1289 ἐποιεῖτο
907 1247 966 1289 τά,
996 1244 1340 1301 ἀπαγγελλόμενα
1351 1280 1363 1300 ,
1425 1243 1645 1302 (ἐμηνύετο
1671 1244 1754 1303 γὰρ

311 1311 427 1366 παρὰ
458 1313 541 1355 τῶν
569 1315 703 1368 φίλων
731 1311 876 1369 κρύφα
911 1313 1150 1369 ὃσημέραι,)
1186 1314 1259 1355 καί
1288 1314 1375 1354 δεῖν
1407 1309 1510 1370 ᾤετο
1548 1314 1641 1355 ἐκεῖ
1672 1328 1756 1354 πα-

314 1376 618 1432 ραγενόμενον,
649 1378 837 1420 διαλύειν
865 1377 940 1427 τὰς
967 1381 1032 1420 ἐπ’
1076 1377 1207 1420 αὐτὸν
1252 1375 1488 1428 συστάσεις.
1542 1380 1618 1421 τοῦ
1662 1381 1759 1421 Λα-

313 1444 468 1484 τινικοῦ
499 1445 545 1485 δὲ
572 1443 666 1485 τότε
696 1442 948 1497 α’κμάζοντος
977 1446 1186 1498 πολέμου,
1226 1438 1313 1487 οὔτ’
1341 1444 1610 1501 ἀφίστασθαι
1637 1445 1757 1499 ἐξῆν,

317 1503 411 1549 οὔθ’
439 1506 588 1564 ἑτέραν
618 1509 796 1563 δύναμιν
825 1510 1159 1567 παρασκευάζειν
1181 1545 1194 1564 ,
1234 1508 1291 1559 ὥς
1316 1513 1390 1566 τῆς
1416 1512 1789 1566 παρεσκευασμέ-ς

315 1590 388 1628 νης
417 1575 655 1630 ἀναγκαίως
683 1575 788 1631 πρὸς
821 1576 893 1618 τὸν
929 1574 1107 1630 πόλεμον
1145 1579 1435 1632 κατεχομένης.
1492 1578 1583 1619 ε’πεὶ
1612 1578 1657 1618 δὲ
1686 1577 1760 1618 av’·

271 1638 387 1683 Βτὸν
416 1640 487 1683 ε’πί
513 1643 782 1684 ῙΙῙακεδονίαν
811 1642 1030 1691 ἀδυνάτως
1064 1644 1203 1686 πλέειν
1236 1643 1384 1697 ἔχοντα
1423 1639 1564 1697 ἑώρα,
1602 1637 1760 1684 '‘Awav

316 1705 394 1760 τήν
424 1707 623 1760 βασιλίδα
653 1706 808 1762 ἔπεμπε
836 1708 941 1764 πρὸς
969 1708 1042 1751 τὸν
1070 1708 1164 1751 υἱὸν
1184 1741 1195 1763 ,
1232 1709 1290 1759 ὠς
1317 1707 1544 1751 πείσουσαν
1577 1708 1761 1762 ἀποσχέ-

317 1775 423 1815 σθαι
449 1776 532 1815 τῶν
559 1770 728 1817 ἀτόπων
766 1777 840 1818 καί
867 1774 1175 1825 διαλλάξουσαν
1211 1777 1345 1833 αὐτῷ,
1377 1777 1452 1816 οὐκ
1480 1775 1642 1830 α’γνοεῐν
1677 1772 1763 1830 φά,-

316 1898 568 1942 imposuerunt
586 1922 595 1938 ,
621 1899 685 1944 qui
711 1899 818 1933 minis
846 1900 1042 1935 exterritus
1072 1905 1108 1934 et
1130 1901 1315 1933 triremem
1347 1899 1399 1932 ibi
1423 1903 1587 1943 paratam
1610 1903 1781 1938 nactuss

315 1945 527 1987 Byzantium
553 1945 660 1979 solvit
684 1950 720 1978 et
746 1946 997 1982 Cantacuzeno
1024 1947 1235 1991 imperatori
1260 1945 1385 1980 audita
1408 1947 1613 1984 nuntiavit,
1637 1946 1764 1979 iunio.-

316 2002 391 2024 rem
411 1991 599 2025 manifeste
626 1992 764 2026 bellum
778 1995 898 2028 moliri
926 2005 1144 2028 asseverans.
1194 1994 1363 2028 Discessu
1386 1993 1513 2026 Asanis
1539 1993 1630 2026 belli
1654 1991 1764 2025 soni-

317 2037 484 2070 citatores
518 2038 648 2083 largam
687 2040 784 2074 nacti
810 2041 996 2075 licentiam
1013 2067 1022 2082 ,
1054 2040 1192 2073 iuniori
1218 2040 1429 2085 imperatori
1453 2045 1618 2073 auctores
1645 2039 1763 2081 fiunt,

318 2082 613 2130 uti-legationem
639 2086 685 2117 ad
709 2086 848 2120 Cralem
875 2089 1009 2124 mittat.
1060 2087 1177 2132 Quam
1203 2087 1268 2120 ille
1296 2086 1417 2119 libens
1445 2087 1611 2127 admisit,
1647 2086 1766 2130 impe-

319 2134 547 2174 ratoremque
572 2131 740 2165 adversus
768 2144 930 2168 socerum
954 2134 1067 2178 copiis
1082 2159 1091 2172 ‚
1112 2135 1267 2177 pecunia
1283 2159 1293 2174 ‚
1318 2134 1437 2166 nervis
1462 2133 1629 2167 omnibus
1653 2132 1764 2166 adiu-

321 2179 442 2208 turum
479 2182 587 2222 atque
623 2179 814 2222 imperium
841 2183 1095 2216 restituturum
1121 2181 1307 2224 magnifice
1336 2179 1558 2225 spopondit,
1594 2180 1764 2224 factoque

319 2221 493 2262 foedere,
526 2223 623 2269 quod
649 2225 705 2258 illi
730 2226 775 2259 ad
802 2239 879 2261 eam
920 2239 995 2262 rem
1024 2228 1203 2272 imprimis
1228 2227 1454 2261 fructuosum
1499 2227 1576 2261 fore
1601 2225 1764 2260 confide-

320 2268 406 2307 bat,
445 2267 533 2302 fecit
578 2281 618 2302 ac
652 2275 826 2317 suggessit
858 2276 1002 2315 omnia,
1051 2285 1145 2320 quae
1178 2272 1224 2306 ad
1261 2284 1358 2307 arma
1399 2274 1496 2307 inter
1531 2273 1764 2316 imperatores

322 2313 455 2348 alenda
493 2315 646 2349 valitura
680 2319 845 2355 credidit.
894 2321 959 2354 His
995 2321 1156 2361 nuntiis,
1200 2331 1290 2364 quos
1316 2320 1361 2354 ab
1399 2321 1524 2353 amicis
1562 2316 1766 2352 clanc'ulum

323 2360 491 2405 quotidie
516 2363 733 2406 accipiebat,
773 2369 927 2411 graviter
953 2373 1153 2401 commotus
1180 2366 1471 2409 Cantacuzenus,
1507 2366 1553 2400 ad
1582 2365 1767 2411 conspira-

322 2408 461 2440 tionem
482 2406 725 2452 dissipandam
750 2420 790 2444 eo
817 2413 886 2446 sibi
906 2413 1204 2459 proficiscendum
1230 2414 1473 2448 existimabat.
1521 2413 1658 2446 Verum
1677 2412 1764 2457 quia

321 2458 412 2487 tunc
436 2452 574 2487 bellum
599 2455 768 2490 Latinum
795 2459 990 2503 flagrabat,
1025 2471 1091 2493 nec
1120 2460 1245 2493 abesse
1271 2461 1408 2495 licebat
1424 2486 1433 2501 ,
1468 2471 1535 2494 nec
1561 2460 1650 2494 alias
1677 2466 1776 2494 con-'

323 2499 483 2553 scribere
510 2503 654 2544 copias,
680 2515 760 2536 cum
787 2510 823 2538 et
846 2508 1069 2552 conscriptae
1097 2507 1142 2540 ad
1168 2507 1308 2541 bellum
1332 2509 1404 2543 iam
1432 2507 1568 2541 dictum
1602 2507 1789 2540 necessa-⁵

324 2556 380 2579 no
405 2550 658 2598 retinerentur.
711 2549 891 2594 Quoniam
917 2555 1027 2597 igitur
1050 2554 1219 2593 videbat,
1254 2566 1291 2588 se
1328 2554 1560 2598 navigatione
1583 2555 1623 2586 in
1647 2553 1767 2586 Mace-

325 2590 474 2646 domam
499 2593 662 2635 excludi,
687 2595 826 2629 Annam
850 2600 1111 2643 imperatricem
1138 2599 1183 2633 ad
1210 2602 1323 2635 filium
1347 2601 1498 2646 legavit,
1525 2599 1624 2634 cuius
1650 2601 1790 2641 oratio«

325 2637 432 2671 1llum
457 2639 502 2672 ab
526 2640 710 2675 indecenti
734 2643 891 2678 facinore
914 2645 1132 2680 abstractum
1148 2673 1157 2688 ‚
1193 2648 1231 2680 in
1257 2647 1488 2682 concordiam
1512 2657 1632 2680 secum
1658 2647 1767 2679 redu-

327 2690 442 2718 ceret:
467 2697 575 2731 quam
598 2688 649 2720 ita
674 2694 729 2723 est
752 2690 946 2725 allocutus:
991 2693 1088 2731 „Noc
1113 2699 1164 2733 tu,
1188 2705 1255 2728 nec
1279 2696 1371 2729 alius
1396 2694 1589 2740 quisquam
1614 2694 1773 2739 ignotat,

329 2731 455 2777 quales
489 2739 713 2779 quantasque
756 2737 978 2773 calamitates
1002 2738 1137 2773 bellum
1164 2743 1270 2778 civile
1298 2741 1465 2775 Romanis
1490 2751 1564 2775 uon
1590 2740 1768 2788 subiectis
