1800 3164
344 157 362 193 1
378 159 444 212 72
865 158 1232 201 CANTACUZENJ

125 257 380 300 Α.0.ι35ιδὲ
418 253 470 298 τοὶ
513 258 686 299 τοιαῦτα
725 256 968 318 τολμώμενα
1007 256 1231 300 λανθάνειν
1260 258 1335 300 οὔκ
1369 261 1488 314 ἐνῆν,
1531 262 1703 312 βασιλεῖ
1721 275 1765 302 τε

332 319 483 374 ὁμοίως
510 324 582 363 καί
607 322 846 378 πατριάρχῃ
882 323 1021 365 δεινὸν
1052 324 1186 365 ἐδόκει
1211 323 1255 366 τὸ
1285 323 1344 380 μὴ
1371 323 1498 378 μόνον
1517 324 1645 367 αὐτὸν
1664 324 1765 367 ἑαυ-

327 390 401 449 τῷ,
431 386 533 428 α’λλὰ
563 386 637 428 καὶ
662 391 828 435 πολλοῖς
856 383 1011 443 ἑτέροις
1038 390 1111 443 τῆς
1138 388 1230 445 ἴσης
1258 387 1465 440 ἀπωλείας
1485 388 1618 432 αἴτιον
1644 387 1765 443 εἶναι,

327 458 414 501 τοῖς
445 454 488 494 ἐν
516 454 569 509 τῇ
598 454 707 508 μονῇ
734 454 807 507 τῆς
836 452 1059 508 ἅχωρήτου
1086 453 1233 510 χώρας
1260 458 1335 498 τοῦ
1363 458 1545 511 σωτῆρος
1574 457 1767 510 Χριστοῦ

326 521 742 573 προσαγορευομένης
773 522 1047 573 προσέταττον
1074 527 1275 575 μοναχοΐς
1291 554 1303 574 ,
1329 520 1422 564 ἐπεὶ
1447 523 1521 563 καί
1545 522 1588 563 Γ
1584 521 1800 575 ρηγορᾶς5

329 584 473 632 αὐτοῖς
500 580 650 637 χρόνον
678 581 833 637 συχνὸν
853 586 994 640 συνῆν,
1022 587 1182 641 μηδένα
1209 586 1314 642 πρὸς
1341 583 1478 642 αὐτὸνΙ
1497 587 1648 643 φοιτᾷν
1675 587 1764 643 ἐᾷν,

328 646 504 688 κωλύειν
542 662 588 689 τε
618 646 751 704 ὁπόση
782 649 979 704 δύναμις,
1003 650 1060 708 μή
1091 657 1177 701 τοῖς
1210 652 1290 703 ἔξω
1327 652 1560 708 γράμματα
1591 652 1767 704 πέμπειν

288 711 401 756 Βκαί
426 714 691 770 διαφθείρειν
718 714 814 766 τούς
845 715 1022 767 πολλοὺς
1050 719 1335 769 ἐξαπατῶντα.
1363 717 1456 760 ἐπεὶ
1486 719 1532 759 δὲ
1560 717 1766 759 ἐκωλύετο

325 776 376 819 τοὶ
405 776 510 820 κατιὶ
537 778 704 835 γνώμην
734 778 943 836 πράττειν,
973 778 1056 837 οὐχ
1084 777 1201 837 ἦττον
1229 782 1335 824 κατὰ
1365 785 1597 837 βασιλέως,
1640 776 1669 838 ἢ
1695 782 1768 836 τῆς

324 845 544 899 ἐκκλησίας
570 845 786 900 ἕκμανείς,
829 846 988 904 ἔγραφε
1029 852 1120 890 κατ’
1150 848 1417 905 ἀμφοτέρων.
1484 847 1557 890 καί
1581 848 1654 903 τῆς
1689 848 1798 900 μὲνι

325 908 429 951 κατὰ
466 913 540 965 τῆς
582 912 799 966 ἐκκλησίας
841 911 1001 968 ὕβρεως
1045 913 1120 968 τήν
1175 916 1253 954 τοῦ
1291 916 1511 968 γενομένου
1553 912 1657 955 κατὰ
1693 911 1768 966 τὴν

324 976 466 1030 τρίτην
493 975 668 1018 σύνοδον
696 975 827 1030 τόμον
856 978 955 1034 περὶ
980 982 1055 1034 τῆς
1083 978 1326 1021 Ἀκινὸύνου
1355 979 1428 1021 καί
1451 981 1646 1031 Παλαμᾶ
1675 979 1770 1019 δια-

326 1042 463 1096 φορᾶς
499 1041 785 1097 προεστήσατο
815 1044 1092 1100 κατηγορίαν,
1118 1044 1281 1098 μεγάλα
1309 1046 1388 1097 μὲν
1421 1045 1491 1086 dec
1516 1042 1770 1097 ἐπαγγελλό-

324 1121 449 1159 μενος
501 1109 574 1149 καί
617 1107 732 1150 δεινοὶ
774 1112 1011 1164 α’πελέγξειν
1041 1109 1408 1163 καταψευδόμενον
1447 1112 1520 1152 καί
1556 1115 1640 1158 τοῖς
1671 1111 1770 1150 θεο-

323 1171 456 1226 λόγοις
483 1172 653 1216 ἒναντιά
680 1176 939 1230 περιέχοντα,
970 1177 1163 1218 οὐδέποτε
1197 1177 1243 1218 δὲ
1271 1176 1392 1218 οὐδὲν
1418 1178 1501 1218 τῶν
1521 1174 1800 1229 ε’πηγγελμέ-νι

325 1254 408 1280 νων
441 1239 707 1296 ἐκπληρῶσαι
736 1243 945 1295 δυνηθείς.
993 1239 1093 1284 ὅταν
1121 1241 1202 1296 γαρ
1232 1242 1294 1282 ἐπ’
1325 1239 1670 1295 αὕτηνςμάλιστα
1697 1238 1771 1293 τὴν

286 1299 463 1359 Οᾶκμὴν
489 1308 570 1347 τῶν
599 1306 851 1357 ἀποδείξεων
885 1309 962 1349 τοῦ
992 1308 1243 1362 ζητουμένου
1273 1308 1482 1363 καταστῇ,
1523 1301 1660 1360 ὥσπερ
1703 1305 1772 1346 ἐκ·

323 1369 559 1424 λαθόμενος
591 1374 675 1414 τῶν
709 1374 753 1414 ἐν
777 1372 938 1428 χερσῖν,
966 1375 1034 1429 ἐφ’
1055 1372 1177 1428 ἕτερά
1197 1389 1288 1414 τινα
1309 1371 1366 1428 μη
1389 1369 1647 1428 προσήκοντα
1673 1369 1769 1420 ἐξά-

312 1451 455 1490 1γεται,
483 1431 510 1492 ἦ
537 1453 662 1480 τινων
689 1436 831 1494 ὕβρεις
858 1441 929 1481 καί
955 1437 1262 1494 συκοφαντίας,
1296 1440 1450 1494 (ταῦτα
1477 1435 1557 1492 γὰρ
1587 1436 1772 1489 μάλιστα

325 1501 441 1559 αὐτῷ
468 1500 572 1558 φίλα
593 1501 696 1545 κατὰ
727 1506 866 1545 πᾶσαν
898 1504 1175 1559 συγγραφήν,)
1207 1499 1234 1558 ἢ
1263 1499 1501 1558 διηγήματα
1529 1518 1621 1543 τινα
1642 1502 1800 1556 μηδὲνῃ

325 1565 615 1624 προσήκοντα,
644 1571 717 1611 καί
744 1572 976 1624 παραπαίει
1012 1571 1099 1625 εἰκῇ
1136 1567 1208 1611 καί
1247 1569 1385 1623 μάτην
1422 1569 1665 1622 λογομαχῶν
1702 1564 1774 1607 καὶ

325 1720 483 1753 lumnias
508 1719 739 1764 confingens,
766 1731 859 1765 quae
886 1731 954 1753 nec
977 1724 1100 1760 erant,
1133 1731 1200 1754 nec
1225 1721 1263 1753 in
1288 1729 1489 1753 sermonem
1513 1721 1687 1751 venerant
1726 1716 1772 1750 de

327 1766 504 1812 dogmatIS
520 1791 530 1807 ,
553 1778 595 1801 ea
620 1767 683 1799 ille
709 1767 908 1799 accusabat.
961 1767 1031 1799 Ubi
1056 1778 1139 1800 vero
1174 1767 1382 1800 huiusmodi
1419 1766 1622 1799 facinorosa
1657 1763 1774 1796 auda-

327 1813 383 1847 cia
409 1813 546 1847 diutius
585 1813 699 1846 latere
736 1825 811 1846 non
844 1814 985 1857 potuit,
1021 1814 1230 1858 pariterque
1267 1811 1463 1858 imperator
1494 1817 1530 1844 et
1565 1809 1772 1854 patriarcha

324 1871 392 1905 pro
418 1859 650 1893 intolerando
676 1859 896 1900 habuerunt,
919 1871 1000 1894 eum
1026 1871 1100 1892 non
1126 1861 1196 1892 sibi
1224 1865 1365 1893 tantum
1381 1885 1390 1899 ,
1417 1858 1480 1892 scd
1504 1858 1584 1890 aliis
1610 1861 1773 1900 praeter-

328 1917 372 1939 ea
409 1906 534 1939 multis
571 1905 667 1939 idem
694 1907 846 1940 exitium
871 1917 1009 1951 parare,
1033 1907 1216 1940 monachis
1235 1908 1274 1939 in
1296 1905 1529 1944 monasterio,
1555 1902 1654 1949 quod
1667 1902 1776 1937 Chri.

324 1955 373 1988 sti
398 1952 612 1998 appellatur,
636 1954 690 1997 (et
715 1958 771 1986 est
790 1954 829 1985 in
848 1953 995 1998 regione
1019 1952 1208 1997 solitaria‚)
1233 1954 1405 1997 quoniam
1431 1956 1467 1984 et
1481 1951 1654 1993 Gregoras
1679 1947 1789 1982 inter

323 2011 386 2035 eos
425 2001 532 2044 longo
565 2000 639 2032 iam
673 2004 836 2044 tempore
868 1999 1034 2039 vivebat,
1067 1999 1308 2039 mandarunt,
1340 1998 1522 2031 neminem
1555 1995 1692 2029 aditum
1728 1993 1775 2028 ad

326 2058 409 2081 eum
432 2046 689 2091 permitterent
724 2051 988 2092 caverentque,
1021 2051 1195 2091 quantum
1222 2050 1397 2089 possent,
1433 2054 1479 2076 ne
1515 2043 1610 2076 foras
1636 2042 1774 2076 litteras

328 2094 502 2139 quopiam
536 2093 639 2126 daret
667 2104 707 2126 ac
741 2092 932 2126 fraudibus
958 2093 1032 2126 suis
1068 2093 1201 2125 multos
1237 2090 1532 2126 circumduceret.
1584 2089 1674 2122 Cum
1707 2099 1775 2122 vo-

328 2140 506 2173 luntatem
531 2140 677 2184 explere
711 2151 786 2173 non
820 2140 1024 2180 sineretur,
1059 2138 1176 2172 nihilo
1208 2138 1326 2171 minus
1359 2142 1482 2170 contra
1520 2137 1776 2180 imperatorem

327 2196 466 2231 aeque,
490 2192 532 2220 ut
556 2191 679 2219 contra
703 2187 918 2227 ecclesiam,
945 2185 1150 2227 insaniens,
1191 2190 1385 2230 utrumque
1422 2183 1563 2227 scriptis
1591 2182 1774 2215 laceravit.

327 2233 376 2267 Et
409 2232 641 2267 contumeliis
667 2233 815 2277 quidem
851 2233 890 2265 in
932 2233 1121 2266 ecclesiam
1153 2231 1243 2265 tomi
1277 2231 1316 2264 in
1349 2231 1456 2263 tertia
1494 2228 1634 2274 synodo
1668 2238 1776 2274 super

327 2279 507 2322 Acindyni
545 2284 581 2313 et
614 2278 777 2313 Palamae
803 2279 1030 2313 dissensione
1056 2279 1144 2311 facti
1185 2277 1505 2322 reprehensionem
1542 2275 1777 2320 praeposuit,

328 2336 472 2370 semper
500 2325 700 2370 pollicens,
734 2336 772 2359 se
797 2331 1049 2365 ostensurum,
1073 2326 1177 2358 iilum
1213 2323 1346 2356 librum
1390 2322 1494 2356 valde
1543 2331 1584 2354 ac
1619 2321 1776 2366 turpiter

327 2372 477 2406 mentiri
515 2376 793 2416 sanctorumque
835 2378 979 2415 patrum
1013 2373 1112 2405 scitis
1143 2371 1323 2405 contraria
1356 2371 1565 2408 continere:
1607 2378 1674 2400 nee
1716 2373 1776 2399 ta-

329 2429 414 2452 men
437 2429 609 2465 unquam,
634 2418 731 2462 quod
750 2418 956 2462 pollicetur,
981 2419 1104 2464 aliqua
1130 2430 1173 2451 ex
1199 2422 1300 2461 parte
1327 2421 1509 2460 praestare
1531 2414 1636 2448 valet.
1686 2412 1784 2446 Cum'

330 2466 429 2500 enim
453 2466 499 2499 acl
525 2467 642 2510 ipsum
668 2465 859 2497 articulum
883 2465 1011 2504 venitf
1045 2476 1116 2510 quo
1142 2464 1296 2509 probare
1324 2463 1456 2501 debet,
1493 2461 1538 2494 de
1563 2471 1635 2506 quo
1662 2469 1778 2504 quae-

329 2513 442 2551 ritur,
467 2512 570 2558 quasi
593 2509 749 2550 oblitus,
775 2522 866 2556 quae
893 2511 932 2544 in
956 2512 1124 2544 manibus
1151 2516 1273 2549 erant,
1303 2509 1349 2542 ad
1374 2509 1447 2542 alia
1473 2506 1673 2554 quaedam,
1713 2506 1778 2538 ni·-

326 2558 384 2591 hil
411 2557 458 2591 ad
483 2559 692 2592 institutum
719 2558 962 2601 pertinentia,
997 2563 1060 2590 aut
1086 2557 1132 2590 ad
1162 2555 1338 2602 quosdam
1371 2553 1562 2588 calumniis
1595 2558 1632 2586 et
1656 2552 1775 2585 male-

327 2603 435 2638 dictis
459 2603 702 2643 Incessendos,
732 2603 849 2647 (quod
876 2603 933 2636 iiii
967 2604 1006 2637 in
1030 2605 1129 2637 omni
1160 2603 1356 2647 scriptione
1382 2602 1557 2634 sollemne
1590 2600 1673 2644 est‚)
1709 2602 1775 2631 aut

326 2651 375 2684 ad
397 2653 640 2684 narrationem
666 2652 824 2695 ineptam
849 2648 1051 2683 delabitur:
1083 2656 1118 2683 et
1143 2650 1274 2682 frustra
1307 2653 1417 2694 atque
1455 2647 1614 2680 inaniter
1648 2644 1790 2688 verbis5

326 2697 511 2733 velitando
544 2697 713 2742 nihilque
753 2702 997 2742 opportunum
1023 2695 1241 2741 proferendo
1269 2694 1416 2738 desipit.
1466 2694 1663 2738 Postquam
1689 2689 1792 2778 verf-

330 2745 618 2780 Cantacuzenum
641 2745 895 2791 imperatorem
935 2743 1055 2789 ipsum
1078 2755 1142 2789 per
1166 2754 1203 2776 sc
1230 2741 1432 2787 deprimere
1473 2744 1584 2785 atque
1611 2742 1751 2773 evertet
