1794 3158
0 32 18 74 ir*

0 674 2 712 ῐ

0 738 4 824 ἔ

404 152 478 192 AD
519 149 890 193 CANTACUZFM
935 153 1032 193 Lm.
1058 154 1108 192 ιι.
1362 132 1477 200 463

36 253 273 299 ‚consulendi
303 260 395 294 sunt
430 252 620 306 theologi.
678 252 806 292 Iidem
848 260 1059 304 asserunt,
1089 253 1239 308 absque
1282 253 1481 306 peculiari

35 308 286 357 ‚revelatione
311 310 585 362 permissuque
615 308 692 347 Dei
730 309 939 348 damnatos
976 323 1111 348 rerum
1151 316 1379 348 nostrarum
1417 308 1482 347 ni-

36 363 103 403 hil
145 378 394 417 cognoscere.
451 363 563 402 Idem
591 365 767 402 sentiunt
808 363 859 402 de
889 363 978 413 his,
1021 365 1092 416 qui
1130 364 1361 417 purgatorio
1392 363 1483 415 igne

43 418 289 469 detinentur,
323 418 468 471 quibus
495 419 605 458 Deus
632 418 682 457 de
710 417 786 465 his,
815 430 919 469 quae
946 419 1053 471 apud
1084 433 1156 458 nos
1183 426 1371 472 aguntur,
1393 432 1482 457 cre-

39 473 156 523 brius
182 488 305 528 quam
333 474 551 524 damnatis,
584 473 747 527 quando
774 486 874 525 opus
901 481 959 512 est
974 480 1014 513 et
1041 473 1101 513 illi
1122 473 1251 527 placet
1269 502 1282 526 ,
1315 471 1483 513 revelat.

35 541 213 570 ,Ponun-

39 629 41 631 .
148 584 258 635 Pag.
275 581 369 633 365,
383 581 422 622 6.
444 592 745 623 consortem
772 583 1010 638 imperii.
1067 581 1242 622 Michael
1263 590 1377 636 pater
1398 584 1484 623 eius

36 651 135 684 *cum
155 638 395 680 ,Andronico
426 640 582 677 seniore
610 644 649 677 et
674 639 707 677 is
735 651 829 676 cum
861 637 1058 678 Michaele
1083 639 1214 691 primo
1241 638 1483 692 Palaeologo

0 713 3 734 ε
35 700 82 733 ct
107 695 332 746 superiores
362 707 524 746 quoque
555 692 987 745 Constantinopolitani
1016 707 1108 732 cum
1137 693 1271 733 liberis
1297 696 1380 734 suis
1406 709 1484 733 im-

37 755 247 802 perarunt.
301 748 425 802 Apud
453 749 655 787 Romanos
688 748 946 800 imperatores
971 762 994 787 a
1011 747 1278 799 Diocletiano,
1312 751 1380 802 qui
1400 751 1483 801 pri-

38 817 134 843 mus
161 804 371 857 imperium
400 817 492 841 cum
519 803 762 842 Maximiano
792 802 1063 842 commilitone
1103 817 1175 842 suo
1211 807 1484 844 communica-

41 860 100 898 vit
130 865 171 898 et
197 861 240 897 in
269 872 315 897 ea
343 871 389 896 re
415 857 701 897 moderationis
729 871 927 897 summam
947 858 1107 898 laudem
1137 861 1375 911 promeruit,
1400 860 1485 899 usi-

40 920 168 952 tatum
194 913 270 952 suit
297 911 444 952 habere
472 920 696 953 consortem
723 913 906 966 imperii:
937 927 1018 952 non
1044 912 1166 952 modo
1194 921 1239 952 ut
1266 928 1372 953 unus
1399 915 1483 954 ori-

40 969 155 1018 entis,
184 967 284 1008 alter
311 967 528 1007 occidentis
562 975 664 1007 esset
700 969 939 1021 imperator,
984 968 1053 1008 sed
1088 969 1208 1008 etiam
1228 998 1240 1016 ,
1278 977 1324 1008 ut
1351 969 1485 1022 plures

41 1023 238 1063 occidenti
266 1023 509 1076 imperarent
526 1053 538 1071 ‚
580 1025 738 1063 tametsi
768 1023 845 1062 hoc
888 1023 1091 1063 interdum
1119 1038 1191 1076 per
1220 1025 1483 1078 tyrannidem

40 1080 174 1132 potius
202 1078 354 1117 sactum
389 1085 457 1119 est.
513 1077 696 1118 Notanda
740 1078 906 1117 ambitio
944 1086 984 1118 et
1016 1078 1223 1132 φιλαρχία
1264 1078 1483 1120 Alexandri

41 1133 197 1186 Magni,
227 1135 297 1186 qui
325 1133 450 1172 Dario
479 1135 672 1173 maiorem
710 1140 868 1186 partem
908 1135 1022 1186 regni
1051 1147 1176 1186 usque
1205 1133 1258 1172 ad
1293 1135 1483 1187 Euphra-

38 1195 142 1228 trem
170 1194 209 1227 et
237 1187 405 1227 alteram
433 1187 558 1229 filiam
586 1202 751 1228 uxorem
769 1217 782 1238 ,
823 1202 898 1241 pro
923 1188 1087 1241 reliquis
1124 1189 1291 1241 captivis
1318 1191 1483 1243 triginta

37 1243 163 1283 millia
190 1242 385 1283 talentum
416 1242 633 1293 offerente,
675 1243 906 1296 respondit,
945 1250 1240 1297 praestaturum
1274 1257 1316 1283 se
1343 1259 1418 1294 ea,
1447 1247 1483 1285 si

37 1298 234 1338 secundus
263 1298 366 1349 sibi,
413 1312 495 1338 non
533 1313 606 1352 par
637 1298 778 1337 haberi
818 1298 927 1338 velit.
986 1299 1174 1337 Ceterum
1206 1312 1337 1351 neque
1364 1314 1484 1339 mun-

36 1353 137 1399 dum
175 1367 291 1407 posse
328 1353 486 1392 duobus
534 1353 684 1393 solibus
718 1354 827 1406 regi,
875 1366 1007 1406 neque
1046 1353 1186 1392 orbem
1216 1368 1372 1393 summa
1401 1355 1483 1395 duo

37 1422 160 1463 regna
187 1407 299 1448 salvo
328 1415 433 1448 statu
461 1416 661 1447 terrarum
689 1408 850 1450 habere.
881 1408 1057 1448 Iustinus
1085 1408 1155 1452 lib.
1185 1421 1245 1452 ιι.
1275 1422 1452 1454 romum

151 1464 254 1516 Pag.
267 1462 363 1514 565,
379 1477 444 1505 22.
477 1462 578 1504 οὐδὲ
600 1465 659 1502 M.

151 1519 251 1571 Pag.
268 1519 361 1569 566,
383 1534 420 1573 7.
450 1518 514 1559 id
552 1534 601 1558 se
636 1518 923 1562 admittere.
979 1518 1206 1572 Pugnantia
1233 1518 1391 1558 videtur
1417 1519 1479 1559 lo·

37 1576 122 1629 qui,
149 1575 183 1614 si
208 1576 414 1628 sequentia
441 1574 680 1613 consideres.
741 1573 821 1612 Sed
848 1575 947 1614 haec
974 1575 1026 1613 ad
1052 1574 1255 1624 animum3
1294 1589 1396 1628 quae
1416 1589 1478 1614 se·

36 1637 234 1684 quuntur,
270 1629 321 1668 ad
353 1629 537 1668 habitum
569 1636 608 1668 et
648 1629 819 1682 insignia
853 1637 892 1668 et
920 1643 1068 1670 nomen
1110 1631 1339 1683 pertinent,
1375 1645 1480 1683 quae

34 1686 113 1726 sibi
145 1686 202 1725 ait
243 1698 325 1723 non
353 1683 625 1733 allubescere,
668 1698 798 1736 neque
837 1684 961 1723 ullam
999 1685 1286 1725 iucunditatem
1324 1699 1477 1738 parere.

35 1740 217 1781 Adhibet
245 1740 365 1779 etiam
398 1744 475 1778 ista
523 1741 772 1779 recusatione
812 1742 1000 1791 argutias,
1075 1741 1250 1779 Demum
1294 1739 1395 1778 infra
1431 1754 1479 1780 ex

35 1795 137 1846 illis,
169 1797 365 1835 exteriore
405 1793 566 1849 quidem
603 1795 737 1833 habitu
777 1795 989 1849 vestituq1oe
1017 1809 1094 1833 non
1125 1809 1170 1834 eo
1202 1801 1278 1833 etc.
1298 1824 1311 1843 ,
1350 1802 1474 1848 patet,

35 1863 116 1890 non
146 1857 229 1890 tam
256 1849 384 1889 officia
415 1864 460 1888 ac
489 1863 655 1888 munera
694 1849 949 1902 imperatoria
982 1862 1200 1899 recusasse,
1229 1863 1353 1902 quam
1380 1865 1477 1902 pro-

36 1913 126 1959 pter
153 1913 355 1945 externam
388 1903 499 1943 illam
540 1905 811 1953 maiestatem,
853 1919 946 1944 cum
980 1919 1062 1943 non
1094 1905 1276 1944 deessent
1312 1905 1476 1946 Andro-

36 1962 116 2001 nici
143 1960 274 2009 liberi,
304 1961 375 2000 etsi
403 1959 655 2013 impuberes,
684 1960 876 1999 invidiam
899 1960 1058 2015 fugisse.
1087 1973 1262 2000 PONTAN.

147 2016 252 2069 Pag.
274 2015 422 2069 569,9.
454 2011 510 2066 μὴ
546 2017 602 2053 M.
633 2028 705 2067 pro
727 2011 847 2066 μήτε.

148 2071 250 2124 Pag.
265 2069 362 2120 566,
384 2083 452 2109 21.
483 2067 571 2121 ἔχει
601 2071 658 2110 M.

146 2127 249 2180 Pag.
263 2125 360 2175 366,
377 2126 445 2165 23.
473 2138 519 2164 τε
547 2138 629 2163 om.
658 2125 715 2164 M.

145 2182 250 2236 Pag.
267 2180 362 2231 368,
387 2194 421 2219 ι.
456 2177 654 2232 α’νίστησί
674 2193 719 2219 τε
749 2181 809 2219 Μ.
840 2192 922 2233 mg.

143 2237 252 2290 Pag.
270 2235 364 2284 368,
389 2249 426 2275 2.
455 2234 731 2283 διαλέξασθαι
761 2236 822 2274 Μ.

143 2291 245 2345 Pag.
260 2291 353 2344 569,
367 2304 431 2330 22.
463 2282 492 2342 ἢ
522 2294 613 2336 ταῖς
641 2297 681 2329 et
707 2285 1142 2341 συνδιανυκτερεύσειε
1169 2288 1229 2328 Μ.
1261 2302 1433 2342 quoque.

43 2382 46 2386 .
146 2346 353 2401 Pag.37o,
374 2359 434 2387 10.
467 2345 780 2386 Benedictus
809 2345 1126 2385 Zacharias,
1179 2344 1349 2398 Propria
1375 2345 1473 2384 solet

35 2409 289 2457 postponere,
321 2399 430 2453 quod
460 2399 568 2453 apud
606 2414 680 2439 nos
708 2401 940 2440 inusitatum
980 2407 1049 2438 est.
1107 2400 1247 2453 Itaque
1290 2413 1364 2452 pro
1394 2401 1472 2438 Za-

34 2457 190 2498 charias
220 2456 475 2505 Benedictus,
502 2456 641 2507 scripsi
670 2455 907 2495 Benedictus
926 2454 1156 2497 Zacharias.
1213 2454 1314 2494 Erat
1339 2462 1472 2494 autem

32 2512 266 2558 Μπενέτος.
321 2512 512 2551 Recentes
537 2511 644 2550 enim
671 2512 714 2550 in
736 2510 967 2550 huiusmodi
990 2509 1139 2549 Italicis
1161 2516 1200 2549 et
1228 2510 1381 2548 Latinis
1399 2508 1473 2548 vo-'

35 2567 148 2608 cibus
164 2597 176 2617 ,
203 2574 249 2607 ut
276 2574 335 2607 est
361 2565 577 2606 Benedetto
594 2596 605 2613 ‚
648 2580 722 2619 pro
765 2565 902 2606 littera·
925 2566 949 2604 h
992 2571 1149 2617 ponunt
1178 2578 1208 2602 π
1246 2571 1285 2603 et
1312 2564 1471 2618 quidem

33 2622 207 2676 praefixa
242 2623 278 2662 ei
313 2636 371 2673 μς
402 2622 468 2661 hic
500 2635 571 2675 pro
597 2621 832 2661 Benedictus
868 2620 1047 2661 scribunt
1084 2617 1403 2669 μπενεδώιτους,
1431 2626 1471 2682 ef

35 2678 158 2718 Beato
186 2679 417 2731 exprimitur
446 2676 508 2716 his
538 2676 695 2728 litteris,
724 2674 898 2727 μπεάτο.
957 2675 1062 2727 Lege
1096 2675 1259 2713 Henrici
1278 2674 1470 2727 Stephani

37 2731 216 2776 libellum
260 2732 310 2773 de
337 2732 467 2772 infidis
495 2733 671 2772 Graecae
702 2731 861 2785 linguae
890 2731 1086 2783 magistris
1119 2743 1210 2783 pag.
1248 2730 1337 2783 137.
1393 2728 1469 2767 llic
