1794 3158
391 186 465 227 An
506 183 876 229 CANTAcUzEm
918 190 1015 230 Lm.
1044 192 1098 230 n.
1360 174 1476 250 469

44 287 133 328 sola
173 289 216 327 in
260 285 410 327 litteras
441 289 567 329 relata
621 291 706 330 vim
762 293 978 331 testamenti
1016 292 1246 346 habuerunt.
1302 293 1368 334 Sic
1399 296 1479 336 ille.

47 343 159 383 Dum
185 356 307 396 porro
333 350 507 383 tutorem
541 343 611 384 filii
639 346 965 387 Cautacuzenum
1009 349 1206 399 instituit,
1243 350 1329 388 sine
1358 350 1481 391 dubio

48 399 166 438 etiam
196 399 407 452 imperium
432 401 468 437 ei
496 400 713 452 regendum
738 403 952 442 commisit.
1005 403 1182 443 Viduam
1215 405 1299 459 ipse
1325 405 1365 444 in
1395 421 1481 445 ma-

48 465 148 492 num
175 452 234 492 illi
261 453 395 492 tradit.
427 467 598 494 rom-m.
1132 477 1134 481 ·

155 508 258 561 Pag.
282 508 454 562 396‚2o.
485 510 707 564 despota
731 525 754 550 e
780 511 1026 552 custodia
1050 514 1278 568 elapsas.
1331 516 1484 570 Grego-

44 575 138 602 ras:
165 563 437 602 Constantinus
463 563 624 619 despota
652 579 739 604 cam
755 567 902 618 ⁵ceteris»-
928 569 1098 606 vinculis
1125 571 1294 618 solutus,
1341 581 1383 610 ut
1417 572 1483 610 di-

44 619 195 668 ximus,
215 619 405 672 (captivos
429 620 584 658 iussisse
611 620 757 658 dimitti
786 622 1065 674 imperatorem
1086 637 1206 676 supra
1235 624 1354 676 dixit,
1373 626 1484 665 Con-

44 673 262 712 staminum
294 673 499 727 despotam
517 704 529 724 ,
558 689 745 727 magnum
774 674 1018 728 logothetam
1048 679 1289 718 Metochiten
1309 710 1320 731 ‚
1346 695 1483 721 omnes

46 727 219 780 denique
246 729 383 767 eodem
416 730 581 768 crimine
610 730 851 780 damnatos‚)
881 746 968 771 cum
989 734 1154 787 paulum
1181 750 1222 772 se
1248 736 1484 787 ostendisset,

45 795 183 821 rursus
210 783 252 822 in
279 784 461 823 obscuras
487 785 655 823 latebras
683 794 796 824 noctu
822 801 848 824 a
863 788 1091 839 proceribus
1117 790 1257 828 aulicis
1284 799 1338 828 est
1370 791 1484 829 abdi-

43 845 113 878 tus.
145 837 193 875 V
185 839 278 876 eriti
307 840 432 889 enim,
462 853 523 888 ne,
555 841 790 894 imperatore
808 841 1003 893 defient-to,
1031 843 1143 882 turba
1165 844 1207 882 in
1225 846 1374 898 populo
1403 848 1483 885 ori-

46 901 154 931 retur
169 923 179 940 ‚
207 907 291 931 cam
314 893 362 932 ob
390 894 507 941 alia,
527 902 606 933 tum
627 905 795 950 propter
823 897 860 934 C
877 897 1048 936 litteram
1080 906 1119 937 et
1150 900 1246 937 olim
1267 909 1408 938 temere
1434 901 1485 939 de

47 947 119 986 illo
157 949 341 987 iactatam
379 962 573 988 rumorem
613 951 668 988 sic
705 951 818 989 illam
861 959 1088 994 tractarunt.
1149 953 1196 991 V
1190 954 1337 1006 algaris
1378 957 1484 994 enim

28 1003 157 1055 sama·
187 1011 272 1047 erat
283 1032 297 1052 ,
329 1004 557 1057 imperium,
585 1014 714 1043 vetere
741 1007 976 1059 imperatore
1009 1007 1209 1058 defimcto,
1241 1011 1281 1046 ei
1305 1024 1384 1047 esse
1417 1010 1487 1048 de-

43 1058 228 1096 stinatum
244 1086 256 1107 ‚
286 1060 393 1097 cuias
420 1072 562 1098 nomen
594 1060 631 1098 C
656 1059 786 1098 littera
815 1062 1014 1099 inchoaret
1029 1077 1045 1110 ‚-
1078 1063 1179 1101 unde
1193 1092 1206 1111 ‚
1229 1077 1314 1102 cum
1338 1073 1376 1102 et
1401 1066 1484 1118 ipse

47 1111 320 1152 Constantinus
340 1113 560 1162 diceretur,
602 1124 792 1169 suspectus
823 1124 919 1157 erat.
976 1115 1113 1169 Pergit
1141 1117 1286 1156 deinde
1327 1133 1373 1158 ae
1411 1119 1485 1157 do-

47 1173 138 1217 cet,
175 1181 257 1220 quo
292 1175 408 1220 pacto
445 1168 563 1208 iidem
605 1183 792 1222 proceres
827 1171 1020 1209 seniorem
1058 1172 1336 1212 Andronicum
1381 1173 1486 1212 male

45 1221 306 1261 multaverint
328 1253 340 1270 ,
371 1237 472 1276 quae
499 1231 631 1262 tamen
661 1238 753 1262 cum
780 1232 915 1263 nostra
942 1227 1170 1266 narratione
1197 1236 1376 1280 pugnant
1406 1231 1487 1267 mi-

46 1276 240 1317 rabiliter.
296 1278 374 1316 Sed
403 1292 476 1317 cur
503 1280 703 1332 Gregoras
739 1279 979 1331 singularem
1018 1281 1307 1320 humanitatem
1336 1290 1374 1321 et
1403 1283 1488 1322 cle-

46 1334 238 1371 mentiam
268 1334 400 1385 magni
430 1333 633 1373 domestici
663 1335 706 1372 in
739 1335 1047 1374 Constantinum
1076 1337 1196 1374 istum
1239 1340 1491 1389 praetermit-

45 1388 122 1436 1it,
149 1389 219 1440 qui
249 1387 370 1426 nullis
396 1389 581 1441 precibus
611 1387 715 1426 flecti
743 1396 899 1442 potest,
933 1397 978 1429 ut
1005 1392 1041 1429 ei
1073 1390 1211 1430 oculos
1242 1400 1355 1430 eruat
1375 1422 1387 1443 ‚
1417 1407 1489 1431 ne-

47 1441 144 1481 dum
175 1450 220 1481 ut
248 1441 362 1481 illum
382 1443 516 1496 (quod
541 1443 723 1497 inprimis
750 1443 937 1483 volebant
968 1448 1174 1497 proceres)
1195 1447 1386 1486 occidat?
1411 1462 1486 1485 nc-

47 1499 131 1536 scio
172 1511 275 1551 quae
314 1498 539 1551 malignitas
579 1498 754 1537 hominis
802 1513 845 1538 se
871 1500 1004 1552 prodit
1046 1515 1127 1540 non
1160 1515 1276 1540 raro:
1317 1517 1410 1540 nam
1442 1510 1487 1540 ut

42 1552 170 1591 multa
198 1554 418 1606 ignorarit,
453 1554 561 1606 quod
590 1554 797 1606 aliquoties
835 1555 914 1592 iam
956 1555 1153 1605 diximus,
1191 1562 1272 1594 tam
1318 1556 1488 1596 illustria

43 1609 115 1661 qui
145 1608 308 1647 tandem
337 1609 373 1647 ei
404 1608 583 1647 inaudita
611 1616 650 1647 et
679 1609 926 1661 incomperta
945 1624 1029 1650 esse
1043 1614 1488 1664 potuerunt290NTAN.

157 1663 261 1714 Pag.
279 1664 442 1716 397‚22
491 1662 635 1709 αὐτοῖς
663 1664 719 1702 Μ.
751 1678 927 1717 quoque.

155 1717 371 1772 Pag.398,
389 1731 425 1758 2.
456 1710 625 1764 ἄκοντος
652 1719 711 1756 Μ.
742 1733 918 1772 quoqne.

158 1772 267 1825 Pag.
283 1773 431 1826 398,9.
462 1781 628 1811 nocta.
685 1773 791 1813 Vide
816 1773 1075 1827 proverbium
1101 1772 1149 1813 ἓν
1178 1771 1299 1812 νυκτὶ
1325 1771 1454 1826 βουλή
1473 1806 1490 1827 ,

42 1828 89 1866 'in
130 1835 242 1867 nocte
283 1828 502 1868 eonsilium.
559 1828 738 1881 Tempus
774 1836 1014 1867 nocturnum
1053 1836 1214 1881 propter
1251 1828 1482 1877 silentium,

46 1897 139 1921 cum
177 1884 386 1935 quieseunt
423 1895 544 1921 voces
579 1883 870 1936 hominumque
906 1897 1155 1936 canumque,
1185 1882 1374 1922 idoneum
1424 1892 1485 1924 est

46 1937 252 1990 captandis
278 1937 465 1978 consiliis.
520 1938 663 1987 Quare
686 1939 999 1991 sapientissimus
1027 1946 1143 1991 poeta
1171 1938 1288 1976 etiam
1311 1939 1487 1978 Aeneam

46 2007 166 2031 suum
198 2005 270 2045 per
297 1999 454 2031 noctem
489 1991 661 2046 plurima
691 1993 920 2033 volventem
960 2007 1174 2047 secumque
1202 1992 1488 2034 deliberantem

34 2047 200 2086 «inducit
236 2061 270 2085 r.
296 2047 491 2091 Aeneid,:
520 2047 577 2086 At
598 2050 690 2102 pius
718 2047 873 2087 Aeneas·
897 2061 973 2102 per
1004 2058 1150 2087 noctem
1190 2048 1371 2101 plurima¹
1398 2050 1488 2087 vol*—

47 2117 158 2142 venS.
215 2101 282 2141 Ad
315 2117 434 2156 quem
475 2117 636 2142 versum
675 2103 767 2142 vide
795 2102 995 2156 symbolas
1024 2110 1189 2143 nostras.
1248 2104 1487 2142 Onosander

47 2171 135 2210 cap.
160 2171 193 2196 ι.
225 2157 310 2197 vult
340 2159 621 2211 imperatorem
662 2161 749 2197 sive
795 2158 935 2197 ducem
965 2172 1048 2197 esse
1076 2158 1255 2196 sobrium
1289 2159 1371 2197 sive
1409 2159 1488 2196 sic-

46 2226 137 2249 cum
157 2241 168 2262 ‚
201 2219 247 2251 ut
275 2214 317 2251 in
345 2214 480 2252 arduis
524 2213 694 2267 negotiis
730 2213 918 2266 parandis
949 2212 1218 2266 putandisque
1253 2213 1483 2265 pervigilet.

46 2265 180 2306 Noctu
209 2267 314 2306 enim
343 2269 456 2322 quasi
485 2267 626 2307 silente
645 2275 684 2307 et
712 2270 938 2321 quiescente
965 2267 1264 2320 animo‚multa.
1281 2268 1393 2307 ducis
1417 2282 1486 2307 co·-

48 2323 186 2375 gitatio
213 2321 377 2361 molitur·
405 2337 457 2361 ac
479 2324 646 2376 perficit.
675 2337 848 2363 ronna.

161 2375 375 2431 Pag.398‚
396 2392 459 2417 ιι.
495 2374 819 2426 ἀπαλλάξασθαι
846 2378 905 2417 Μ’.

160 2431 269 2483 Ρας.
286 2432 381 2485 398,
401 2446 465 2473 22.
496 2428 664 2487 θυρύβῳ
693 2431 831 2488 πολλῷ
857 2430 931 2471 κατ’
958 2432 1020 2472 Μ.

160 2485 264 2540 Pag.
283 2487 377 2540 399,
400 2486 460 2538 14.
489 2488 794 2542 timensque.
825 2489 939 2539 Quae
968 2489 1148 2528 timuerit
1179 2502 1310 2538 senex,
1330 2501 1386 2527 ne
1409 2488 1485 2527 sibi

38 2539 187 2579 ¹fierent
214 2550 357 2595 nepote
391 2549 548 2581 mortuo
567 2571 579 2591 ‚
613 2557 658 2581 ca
687 2543 787 2582 facta
816 2557 906 2583 esse·
928 2551 1071 2597 nepote
1098 2543 1228 2582 adhuc
1259 2543 1377 2592 vivo,
1409 2557 1482 2580 au-

50 2595 186 2634 dacter
213 2604 350 2636 narrat
379 2598 577 2650 Gregoras
604 2597 675 2636 lib.
696 2612 734 2651 9.
752 2613 765 2637 τ
796 2598 847 2637 In
879 2601 1070 2638 seniorem-
1091 2613 1183 2638 vero
1211 2600 1483 2651 imperatorem

45 2651 186 2704 pheres>
211 2653 402 2691 maloram
437 2653 525 2691 vias
558 2655 849 2706 excogitarunt,
889 2668 988 2708 quae
1028 2668 1158 2692 omnes
1192 2653 1326 2691 eodem
1366 2652 1485 2689 duee-

52 2715 147 2744 rent.
210 2705 422 2759 Optionem
458 2709 497 2745 ei
529 2708 739 2756 dederunt,
796 2709 977 2747 malletne
1018 2709 1272 2747 monasticum
1312 2707 1483 2743 habitum

34 2760 211 2800 ‘induere
226 2791 237 2811 ,
269 2773 324 2800 an
359 2762 474 2802 aliud
497 2763 643 2802 malum
680 2763 818 2806 subire.
875 2763 931 2801 Id
961 2776 1055 2802 vero
1090 2776 1168 2801 esse
1211 2770 1279 2801 ιιιιι
1307 2760 1485 2808 caedem,
