1800 3164
418 150 492 191 Al)
531 149 903 192 CANTACUZENI
941 149 1040 188 Lm.
1073 150 1106 189 ι.
1378 134 1482 208 37¹

46 255 165 303 paeto
193 249 452 292 Andronicus
497 250 622 299 filius,
661 250 815 304 paterni
853 249 1008 290 sceleris
1044 248 1265 290 vindictam
1293 257 1487 303 metuens„

41 307 118 355 stne
142 311 181 343 et
218 305 302 358 ipse
345 305 530 345 videlicet
579 306 715 346 oculos
754 319 850 344 cum
889 305 1053 357 imperio
1089 307 1290 345 amitteret
1331 316 1492 362 propter

27 367 170 412 &quem
198 367 311 412 pater
343 360 516 400 Michael
546 361 767 415 legitimum
793 360 979 399 heredem
1009 361 1066 398 ita
1093 361 1309 400 crudeliter
1340 369 1490 403 tracta-

49 414 192 464 verat‚)
220 414 271 454 ad
298 428 391 454 eum
420 417 461 454 in
481 418 657 470 quodam
686 415 895 468 Bithyniae
924 413 1118 467 oppidulo
1146 417 1391 456 custoditum
1419 433 1490 458 ve-

35 470 170 519 merit,
192 470 418 509 consolatus
445 474 510 521 sit,
538 472 589 511 ad
616 473 769 511 victum
794 477 833 509 et
860 469 1014 509 cultum
1035 471 1184 520 omnia,
1213 472 1348 525 quoad
1375 474 1490 514 vive-

40 529 127 574 κε,
155 525 430 578 suppeditarit.
461 540 637 566 roua-AN.

155 578 257 632 Pag.
274 594 287 619 1
302 594 338 631 1,
356 595 396 635 7.
422 581 632 633 γεγένηται
660 582 717 623 Μ.

25 661 46 680 ⁴·
155 633 257 687 Pag.
278 648 339 686 11,
354 636 394 676 8.
421 637 491 675 ad
515 635 822 675 Michaelem
853 633 1232 688 Palaeolo'gum.
1270 637 1490 678 Familiam

3 703 7 708 ⁴
41 687 377 743 'Palaeologorum
397 705 452 730 ex
464 691 587 730 Italia
603 700 641 730 et
654 689 832 740 Viterbo‚
861 690 1055 729 Etruriae
1072 692 1230 730 civitate
1249 693 1359 732 lzaud
1382 696 1491 746 igno—

44 741 133 790 hili,
165 745 354 798 originem
384 748 569 794 traxisse,
597 747 795 786 nonnullis
814 746 972 800 placet.-
1002 755 1041 784 et
1070 747 1295 786 continuata
1314 750 1490 802 quadam

13 800 143 847 ,serie
187 813 243 838 ex
281 801 356 839 lzac
393 801 581 840 Caesares
613 802 780 856 imperio
811 801 1238 854 Constantinopolitano
1265 803 1360 842 dati
1403 813 1493 842 sunt

12 873 14 878 ·
39 854 158 893 wenis
183 854 338 894 circiter
366 865 519 895 centum
549 858 770 909 nonaginta
801 864 990 910 quatuor:
1019 856 1142 894 donec
1170 857 1330 896 tandem
1365 860 1490 909 refri-

38 918 213 960 gescente
249 910 422 964 pristina
463 912 538 950 illa
589 912 733 950 virtute
778 913 1006 965 pietateque
1043 911 1269 951 Christiana
1297 941 1309 962 ‚
1354 915 1489 952 omnia

37 964 200 1015 segnitie
250 965 398 1004 uadam
447 976 486 1006 et
507 967 675 1005 diversis
700 966 838 1004 studiis
863 967 904 1004 in
932 966 1101 1004 deterius
1133 966 1221 1004 labi
1256 977 1486 1020 coeperunt,

36 1018 110 1068 pic,
136 1027 180 1057 ut
266 1022 523 1060 rentissimum
557 1022 798 1060 Graecorum
827 1022 1038 1074 imperium
1067 1022 1111 1059 in
1150 1021 1368 1060 Turcarum
1398 1037 1488 1062 ma-

30 1085 113 1115 ‘nus
155 1088 204 1112 ac
249 1083 481 1129 potestatem
529 1076 731 1116 deveniret
788 1089 893 1115 anno
941 1075 1150 1114 millesimo
1181 1077 1490 1130 quadringente-

31 1128 141 1170 -ΰὶπιο
180 1130 500 1185 quinquagesimo
535 1133 650 1170 tertio
665 1161 678 1180 ‚
721 1140 931 1186 postquam
967 1130 1101 1179 mille,
1142 1140 1292 1170 centum
1329 1140 1367 1170 et
1397 1146 1488 1170 am-

29 1182 141 1244 plius
172 1186 387 1238 nonaginta
415 1187 529 1225 annis
569 1187 759 1226 incolume
798 1187 972 1228 stetisset.
1031 1184 1086 1223 Ut
1120 1194 1251 1224 autem
1278 1187 1488 1240 imperium

25 1238 111 1276 *hoc
136 1253 164 1277 a
193 1240 441 1282 Constantino
470 1255 626 1294 magno,
663 1240 823 1280 Helena
857 1248 981 1278 matre
1001 1241 1147 1291 genito,
1171 1241 1244 1295 qui
1277 1241 1379 1280 hanc
1419 1256 1489 1280 ur-

30 1291 121 1338 bem
145 1309 167 1332 e
191 1294 398 1335 ruderibus
434 1305 473 1335 et
509 1297 772 1335 nobilissimae
809 1296 1054 1349 antiquitatis
1078 1295 1330 1346 fragmentis
1363 1297 1487 1349 plane

33 1361 181 1394 novam
220 1351 410 1401 refecerat
441 1351 616 1405 miroque
657 1359 800 1390 ornatu
831 1358 1092 1389 exstruxerat
1111 1379 1123 1397 ‚
1159 1351 1313 1388 initium
1337 1351 1484 1398 habuit,

16 1404 92 1441 »iic
119 1417 212 1443 sane
233 1406 276 1444 in
304 1406 553 1446 Constantino
582 1415 735 1454 octavo,
769 1406 837 1445 cui
862 1419 1012 1459 quoque
1049 1412 1175 1443 mater
1197 1403 1287 1457 fuit
1308 1405 1484 1455 Helena,

21 1457 161 1509 ›de-siit.
220 1460 326 1514 Quin
364 1461 484 1500 etiam
519 1475 608 1500 cum
648 1462 695 1500 id
732 1461 940 1500 tenuissent
968 1459 1109 1497 Latini
1137 1467 1232 1513 quot
1264 1461 1381 1498 annis
1416 1475 1482 1499 su-

26 1524 111 1568 pra
136 1513 342 1566 diximus,
375 1525 414 1555 et
436 1529 571 1555 eorum
599 1516 776 1571 auspicia
801 1516 918 1568 regni
950 1528 976 1552 a
1001 1513 1221 1564 Baldwzo,
1255 1515 1480 1554 Flandriae

26 1570 182 1619 wmite,
207 1571 433 1624 coepissent,
460 1572 516 1609 sic
546 1571 800 1625 postmodum
825 1571 867 1608 in
892 1569 1097 1607 Balduino
1111 1598 1122 1615 ‚
1157 1569 1326 1608 secando
1361 1571 1480 1608 nimi-

31 1635 118 1663 rum
150 1624 262 1663 haias
282 1626 475 1672 nominis,
506 1626 777 1664 conciderunt.
834 1624 967 1672 Haec,
1003 1629 1050 1660 ut
1081 1625 1293 1675 perspicua
1336 1631 1376 1662 et
1408 1639 1479 1663 co-

33 1678 147 1730 gnitu
179 1678 311 1732 digna,
341 1694 388 1719 ex
417 1681 544 1719 Bizari
572 1680 677 1719 libro
702 1680 833 1733 primo
866 1679 917 1718 de
944 1676 1051 1717 bello
1074 1678 1230 1716 Veneto
1263 1679 1481 1718 inserenda

24 1732 232 1781 duximus.
270 1748 447 1774 ΡοΝΤΑΝ.

140 1789 243 1841 Pag.
282 1803 341 1838 ιι,
377 1804 418 1843 9.
465 1787 559 1829 hic'
601 1790 829 1829 sustulit
886 1787 1105 1826 liberos.
1190 1786 1477 1826 Posteritatcm

30 1842 242 1884 Michaelis
271 1844 499 1899 Palaeologi
531 1853 614 1884 tam
640 1846 851 1893 distincte,
883 1843 1000 1895 plene
1040 1856 1086 1880 ac
1127 1855 1221 1880 vere
1250 1856 1330 1880 non
1361 1842 1476 1882 facile

24 1898 140 1950 tapud
165 1898 263 1938 alios
291 1899 527 1952 explicatam
555 1914 709 1940 cernas.
769 1899 890 1949 Quod
914 1898 1165 1951 ignorantiae
1182 1896 1375 1935 historiae
1395 1898 1475 1936 hu·-

29 1953 121 2003 im,
158 1967 262 2007 quae
290 1954 422 1994 adhuc
448 1956 489 1995 in
518 1955 694 1995 tenebris
734 1954 881 2001 iacuit,
918 1951 1229 1992 adscribendum
1275 1953 1475 2004 quispiam

27 2010 242 2061 putaverit.
297 2010 472 2063 Propter
511 2025 635 2065 quam
675 2009 943 2063 ignorantiam
983 2005 1112 2047 multa
1159 2006 1276 2045 aliter
1305 2005 1358 2045 ab
1384 2006 1472 2046 aliis

30 2071 193 2103 narrata
225 2071 264 2104 ct
291 2073 422 2105 errata
449 2075 553 2106 sunt.
597 2080 765 2107 rosus.

138 2119 243 2172 Pag.
278 2134 341 2173 ιι,
366 2135 404 2175 9.
437 2115 620 2175 ἄρᾇνας
646 2135 727 2159 om.
761 2121 819 2163 M.
1405 2167 1414 2180 7

31 2202 33 2206 ι
135 2174 242 2227 Pag.
274 2189 338 2226 11,
373 2189 434 2215 ιι.
488 2173 561 2216 καὶ
599 2176 918 2215 Κωνσταντΐνον
965 2168 1036 2214 τὸν
1079 2172 1123 2212 ἒν
1168 2171 1222 2226 τῇ
1268 2183 1471 2225 πορφυρᾳ

21 2227 239 2280 τεχθέντα.
298 2231 480 2271 Verbum
508 2246 530 2271 e
562 2231 714 2272 verbo:
746 2239 783 2269 ct
812 2230 1107 2269 Constantinum
1126 2228 1169 2266 in
1184 2240 1368 2280 purpura
1394 2239 1471 2264 na-

21 2290 114 2328 (tum
137 2313 150 2333 ,
205 2284 283 2324 hoc
329 2293 387 2325 est
408 2317 420 2336 ,
464 2294 578 2340 patre
620 2288 699 2325 iam
745 2293 968 2340 purpurato
1014 2298 1083 2324 seu
1132 2295 1356 2336 purpuram
1401 2294 1471 2343 ge-

18 2343 161 2379 ‘stante
179 2369 192 2391 ‚
234 2341 342 2393 quod
381 2341 565 2381 solebant
593 2343 878 2395 imperatores:
919 2340 959 2379 id
990 2341 1096 2380 enim
1125 2345 1211 2377 erat
1239 2350 1380 2376 eorum
1406 2349 1470 2396 in-

27 2392 156 2445 aigne.
214 2395 310 2443 Seu,
338 2398 410 2449 qui
437 2404 555 2436 natus
584 2404 642 2436 est
667 2398 914 2451 imperator,
945 2395 998 2435 ad
1029 2407 1150 2448 quem
1178 2405 1366 2454 purpura¹
1386 2402 1471 2453 susc

19 2446 256 2501 ·imperium‚
284 2453 397 2490 cuius
429 2466 476 2491 ea
504 2452 731 2506 symbolum
760 2459 800 2491 et
825 2451 1019 2491 indicium
1041 2480 1054 2501 ,
1094 2463 1164 2489 seu
1201 2459 1396 2486 succe-<³310
1426 2458 1470 2482 ¹¹1

19 2499 195 2555 imperio
231 2507 318 2558 ipso
354 2513 466 2546 ortus
495 2508 581 2548 iure
609 2507 844 2560 pertinebat.
898 2506 1077 2545 Tametsi
1112 2503 1283 2542 infantes
1309 2512 1470 2553 quoquc

20 2553 103 2609 :ipsi
132 2562 343 2613 purpureis
372 2562 501 2601 fasciis
527 2563 677 2603 involvi
709 2563 904 2602 solerent:
940 2562 1049 2615 quod
1086 2559 1136 2599 de
1164 2572 1205 2597 se
1238 2557 1356 2595 Anna
1388 2556 1469 2616 (ξο-

28 2622 189 2663 mnena,
202 2614 327 2654 Alexii
347 2617 440 2666 filia,
454 2620 698 2670 praefatione
712 2619 899 2658 historiae
918 2631 1012 2656 suae
1032 2614 1277 2655 testificatur.
1333 2609 1469 2669 Unico

28 2666 153 2706 verbo
199 2669 350 2710 Graece
393 2673 538 2712 dicitur
569 2671 995 2726 Πορφυρογεννήτης,
1025 2669 1135 2723 quod
1163 2667 1268 2705 “¹³¹⁰
1308 2666 1394 2727 (¹¹9⁰
1427 2662 1468 2699 'd

32 2718 114 2760 siue
143 2724 334 2778 exemplo)
361 2727 528 2770 reddere
557 2730 942 2783 Poryylzyrogenitus‚
988 2740 1067 2780 quo
1100 2724 1225 2776 inagis
1254 2720 1466 2766 latinizcm,
