1800 3164
268 135 375 191 258
801 147 1172 191 CANTACUZENI
1707 136 1715 140 “
1753 115 1771 186 ’ἶ

55 264 248 300 A.C.1353
264 254 318 303 ὠς
348 254 490 296 δικαία
521 254 586 294 τε”
617 246 704 292 εἷπε
733 251 835 301 „nai
861 250 958 290 νοῦν
988 246 1160 301 ἔχουσα,
1190 246 1263 288 καί
1289 248 1511 301 α’ναγκαῖον
1541 247 1709 299 εἰδέναι,
1758 271 1769 306 ³ss

261 318 340 362 {sz
372 318 679 375 προσθεμένους
707 314 791 370 χρὴ
821 310 950 370 ἑτέρῳ
971 317 1179 366 πολεμεῖν,
1204 314 1279 370 οὐκ
1298 307 1350 356 ἂν
1368 314 1596 369 α’ρνηθείην
1619 310 1712 354 οὐδ’
1755 339 1768 367 ⁴4

261 362 399 435 atstog.
454 381 523 425 τὸν
560 385 636 436 μὲν
674 379 754 434 γὰρ
808 376 933 420 ἄλλον
989 377 1156 422 ἅπαντα
1194 376 1349 435 χρόνον
1415 378 1547 429 εὐθὺς
1603 376 1712 432 μετὰ
1755 380 1769 424 ’,

258 450 305 493 τὸ
338 451 450 506 ἡμᾶς
478 451 560 490 τῶν
608 446 819 499 πολεμίων
848 447 1199 501 περιγεγενῆσθαι
1225 447 1550 489 καταλελυκέναι
1567 460 1611 492 τε
1639 443 1713 486 τὸν
1763 466 1770 508 s

258 517 453 570 πόλεμον,
485 511 717 567 συμβάσεις
745 513 948 563 θεμένους
989 510 1092 566 πρὸς
1118 507 1277 554 ’Ἀνναν
1303 511 1376 567 την
1412 512 1612 565 βασιλίδα
1640 511 1714 552 καί
1725 508 1771 552 53

260 583 435 636 βασιλέα
463 579 535 622 τὸν
565 578 666 631 ε’μὸν
692 577 910 632 γαμβρὸν,
954 577 1084 628 αὐτὸς
1113 578 1340 633 ἠνάγκαζον
1367 577 1480 630 ὖμᾶς
1507 577 1713 631 δεσπότην
1766 606 1771 608 -

132 656 246 689 Ρ.850
262 652 415 689 ἐκεῖνον
467 646 540 687 καί
575 646 752 698 βασιλέα
797 645 870 685 καί
914 645 1070 686 εἰδέναι
1102 643 1176 686 καί
1213 643 1409 698 νομίζειν·
1466 642 1540 685 καὶ
1567 642 1643 685 οὐκ
1671 645 1716 686 ὲν

263 711 491 770 άποῤῥήτῳ
519 709 679 764 μόνον,
729 707 836 751 ἀλλὰ
878 711 951 752 καί
986 711 1058 752 ἐπί
1084 714 1248 752 πολλῶν
1286 709 1485 759 πολλάκις
1514 708 1586 751 τὸν
1625 710 1716 751 νέον

260 780 453 833 βασιλέα,
481 776 555 818 καί
573 775 789 832 περιόντος
819 778 894 818 καί
917 774 1027 829 μετά
1054 775 1127 832 τὴν
1154 775 1351 831 τελευτήν
1377 777 1499 830 ἐμοῦ,
1517 777 1593 831 τῆς
1612 773 1717 817 ‘Pei-¹

259 843 400 898 μαίων
439 842 639 896 διάδοχον
681 845 899 895 βασιλείας
932 841 1107 885 ἔσεσθαι
1150 839 1490 900 οἷπεφθεγγόμην.
1549 841 1645 886 νυνὶ
1678 843 1715 884 δ’
1736 853 1773 882 ιῑῦ

263 908 375 951 αὐτὰ
418 907 469 950 τὰ
504 906 732 964 πράγματα
762 910 838 960 ε’μέ
866 924 911 949 τε
953 905 1197 963 ἠνάγκασαν
1245 907 1406 965 ἑτέρως’
1431 909 1654 966 πράττειν,
1687 905 1718 965 ἢ

262 976 319 1025 ὥς
350 971 603 1030 ἧβουλὸμην,
634 973 707 1016 καί
735 974 837 1027 ὑμῖν
867 974 978 1024 εἰκὸς
1003 974 1188 1030 μεγάλας
1217 974 1291 1025 τὰς
1318 977 1496 1031 α’πορίας
1517 977 1720 1029 ἐμποιεῖν.

264 1045 303 1084 εἰ
326 1041 404 1094 μὲν
435 1034 507 1082 οὖν
535 1042 637 1096 περί
659 1057 783 1082 τινων
823 1041 1006 1083 ου’δένων
1042 1040 1115 1083 καί
1142 1041 1520 1098 εὖκαταφρονήτων
1548 1040 1571 1084 ὅ
1600 1042 1720 1095 λόγος

120 1116 162 1149 V.
180 1117 250 1161 678
266 1103 344 1163 ἦν,
384 1107 509 1148 οὐδὲν
541 1100 593 1160 ἦν
621 1105 744 1160 ἔργον
771 1107 1035 1163 φθέγγεσθαι
1077 1110 1154 1150 νῦν
1184 1107 1231 1150 τὸ
1253 1107 1499 1164 παραστάν,
1549 1109 1607 1159 ὥς
1635 1105 1719 1151 ὀλί-

263 1189 337 1229 γης
368 1169 529 1227 βλάβης
557 1173 754 1228 ἐσομένης
774 1174 820 1214 ἐκ
849 1175 926 1215 τοῦ
951 1173 1010 1229 μὴ
1038 1176 1127 1227 μετ’
1156 1174 1380 1228 εὐβουλίας
1399 1209 1412 1229 ,
1451 1176 1542 1218 ἀλλ’
1572 1175 1720 1232 ἀπερι-
1739 1171 1771 1215 1³3

266 1241 453 1287 σκέπτως
482 1239 754 1294 φθέγξασθαι
782 1237 828 1281 τὸ
858 1239 1113 1296 προστυχόν.
1171 1240 1264 1284 ἐπεὶ
1304 1243 1351 1283 δὲ
1380 1243 1481 1296 περὶ
1506 1243 1591 1283 τῶν
1618 1244 1719 1296 παρ’

266 1305 368 1360 ἡμῖν
397 1307 619 1359 μεγίστων,
644 1307 708 1360 (τί
730 1304 810 1361 γάρ
842 1302 893 1348 ἂν
920 1304 983 1361 εἴη
1017 1308 1205 1363 μεῖζονς>
1229 1308 1323 1349 δέον
1355 1307 1563 1364 πρότερον
1590 1306 1723 1350 πολλὰ

226 1369 462 1419 Βπολλάκις
505 1373 825 1424 σκεψαμένους,
871 1369 980 1413 οὕτω
1017 1371 1124 1428 πρὸς
1164 1371 1275 1426 ὑμᾶς
1317 1371 1426 1416 ἅττα
1454 1370 1508 1416 ὃν
1529 1376 1726 1429 λυσιτελῆ

265 1439 340 1479 καί
368 1437 509 1478 δίκαια
541 1436 776 1489 νομίζωμεν
808 1439 1017 1487 διεξιέναι.
1067 1435 1116 1480 οὕ
1145 1438 1229 1494 μὴν
1258 1439 1365 1482 α’λλὰ
1397 1441 1470 1483 καί
1496 1437 1618 1494 ὖμεῖς
1647 1436 1726 1483 αὖ-

265 1505 334 1544 τοί
361 1501 434 1544 καί
467 1505 555 1560 ἰδία
594 1501 767 1551 ἕκαστος
795 1503 868 1544 καί
895 1502 1046 1553 πάντες
1083 1507 1200 1562 κοινῇ
1231 1509 1330 1561 περὶ
1366 1509 1442 1548 τοῦ
1483 1505 1763 1563 πράγματοςα

265 1567 422 1623 πολλήν
449 1558 637 1618 ἐξέτασιν
669 1571 742 1611 καί
768 1569 954 1622 βάσανον
981 1570 1240 1626 ποιούμενοι,
1259 1569 1370 1615 οὕτω
1399 1572 1728 1629 παρασκευάσα-

267 1638 346 1678 aas
367 1666 380 1687 ,
426 1632 483 1684 αἷς
512 1634 679 1689 γνώμην
710 1636 883 1684 ἕκαστος
913 1636 1105 1680 εἰσοίσων
1129 1670 1141 1690 ,
1172 1636 1224 1692 ἦν
1257 1634 1309 1681 ἂν
1335 1639 1461 1682 οἴοιτο
1506 1642 1580 1683 καί
1605 1641 1731 1697 κοινῇ

266 1707 354 1749 τοῖς
381 1697 603 1755 πράγμασι
624 1698 846 1753 Ῥωμαίων
875 1705 948 1744 καί
994 1702 1097 1756 ὑμῖν
1126 1705 1214 1761 ἷδιόιι
1241 1705 1601 1761 λυσιτελήσουσαν
1629 1702 1731 1748 ἑκά-

267 1767 397 1823 στῳ,”
437 1762 459 1805 ὅ
491 1768 572 1819 μὲν
613 1760 689 1807 οὖν
728 1765 928 1822 σύλλογος
961 1765 1069 1810 οὕτω
1098 1770 1324 1824 διελέλυτο,
1362 1774 1570 1825 βασιλέως
1598 1771 1729 1828 ὖπερ-
1762 1783 1764 1786 ’

269 1831 451 1885 θεμένου
483 1831 559 1886 τὴν
587 1830 691 1887 πρὸς
733 1831 812 1887 την
849 1836 930 1876 τῶν
961 1837 1247 1890 συγκλητικῶν
1285 1837 1458 1888 ἀξίωσιν
1486 1839 1767 1894 ἅπολογιάνὰ

372 1911 422 1944 15.
449 1909 513 1943 καὶ
536 1909 584 1942 Μ,
610 1922 676 1955 pro
702 1909 793 1944 ἄλλ’.

273 1983 492 2027 imperatore
518 1983 684 2025 fecimus,
711 1982 788 2029 ipse
813 1985 986 2032 cogebam
1010 1996 1074 2021 vos
1099 1987 1287 2024 dominum
1314 1990 1420 2024 illum
1459 1995 1497 2025 et
1528 1993 1731 2037 imperato·

273 2042 349 2063 rem
386 2032 478 2064 scire
513 2035 623 2076 atque
650 2043 864 2075 agnoscere:
890 2044 958 2068 nec
986 2034 1025 2067 in
1051 2042 1190 2070 secreto
1216 2037 1355 2078 solum,
1381 2038 1444 2072 sed
1471 2041 1595 2073 multis
1619 2050 1728 2085 saepe
1754 2071 1755 2074 ,

274 2076 534 2117 audientibus,
563 2077 816 2122 palaeologum
842 2081 1039 2125 superstite
1075 2092 1133 2115 me
1172 2088 1208 2117 et
1243 2089 1328 2126 post
1359 2085 1500 2119 obitum
1530 2097 1650 2120 meum
1688 2087 1730 2119 in

275 2124 436 2156 Romano
475 2125 630 2168 imperio
654 2136 896 2161 successorem
931 2128 1143 2173 profitebar.
1190 2130 1297 2164 Nunc
1319 2132 1397 2177 ipsa
1420 2144 1538 2166 rerum
1567 2134 1730 2168 conditio

278 2176 315 2203 et
339 2181 396 2202 me
424 2170 530 2203 aliter
553 2170 671 2204 facere
697 2175 898 2218 compulit,
927 2186 1037 2221 quam
1061 2175 1226 2210 volebam
1242 2202 1252 2213 ,
1287 2183 1324 2212 et
1356 2190 1419 2213 vos
1444 2187 1728 2215 consentaneum

279 2221 335 2248 est
375 2216 461 2250 inde
497 2216 692 2250 admodum
727 2221 920 2265 perplexos
947 2223 1037 2256 fieri.
1088 2224 1124 2256 Si
1151 2225 1263 2268 igitur
1288 2225 1339 2265 ‚de
1363 2227 1448 2260 lana
1472 2229 1619 2272 caprina
1647 2238 1731 2272 age-

277 2267 401 2302 retur,
426 2274 499 2295 non
527 2268 621 2296 esset
646 2264 797 2300 difficile
823 2270 862 2301 in
887 2280 1057 2313 praesens
1083 2271 1268 2316 proloqui,
1295 2273 1395 2317 quod
1420 2274 1459 2307 in
1483 2280 1643 2309 mentem
1666 2286 1731 2309 ve-

277 2309 395 2348 niret,
438 2309 524 2354 quia
557 2321 632 2343 non
664 2322 832 2358 magnum
859 2315 1119 2350 detrimentum
1154 2325 1368 2364 sequeretur
1393 2331 1438 2354 ex
1462 2331 1524 2362 eo,
1549 2320 1648 2369 quod
1672 2323 1731 2355 in-

279 2356 447 2388 consulto
477 2361 514 2389 et
552 2356 843 2403 inconsiderate,
878 2373 971 2408 quae
997 2364 1035 2396 in
1061 2363 1210 2398 buccam
1246 2367 1451 2410 venissent,
1484 2369 1754 2403 effutivissem„

280 2402 378 2447 Quia
404 2414 488 2436 vero
514 2403 558 2436 de
582 2404 628 2437 iis
654 2405 804 2447 agimuS,
820 2419 914 2454 quae
941 2411 1038 2454 apud
1061 2423 1127 2445 nos
1151 2414 1298 2446 maximi
1326 2416 1500 2448 momenti
1513 2415 1754 2462 sunt,(quid·

281 2450 378 2483 enim
405 2449 559 2494 imperio
585 2451 753 2496 maius?)
778 2465 815 2487 re
840 2456 940 2499 prius
964 2459 1120 2492 multum
1147 2470 1187 2491 ac
1213 2470 1321 2505 saepe
1349 2461 1561 2505 ponderata,
1587 2464 1639 2496 sic
1663 2462 1732 2495 de-

279 2507 379 2528 mum
406 2496 503 2540 apud
528 2507 611 2537 voS,
637 2508 730 2543 quae
755 2501 1001 2538 conducibilia
1038 2510 1076 2538 et
1097 2507 1193 2539 iusta
1218 2508 1484 2550 existimemus,
1519 2509 1732 2543 disserenda

280 2547 378 2577 sunt.
426 2542 554 2587 Neque
580 2543 649 2575 hoc
674 2548 828 2588 tantum,
853 2549 916 2582 sed
945 2555 982 2584 et
1008 2552 1094 2597 ipsi,
1120 2558 1195 2586 tum
1221 2564 1286 2598 per
1310 2565 1347 2587 se
1373 2556 1637 2602 unusquisque,
1651 2561 1731 2589 tum

282 2600 406 2622 omnes
434 2591 687 2629 communiter,
712 2602 750 2624 re
779 2601 945 2631 accurate
975 2609 1124 2632 excussa
1163 2611 1204 2633 ae
1227 2612 1417 2645 perpensa,
1453 2603 1506 2636 sic
1531 2603 1732 2647 comparati

284 2641 413 2676 estote,
440 2641 480 2668 ut
508 2637 726 2670 sententiam
752 2641 919 2686 quisque,
945 2655 1052 2690 quam
1078 2646 1186 2680 rebus
1216 2648 1384 2682 Romanis
1404 2651 1574 2683 universe
1610 2654 1648 2682 et
1664 2661 1742 2682 vo-

281 2682 339 2715 his
367 2684 500 2728 cuique
527 2693 689 2716 seorsum
713 2687 941 2728 profuturam
976 2694 1172 2735 putaverit,
1201 2695 1419 2738 pronuntiet
1431 2697 1451 2710 ''
1499 2697 1554 2730 Ita
1578 2706 1737 2740 respon--

283 2741 364 2763 sum
383 2729 430 2763 ad
453 2731 671 2775 petitionem
696 2733 902 2768 nobilitatis
938 2736 1105 2781 dilatum,
1138 2746 1176 2774 et
1200 2747 1397 2776 conventus
1423 2743 1592 2777 dimissus
1617 2748 1683 2777 est.
1738 2759 1742 2763 ·
