<?xml version="1.0" encoding="UTF-8"?>
<!DOCTYPE html PUBLIC "-//W3C//DTD XHTML 1.0 Transitional//EN"
    "http://www.w3.org/TR/xhtml1/DTD/xhtml1-transitional.dtd">
<html xmlns="http://www.w3.org/1999/xhtml" xml:lang="en" lang="en">
 <head>
  <title>
</title>
<meta http-equiv="Content-Type" content="text/html;charset=utf-8" />
  <meta name='ocr-system' content='tesseract 3.04.00' />
  <meta name='ocr-capabilities' content='ocr_page ocr_carea ocr_par ocr_line ocrx_word'/>
</head>
<body>
  <div class='ocr_page' id='page_1' title='image "./corpusscriptorum25niebuoft_0521.png"; bbox 0 0 1794 3158; ppageno 0'>
   <div class='ocr_carea' id='block_1_1' title="bbox 399 137 1459 197">
    <p class='ocr_par' dir='ltr' id='par_1_1' title="bbox 399 137 1459 197">
     <span class='ocr_line' id='line_1_1' title="bbox 399 137 1459 197; baseline -0.003 0"><span class='ocrx_word' id='word_1_1' title='bbox 399 157 470 197; x_wconf 73' lang='lat' dir='ltr'><strong>An</strong></span> <span class='ocrx_word' id='word_1_2' title='bbox 509 153 877 197; x_wconf 71' lang='lat' dir='ltr'><strong>cmAcqum</strong></span> <span class='ocrx_word' id='word_1_3' title='bbox 910 155 1014 195; x_wconf 73' lang='lat' dir='ltr'><strong>Lm.</strong></span> <span class='ocrx_word' id='word_1_4' title='bbox 1041 157 1095 195; x_wconf 86' lang='lat'><strong>11.</strong></span> <span class='ocrx_word' id='word_1_5' title='bbox 1359 137 1420 192; x_wconf 88' lang='lat'><strong>51</strong></span> <span class='ocrx_word' id='word_1_6' title='bbox 1440 158 1459 194; x_wconf 87' lang='lat'>1</span> 
     </span>
    </p>
   </div>
   <div class='ocr_carea' id='block_1_2' title="bbox 0 256 1504 2788">
    <p class='ocr_par' dir='ltr' id='par_1_2' title="bbox 0 256 1473 919">
     <span class='ocr_line' id='line_1_2' title="bbox 22 256 1470 316; baseline 0 -16"><span class='ocrx_word' id='word_1_7' title='bbox 22 267 169 316; x_wconf 73' lang='lat' dir='ltr'><strong>patres</strong></span> <span class='ocrx_word' id='word_1_8' title='bbox 189 261 372 302; x_wconf 82' lang='lat' dir='ltr'><strong>dixerunt</strong></span> <span class='ocrx_word' id='word_1_9' title='bbox 395 262 446 300; x_wconf 37' lang='lat' dir='ltr'><strong>*in</strong></span> <span class='ocrx_word' id='word_1_10' title='bbox 476 274 518 300; x_wconf 88' lang='lat' dir='ltr'><strong>se</strong></span> <span class='ocrx_word' id='word_1_11' title='bbox 549 267 589 299; x_wconf 83' lang='lat' dir='ltr'><strong>et</strong></span> <span class='ocrx_word' id='word_1_12' title='bbox 615 258 834 299; x_wconf 86' lang='lat' dir='ltr'><strong>secundum</strong></span> <span class='ocrx_word' id='word_1_13' title='bbox 869 270 911 298; x_wconf 86' lang='lat' dir='ltr'><strong>se</strong></span> <span class='ocrx_word' id='word_1_14' title='bbox 950 258 1130 299; x_wconf 87' lang='lat' dir='ltr'><strong>divinum</strong></span> <span class='ocrx_word' id='word_1_15' title='bbox 1163 256 1298 298; x_wconf 87' lang='lat' dir='ltr'><strong>lumen</strong></span> <span class='ocrx_word' id='word_1_16' title='bbox 1331 267 1370 300; x_wconf 81' lang='lat' dir='ltr'><strong>et</strong></span> <span class='ocrx_word' id='word_1_17' title='bbox 1402 262 1470 300; x_wconf 75' lang='lat' dir='ltr'><strong>irr-</strong></span> 
     </span>
     <span class='ocr_line' id='line_1_3' title="bbox 35 313 1470 368; baseline 0.001 -14"><span class='ocrx_word' id='word_1_18' title='bbox 35 325 212 357; x_wconf 69' lang='lat' dir='ltr'><strong>creatum</strong></span> <span class='ocrx_word' id='word_1_19' title='bbox 241 318 370 356; x_wconf 86' lang='lat' dir='ltr'><strong>visum</strong></span> <span class='ocrx_word' id='word_1_20' title='bbox 397 329 507 365; x_wconf 88' lang='lat' dir='ltr'><strong>esse,</strong></span> <span class='ocrx_word' id='word_1_21' title='bbox 537 315 684 368; x_wconf 89' lang='lat' dir='ltr'><strong>quibus</strong></span> <span class='ocrx_word' id='word_1_22' title='bbox 709 313 892 353; x_wconf 80' lang='lat' dir='ltr'><strong>Barlaam</strong></span> <span class='ocrx_word' id='word_1_23' title='bbox 920 322 960 353; x_wconf 90' lang='lat' dir='ltr'><strong>et</strong></span> <span class='ocrx_word' id='word_1_24' title='bbox 977 314 1223 368; x_wconf 79' lang='lat' dir='ltr'><strong>&#39;Acindynus</strong></span> <span class='ocrx_word' id='word_1_25' title='bbox 1247 316 1340 354; x_wconf 86' lang='lat' dir='ltr'><strong>totis</strong></span> <span class='ocrx_word' id='word_1_26' title='bbox 1370 317 1470 355; x_wconf 90' lang='lat' dir='ltr'><strong>viri-</strong></span> 
     </span>
     <span class='ocr_line' id='line_1_4' title="bbox 34 368 1473 421; baseline -0.001 -10"><span class='ocrx_word' id='word_1_27' title='bbox 34 371 111 411; x_wconf 81' lang='lat' dir='ltr'><strong>bus</strong></span> <span class='ocrx_word' id='word_1_28' title='bbox 131 373 378 421; x_wconf 81' lang='lat' dir='ltr'><strong>restiterunt,</strong></span> <span class='ocrx_word' id='word_1_29' title='bbox 411 377 629 410; x_wconf 83' lang='lat' dir='ltr'><strong>asserentes</strong></span> <span class='ocrx_word' id='word_1_30' title='bbox 661 368 797 408; x_wconf 91' lang='lat' dir='ltr'><strong>lumen</strong></span> <span class='ocrx_word' id='word_1_31' title='bbox 829 368 1012 408; x_wconf 89' lang='lat' dir='ltr'><strong>divinum</strong></span> <span class='ocrx_word' id='word_1_32' title='bbox 1041 370 1082 408; x_wconf 91' lang='lat' dir='ltr'><strong>in</strong></span> <span class='ocrx_word' id='word_1_33' title='bbox 1109 383 1149 409; x_wconf 90' lang='lat' dir='ltr'><strong>se</strong></span> <span class='ocrx_word' id='word_1_34' title='bbox 1179 377 1218 409; x_wconf 87' lang='lat' dir='ltr'><strong>et</strong></span> <span class='ocrx_word' id='word_1_35' title='bbox 1247 371 1473 411; x_wconf 82' lang='lat' dir='ltr'><strong>seeundum.</strong></span> 
     </span>
     <span class='ocr_line' id='line_1_5' title="bbox 30 423 1470 479; baseline 0 -13"><span class='ocrx_word' id='word_1_36' title='bbox 30 441 76 466; x_wconf 86' lang='lat' dir='ltr'><strong>se</strong></span> <span class='ocrx_word' id='word_1_37' title='bbox 111 426 226 467; x_wconf 91' lang='lat' dir='ltr'><strong>oculo</strong></span> <span class='ocrx_word' id='word_1_38' title='bbox 253 440 443 479; x_wconf 83' lang='lat' dir='ltr'><strong>corporeo</strong></span> <span class='ocrx_word' id='word_1_39' title='bbox 467 439 548 465; x_wconf 88' lang='lat' dir='ltr'><strong>non</strong></span> <span class='ocrx_word' id='word_1_40' title='bbox 583 431 718 478; x_wconf 89' lang='lat' dir='ltr'><strong>patere</strong></span> <span class='ocrx_word' id='word_1_41' title='bbox 737 453 749 474; x_wconf 93' lang='lat'><strong>,</strong></span> <span class='ocrx_word' id='word_1_42' title='bbox 784 423 854 462; x_wconf 89' lang='lat' dir='ltr'><strong>sed</strong></span> <span class='ocrx_word' id='word_1_43' title='bbox 883 424 1078 477; x_wconf 90' lang='lat' dir='ltr'><strong>quidquid</strong></span> <span class='ocrx_word' id='word_1_44' title='bbox 1111 426 1152 463; x_wconf 88' lang='lat' dir='ltr'><strong>in</strong></span> <span class='ocrx_word' id='word_1_45' title='bbox 1187 433 1322 465; x_wconf 88' lang='lat' dir='ltr'><strong>monte</strong></span> <span class='ocrx_word' id='word_1_46' title='bbox 1357 425 1470 466; x_wconf 76' lang='lat' dir='ltr'><strong>Tha-</strong></span> 
     </span>
     <span class='ocr_line' id='line_1_6' title="bbox 32 478 1470 535; baseline -0.001 -14"><span class='ocrx_word' id='word_1_47' title='bbox 32 482 146 522; x_wconf 86' lang='lat' dir='ltr'><strong>borio</strong></span> <span class='ocrx_word' id='word_1_48' title='bbox 179 481 468 535; x_wconf 87' lang='lat' dir='ltr'><strong>discipulorum</strong></span> <span class='ocrx_word' id='word_1_49' title='bbox 506 480 631 520; x_wconf 92' lang='lat' dir='ltr'><strong>oculis</strong></span> <span class='ocrx_word' id='word_1_50' title='bbox 672 479 882 532; x_wconf 85' lang='lat' dir='ltr'><strong>apparuit,</strong></span> <span class='ocrx_word' id='word_1_51' title='bbox 918 479 959 518; x_wconf 88' lang='lat' dir='ltr'><strong>id</strong></span> <span class='ocrx_word' id='word_1_52' title='bbox 992 480 1150 518; x_wconf 88' lang='lat' dir='ltr'><strong>divinae</strong></span> <span class='ocrx_word' id='word_1_53' title='bbox 1178 478 1285 519; x_wconf 89' lang='lat' dir='ltr'><strong>illius</strong></span> <span class='ocrx_word' id='word_1_54' title='bbox 1329 488 1369 520; x_wconf 89' lang='lat' dir='ltr'><strong>et</strong></span> <span class='ocrx_word' id='word_1_55' title='bbox 1404 483 1470 520; x_wconf 82' lang='lat' dir='ltr'><strong>in-</strong></span> 
     </span>
     <span class='ocr_line' id='line_1_7' title="bbox 30 534 1470 589; baseline 0 -13"><span class='ocrx_word' id='word_1_56' title='bbox 30 545 186 576; x_wconf 78' lang='lat' dir='ltr'><strong>creatae</strong></span> <span class='ocrx_word' id='word_1_57' title='bbox 228 544 268 576; x_wconf 89' lang='lat' dir='ltr'><strong>et</strong></span> <span class='ocrx_word' id='word_1_58' title='bbox 301 535 592 589; x_wconf 88' lang='lat' dir='ltr'><strong>inaspectabilis</strong></span> <span class='ocrx_word' id='word_1_59' title='bbox 628 534 776 588; x_wconf 82' lang='lat' dir='ltr'><strong>gloriae</strong></span> <span class='ocrx_word' id='word_1_60' title='bbox 824 540 998 572; x_wconf 85' lang='lat' dir='ltr'><strong>creatam</strong></span> <span class='ocrx_word' id='word_1_61' title='bbox 1027 535 1230 586; x_wconf 89' lang='lat' dir='ltr'><strong>quandam</strong></span> <span class='ocrx_word' id='word_1_62' title='bbox 1259 536 1470 589; x_wconf 80' lang='lat' dir='ltr'>imaginem</span> 
     </span>
     <span class='ocr_line' id='line_1_8' title="bbox 32 589 1470 645; baseline -0.001 -13"><span class='ocrx_word' id='word_1_63' title='bbox 32 593 168 633; x_wconf 79' lang='lat' dir='ltr'><strong>fuisse.</strong></span> <span class='ocrx_word' id='word_1_64' title='bbox 223 591 357 645; x_wconf 88' lang='lat' dir='ltr'><strong>Neque</strong></span> <span class='ocrx_word' id='word_1_65' title='bbox 383 591 423 630; x_wconf 90' lang='lat' dir='ltr'><strong>id</strong></span> <span class='ocrx_word' id='word_1_66' title='bbox 453 603 631 643; x_wconf 86' lang='lat' dir='ltr'><strong>unquam</strong></span> <span class='ocrx_word' id='word_1_67' title='bbox 664 589 915 628; x_wconf 82' lang='lat' dir='ltr'><strong>affirmarunt</strong></span> <span class='ocrx_word' id='word_1_68' title='bbox 940 603 987 627; x_wconf 92' lang='lat' dir='ltr'><strong>eo</strong></span> <span class='ocrx_word' id='word_1_69' title='bbox 1014 590 1205 639; x_wconf 90' lang='lat' dir='ltr'><strong>consilio,</strong></span> <span class='ocrx_word' id='word_1_70' title='bbox 1237 598 1282 630; x_wconf 88' lang='lat' dir='ltr'><strong>ut</strong></span> <span class='ocrx_word' id='word_1_71' title='bbox 1319 590 1470 631; x_wconf 91' lang='lat' dir='ltr'><strong>Filium</strong></span> 
     </span>
     <span class='ocr_line' id='line_1_9' title="bbox 31 643 1471 699; baseline -0.001 -12"><span class='ocrx_word' id='word_1_72' title='bbox 31 648 108 688; x_wconf 81' lang='lat' dir='ltr'><strong>nei</strong></span> <span class='ocrx_word' id='word_1_73' title='bbox 141 661 234 686; x_wconf 90' lang='lat' dir='ltr'><strong>cum</strong></span> <span class='ocrx_word' id='word_1_74' title='bbox 257 647 358 686; x_wconf 82' lang='lat' dir='ltr'><strong>Ario</strong></span> <span class='ocrx_word' id='word_1_75' title='bbox 402 653 627 685; x_wconf 85' lang='lat' dir='ltr'><strong>ereaturam</strong></span> <span class='ocrx_word' id='word_1_76' title='bbox 666 643 853 686; x_wconf 84' lang='lat' dir='ltr'><strong>facerent.</strong></span> <span class='ocrx_word' id='word_1_77' title='bbox 910 644 1051 697; x_wconf 88' lang='lat' dir='ltr'><strong>Neque</strong></span> <span class='ocrx_word' id='word_1_78' title='bbox 1083 644 1165 684; x_wconf 88' lang='lat' dir='ltr'><strong>ulla</strong></span> <span class='ocrx_word' id='word_1_79' title='bbox 1194 645 1368 699; x_wconf 81' lang='lat' dir='ltr'><strong>synodus</strong></span> <span class='ocrx_word' id='word_1_80' title='bbox 1393 646 1471 686; x_wconf 86' lang='lat' dir='ltr'><strong>hoc</strong></span> 
     </span>
     <span class='ocr_line' id='line_1_10' title="bbox 0 699 1470 754; baseline 0.001 -14"><span class='ocrx_word' id='word_1_81' title='bbox 0 712 2 740; x_wconf 68' lang='lat' dir='ltr'><em>r</em></span> <span class='ocrx_word' id='word_1_82' title='bbox 32 701 242 742; x_wconf 85' lang='lat' dir='ltr'><strong>Barlaamo</strong></span> <span class='ocrx_word' id='word_1_83' title='bbox 280 709 319 741; x_wconf 86' lang='lat' dir='ltr'><strong>et</strong></span> <span class='ocrx_word' id='word_1_84' title='bbox 358 701 569 754; x_wconf 89' lang='lat' dir='ltr'><strong>Acindyno</strong></span> <span class='ocrx_word' id='word_1_85' title='bbox 598 699 744 738; x_wconf 88' lang='lat' dir='ltr'><strong>obiecit</strong></span> <span class='ocrx_word' id='word_1_86' title='bbox 764 713 776 737; x_wconf 71' lang='grc' dir='ltr'><strong><em>ε</em></strong></span> <span class='ocrx_word' id='word_1_87' title='bbox 822 699 892 751; x_wconf 88' lang='lat' dir='ltr'><strong>qui</strong></span> <span class='ocrx_word' id='word_1_88' title='bbox 920 699 971 738; x_wconf 92' lang='lat' dir='ltr'><strong>de</strong></span> <span class='ocrx_word' id='word_1_89' title='bbox 998 699 1074 738; x_wconf 89' lang='lat' dir='ltr'><strong>hoc</strong></span> <span class='ocrx_word' id='word_1_90' title='bbox 1105 699 1258 739; x_wconf 90' lang='lat' dir='ltr'><strong>lumine</strong></span> <span class='ocrx_word' id='word_1_91' title='bbox 1292 701 1470 741; x_wconf 79' lang='lat' dir='ltr'><strong>tradide-</strong></span> 
     </span>
     <span class='ocr_line' id='line_1_11' title="bbox 0 753 1472 810; baseline -0.001 -13"><span class='ocrx_word' id='word_1_92' title='bbox 0 760 2 799; x_wconf 68' lang='grc' dir='ltr'><strong>ἱ</strong></span> <span class='ocrx_word' id='word_1_93' title='bbox 39 764 135 796; x_wconf 81' lang='lat' dir='ltr'><strong>runt</strong></span> <span class='ocrx_word' id='word_1_94' title='bbox 154 786 165 804; x_wconf 95' lang='lat'>‚</span> <span class='ocrx_word' id='word_1_95' title='bbox 207 757 317 810; x_wconf 84' lang='lat' dir='ltr'><strong>quod</strong></span> <span class='ocrx_word' id='word_1_96' title='bbox 345 756 465 795; x_wconf 87' lang='lat' dir='ltr'><strong>hodie</strong></span> <span class='ocrx_word' id='word_1_97' title='bbox 507 754 682 806; x_wconf 81' lang='lat' dir='ltr'><strong>theologi</strong></span> <span class='ocrx_word' id='word_1_98' title='bbox 715 753 936 793; x_wconf 76' lang='lat' dir='ltr'><strong>orthodoxe</strong></span> <span class='ocrx_word' id='word_1_99' title='bbox 965 754 1016 793; x_wconf 92' lang='lat' dir='ltr'><strong>de</strong></span> <span class='ocrx_word' id='word_1_100' title='bbox 1041 768 1088 794; x_wconf 91' lang='lat' dir='ltr'><strong>eo</strong></span> <span class='ocrx_word' id='word_1_101' title='bbox 1120 755 1322 805; x_wconf 87' lang='lat' dir='ltr'><strong>sentiunt,</strong></span> <span class='ocrx_word' id='word_1_102' title='bbox 1352 757 1472 796; x_wconf 85' lang='lat' dir='ltr'><strong>fuisse</strong></span> 
     </span>
     <span class='ocr_line' id='line_1_12' title="bbox 0 803 1471 863; baseline 0.001 -12"><span class='ocrx_word' id='word_1_103' title='bbox 0 803 2 828; x_wconf 83' lang='lat'><strong>¹</strong></span> <span class='ocrx_word' id='word_1_104' title='bbox 31 813 224 852; x_wconf 81' lang='lat' dir='ltr'><strong>nimirum</strong></span> <span class='ocrx_word' id='word_1_105' title='bbox 265 809 475 850; x_wconf 88' lang='lat' dir='ltr'><strong>invisibilis</strong></span> <span class='ocrx_word' id='word_1_106' title='bbox 515 809 735 850; x_wconf 87' lang='lat' dir='ltr'><strong>divinitatis</strong></span> <span class='ocrx_word' id='word_1_107' title='bbox 760 815 800 848; x_wconf 87' lang='lat' dir='ltr'><strong>et</strong></span> <span class='ocrx_word' id='word_1_108' title='bbox 827 807 979 863; x_wconf 86' lang='lat' dir='ltr'><strong>gloriae</strong></span> <span class='ocrx_word' id='word_1_109' title='bbox 1016 810 1213 850; x_wconf 87' lang='lat' dir='ltr'><strong>increatae</strong></span> <span class='ocrx_word' id='word_1_110' title='bbox 1247 811 1404 851; x_wconf 81' lang='lat' dir='ltr'><strong>visibile</strong></span> <span class='ocrx_word' id='word_1_111' title='bbox 1429 819 1471 852; x_wconf 72' lang='lat' dir='ltr'><strong>et</strong></span> 
     </span>
     <span class='ocr_line' id='line_1_13' title="bbox 33 869 400 919; baseline 0.005 -13"><span class='ocrx_word' id='word_1_112' title='bbox 33 874 210 906; x_wconf 86' lang='lat' dir='ltr'><strong>creatum</strong></span> <span class='ocrx_word' id='word_1_113' title='bbox 233 869 400 919; x_wconf 80' lang='lat' dir='ltr'><strong>signum.</strong></span> 
     </span>
    </p>

    <p class='ocr_par' dir='ltr' id='par_1_3' title="bbox 27 919 1474 1857">
     <span class='ocr_line' id='line_1_14' title="bbox 140 919 1472 974; baseline 0.002 -13"><span class='ocrx_word' id='word_1_114' title='bbox 140 922 201 961; x_wconf 86' lang='lat' dir='ltr'><strong>Ex</strong></span> <span class='ocrx_word' id='word_1_115' title='bbox 237 922 300 961; x_wconf 89' lang='lat' dir='ltr'><strong>his</strong></span> <span class='ocrx_word' id='word_1_116' title='bbox 337 922 508 974; x_wconf 90' lang='lat' dir='ltr'><strong>denique</strong></span> <span class='ocrx_word' id='word_1_117' title='bbox 547 919 746 973; x_wconf 74' lang='lat' dir='ltr'><strong>corrigere</strong></span> <span class='ocrx_word' id='word_1_118' title='bbox 783 920 930 972; x_wconf 85' lang='lat' dir='ltr'><strong>poterit</strong></span> <span class='ocrx_word' id='word_1_119' title='bbox 966 919 1242 973; x_wconf 87' lang='lat' dir='ltr'><strong>Stapletonus‚</strong></span> <span class='ocrx_word' id='word_1_120' title='bbox 1282 935 1386 974; x_wconf 88' lang='lat' dir='ltr'><strong>quae</strong></span> <span class='ocrx_word' id='word_1_121' title='bbox 1419 922 1472 963; x_wconf 89' lang='lat' dir='ltr'><strong>de</strong></span> 
     </span>
     <span class='ocr_line' id='line_1_15' title="bbox 31 975 1472 1028; baseline 0 -12"><span class='ocrx_word' id='word_1_122' title='bbox 31 977 241 1016; x_wconf 85' lang='lat' dir='ltr'><strong>Barlaamo</strong></span> <span class='ocrx_word' id='word_1_123' title='bbox 276 977 414 1016; x_wconf 76' lang='lat' dir='ltr'><strong>scribit</strong></span> <span class='ocrx_word' id='word_1_124' title='bbox 443 976 547 1015; x_wconf 87' lang='lat' dir='ltr'><strong>libro</strong></span> <span class='ocrx_word' id='word_1_125' title='bbox 573 975 748 1014; x_wconf 88' lang='lat' dir='ltr'><strong>secundo</strong></span> <span class='ocrx_word' id='word_1_126' title='bbox 782 975 832 1013; x_wconf 90' lang='lat' dir='ltr'><strong>de</strong></span> <span class='ocrx_word' id='word_1_127' title='bbox 863 976 1135 1028; x_wconf 84' lang='lat' dir='ltr'><strong>magnitudine</strong></span> <span class='ocrx_word' id='word_1_128' title='bbox 1171 975 1377 1015; x_wconf 88' lang='lat' dir='ltr'><strong>Romanae</strong></span> <span class='ocrx_word' id='word_1_129' title='bbox 1402 991 1472 1016; x_wconf 86' lang='lat' dir='ltr'><strong>ec-</strong></span> 
     </span>
     <span class='ocr_line' id='line_1_16' title="bbox 32 1029 1472 1085; baseline 0.001 -14"><span class='ocrx_word' id='word_1_130' title='bbox 32 1032 190 1080; x_wconf 87' lang='lat' dir='ltr'><strong>clesiae,</strong></span> <span class='ocrx_word' id='word_1_131' title='bbox 221 1031 406 1071; x_wconf 89' lang='lat' dir='ltr'><strong>videlicet</strong></span> <span class='ocrx_word' id='word_1_132' title='bbox 423 1031 676 1070; x_wconf 78' lang='lat' dir='ltr'><strong>Barlaamum</strong></span> <span class='ocrx_word' id='word_1_133' title='bbox 698 1029 939 1068; x_wconf 89' lang='lat' dir='ltr'><strong>monachum</strong></span> <span class='ocrx_word' id='word_1_134' title='bbox 970 1030 1355 1084; x_wconf 80' lang='lat' dir='ltr'><strong>Constantinopolim</strong></span> <span class='ocrx_word' id='word_1_135' title='bbox 1374 1046 1472 1085; x_wconf 79' lang='lat' dir='ltr'><strong>pro-</strong></span> 
     </span>
     <span class='ocr_line' id='line_1_17' title="bbox 35 1084 1472 1140; baseline 0.001 -14"><span class='ocrx_word' id='word_1_136' title='bbox 35 1088 183 1126; x_wconf 77' lang='lat' dir='ltr'><strong>fectum</strong></span> <span class='ocrx_word' id='word_1_137' title='bbox 213 1087 394 1126; x_wconf 85' lang='lat' dir='ltr'><strong>haeresin</strong></span> <span class='ocrx_word' id='word_1_138' title='bbox 419 1087 704 1125; x_wconf 87' lang='lat' dir='ltr'><strong>Graecanicam</strong></span> <span class='ocrx_word' id='word_1_139' title='bbox 740 1084 815 1136; x_wconf 89' lang='lat' dir='ltr'><strong>(de</strong></span> <span class='ocrx_word' id='word_1_140' title='bbox 844 1090 1094 1138; x_wconf 86' lang='lat' dir='ltr'><strong>processione</strong></span> <span class='ocrx_word' id='word_1_141' title='bbox 1124 1089 1250 1126; x_wconf 87' lang='lat' dir='ltr'><strong>sancti</strong></span> <span class='ocrx_word' id='word_1_142' title='bbox 1278 1087 1472 1140; x_wconf 87' lang='lat' dir='ltr'><strong>Spiritus)</strong></span> 
     </span>
     <span class='ocr_line' id='line_1_18' title="bbox 28 1141 1470 1196; baseline 0.001 -14"><span class='ocrx_word' id='word_1_143' title='bbox 28 1143 166 1182; x_wconf 74' lang='lat' dir='ltr'><strong>tribus·</strong></span> <span class='ocrx_word' id='word_1_144' title='bbox 181 1144 269 1182; x_wconf 81' lang='lat' dir='ltr'><strong>totis</strong></span> <span class='ocrx_word' id='word_1_145' title='bbox 300 1143 415 1181; x_wconf 82' lang='lat' dir='ltr'><strong>annis</strong></span> <span class='ocrx_word' id='word_1_146' title='bbox 446 1141 602 1196; x_wconf 83' lang='lat' dir='ltr'><strong>publice</strong></span> <span class='ocrx_word' id='word_1_147' title='bbox 628 1142 876 1192; x_wconf 68' lang='lat' dir='ltr'><strong>exagitasse,</strong></span> <span class='ocrx_word' id='word_1_148' title='bbox 909 1142 1065 1180; x_wconf 86' lang='lat' dir='ltr'><strong>nemine</strong></span> <span class='ocrx_word' id='word_1_149' title='bbox 1104 1142 1317 1191; x_wconf 77' lang='lat' dir='ltr'><strong>resistente,</strong></span> <span class='ocrx_word' id='word_1_150' title='bbox 1346 1142 1470 1183; x_wconf 83' lang='lat' dir='ltr'><strong>donec</strong></span> 
     </span>
     <span class='ocr_line' id='line_1_19' title="bbox 29 1192 1472 1250; baseline 0 -13"><span class='ocrx_word' id='word_1_151' title='bbox 29 1197 257 1238; x_wconf 84' lang='lat' dir='ltr'><strong>Palamam</strong></span> <span class='ocrx_word' id='word_1_152' title='bbox 319 1196 491 1236; x_wconf 68' lang='lat' dir='ltr'><strong>tuendam</strong></span> <span class='ocrx_word' id='word_1_153' title='bbox 519 1196 665 1234; x_wconf 83' lang='lat' dir='ltr'><strong>Graeci</strong></span> <span class='ocrx_word' id='word_1_154' title='bbox 693 1192 758 1234; x_wconf 78' lang='lat' dir='ltr'><em>illi</em></span> <span class='ocrx_word' id='word_1_155' title='bbox 806 1204 1056 1250; x_wconf 73' lang='lat' dir='ltr'><strong>opponerent,</strong></span> <span class='ocrx_word' id='word_1_156' title='bbox 1114 1197 1205 1236; x_wconf 91' lang='lat' dir='ltr'><strong>Non</strong></span> <span class='ocrx_word' id='word_1_157' title='bbox 1235 1202 1342 1236; x_wconf 85' lang='lat' dir='ltr'><strong>enim</strong></span> <span class='ocrx_word' id='word_1_158' title='bbox 1387 1198 1472 1238; x_wconf 58' lang='lat' dir='ltr'><strong>dis-</strong></span> 
     </span>
     <span class='ocr_line' id='line_1_20' title="bbox 28 1213 1474 1306; baseline 0.001 -15"><span class='ocrx_word' id='word_1_159' title='bbox 28 1255 185 1306; x_wconf 89' lang='lat' dir='ltr'><strong>putavit</strong></span> <span class='ocrx_word' id='word_1_160' title='bbox 218 1213 401 1291; x_wconf 55' lang='lat' dir='ltr'><strong>Bai-Yaam</strong></span> <span class='ocrx_word' id='word_1_161' title='bbox 440 1251 490 1290; x_wconf 92' lang='lat' dir='ltr'><strong>de</strong></span> <span class='ocrx_word' id='word_1_162' title='bbox 537 1251 788 1304; x_wconf 87' lang='lat' dir='ltr'><strong>processione</strong></span> <span class='ocrx_word' id='word_1_163' title='bbox 838 1252 965 1290; x_wconf 90' lang='lat' dir='ltr'><strong>sancti</strong></span> <span class='ocrx_word' id='word_1_164' title='bbox 999 1251 1168 1304; x_wconf 87' lang='lat' dir='ltr'><strong>Spiritus</strong></span> <span class='ocrx_word' id='word_1_165' title='bbox 1205 1265 1279 1305; x_wconf 76' lang='lat' dir='ltr'><strong>pm</strong></span> <span class='ocrx_word' id='word_1_166' title='bbox 1320 1253 1474 1294; x_wconf 80' lang='lat' dir='ltr'><strong>Latinis</strong></span> 
     </span>
     <span class='ocr_line' id='line_1_21' title="bbox 30 1305 1472 1359; baseline 0.001 -12"><span class='ocrx_word' id='word_1_167' title='bbox 30 1315 170 1347; x_wconf 89' lang='lat' dir='ltr'><strong>contra</strong></span> <span class='ocrx_word' id='word_1_168' title='bbox 195 1308 394 1358; x_wconf 88' lang='lat' dir='ltr'><strong>Graecos,</strong></span> <span class='ocrx_word' id='word_1_169' title='bbox 418 1306 488 1346; x_wconf 91' lang='lat' dir='ltr'><strong>sed</strong></span> <span class='ocrx_word' id='word_1_170' title='bbox 523 1307 679 1358; x_wconf 92' lang='lat' dir='ltr'><strong>potius,</strong></span> <span class='ocrx_word' id='word_1_171' title='bbox 723 1305 833 1358; x_wconf 91' lang='lat' dir='ltr'><strong>quod</strong></span> <span class='ocrx_word' id='word_1_172' title='bbox 870 1306 921 1344; x_wconf 89' lang='lat' dir='ltr'><strong>ad</strong></span> <span class='ocrx_word' id='word_1_173' title='bbox 958 1306 1034 1346; x_wconf 89' lang='lat' dir='ltr'><strong>hoc</strong></span> <span class='ocrx_word' id='word_1_174' title='bbox 1065 1315 1344 1359; x_wconf 85' lang='lat' dir='ltr'><strong>argumentum</strong></span> <span class='ocrx_word' id='word_1_175' title='bbox 1378 1310 1472 1349; x_wconf 85' lang='lat' dir='ltr'><strong>atti-</strong></span> 
     </span>
     <span class='ocr_line' id='line_1_22' title="bbox 27 1360 1472 1416; baseline 0.001 -14"><span class='ocrx_word' id='word_1_176' title='bbox 27 1370 113 1414; x_wconf 86' lang='lat' dir='ltr'><strong>net,</strong></span> <span class='ocrx_word' id='word_1_177' title='bbox 142 1377 216 1416; x_wconf 90' lang='lat' dir='ltr'><strong>pro</strong></span> <span class='ocrx_word' id='word_1_178' title='bbox 243 1363 405 1402; x_wconf 85' lang='lat' dir='ltr'><strong>Graecis</strong></span> <span class='ocrx_word' id='word_1_179' title='bbox 431 1367 571 1400; x_wconf 87' lang='lat' dir='ltr'><strong>contra</strong></span> <span class='ocrx_word' id='word_1_180' title='bbox 600 1361 764 1399; x_wconf 90' lang='lat' dir='ltr'><strong>Latinos</strong></span> <span class='ocrx_word' id='word_1_181' title='bbox 794 1360 995 1411; x_wconf 87' lang='lat' dir='ltr'><strong>disseruit,</strong></span> <span class='ocrx_word' id='word_1_182' title='bbox 1023 1362 1131 1414; x_wconf 91' lang='lat' dir='ltr'><strong>quod</strong></span> <span class='ocrx_word' id='word_1_183' title='bbox 1163 1369 1357 1402; x_wconf 86' lang='lat' dir='ltr'><strong>testantur</strong></span> <span class='ocrx_word' id='word_1_184' title='bbox 1377 1363 1472 1404; x_wconf 89' lang='lat' dir='ltr'><strong>libri</strong></span> 
     </span>
     <span class='ocr_line' id='line_1_23' title="bbox 29 1415 1472 1469; baseline 0.002 -11"><span class='ocrx_word' id='word_1_185' title='bbox 29 1420 115 1458; x_wconf 85' lang='lat' dir='ltr'><strong>eiu&#39;s</strong></span> <span class='ocrx_word' id='word_1_186' title='bbox 147 1418 196 1458; x_wconf 90' lang='lat' dir='ltr'><strong>de</strong></span> <span class='ocrx_word' id='word_1_187' title='bbox 228 1418 304 1456; x_wconf 88' lang='lat' dir='ltr'><strong>hoc</strong></span> <span class='ocrx_word' id='word_1_188' title='bbox 331 1422 568 1469; x_wconf 86' lang='lat' dir='ltr'><strong>argumento</strong></span> <span class='ocrx_word' id='word_1_189' title='bbox 593 1415 704 1456; x_wconf 87' lang='lat' dir='ltr'><strong>editi.</strong></span> <span class='ocrx_word' id='word_1_190' title='bbox 759 1415 839 1454; x_wconf 89' lang='lat' dir='ltr'><strong>Nec</strong></span> <span class='ocrx_word' id='word_1_191' title='bbox 871 1416 1050 1468; x_wconf 87' lang='lat' dir='ltr'><strong>quaestio</strong></span> <span class='ocrx_word' id='word_1_192' title='bbox 1077 1418 1183 1456; x_wconf 87' lang='lat' dir='ltr'><strong>inter</strong></span> <span class='ocrx_word' id='word_1_193' title='bbox 1217 1417 1472 1461; x_wconf 88' lang='lat' dir='ltr'><strong>Barlaamum</strong></span> 
     </span>
     <span class='ocr_line' id='line_1_24' title="bbox 27 1471 1471 1524; baseline 0.001 -11"><span class='ocrx_word' id='word_1_194' title='bbox 27 1479 71 1513; x_wconf 78' lang='lat' dir='ltr'><strong>&#39;et</strong></span> <span class='ocrx_word' id='word_1_195' title='bbox 102 1473 307 1513; x_wconf 90' lang='lat' dir='ltr'><strong>Palamam</strong></span> <span class='ocrx_word' id='word_1_196' title='bbox 346 1472 422 1511; x_wconf 83' lang='lat' dir='ltr'><strong>fuit</strong></span> <span class='ocrx_word' id='word_1_197' title='bbox 453 1471 503 1510; x_wconf 91' lang='lat' dir='ltr'><strong>de</strong></span> <span class='ocrx_word' id='word_1_198' title='bbox 543 1471 797 1523; x_wconf 88' lang='lat' dir='ltr'><strong>processione</strong></span> <span class='ocrx_word' id='word_1_199' title='bbox 835 1472 959 1509; x_wconf 89' lang='lat' dir='ltr'><strong>sancti</strong></span> <span class='ocrx_word' id='word_1_200' title='bbox 990 1471 1187 1524; x_wconf 86' lang='lat' dir='ltr'><strong>Spiritus,</strong></span> <span class='ocrx_word' id='word_1_201' title='bbox 1229 1473 1299 1512; x_wconf 89' lang='lat' dir='ltr'><strong>sed</strong></span> <span class='ocrx_word' id='word_1_202' title='bbox 1325 1474 1376 1514; x_wconf 90' lang='lat' dir='ltr'><strong>de</strong></span> <span class='ocrx_word' id='word_1_203' title='bbox 1406 1475 1471 1514; x_wconf 83' lang='lat' dir='ltr'><strong>lu-</strong></span> 
     </span>
     <span class='ocr_line' id='line_1_25' title="bbox 28 1522 1471 1580; baseline 0.002 -12"><span class='ocrx_word' id='word_1_204' title='bbox 28 1530 139 1568; x_wconf 88' lang='lat' dir='ltr'><strong>mine</strong></span> <span class='ocrx_word' id='word_1_205' title='bbox 163 1527 395 1579; x_wconf 64' lang='lat' dir='ltr'><strong>Thaboiio,</strong></span> <span class='ocrx_word' id='word_1_206' title='bbox 433 1526 561 1579; x_wconf 89' lang='lat' dir='ltr'><strong>deque</strong></span> <span class='ocrx_word' id='word_1_207' title='bbox 593 1525 814 1564; x_wconf 88' lang='lat' dir='ltr'><strong>substantia</strong></span> <span class='ocrx_word' id='word_1_208' title='bbox 841 1533 881 1565; x_wconf 88' lang='lat' dir='ltr'><strong>et</strong></span> <span class='ocrx_word' id='word_1_209' title='bbox 913 1529 1145 1580; x_wconf 86' lang='lat' dir='ltr'><strong>operatione</strong></span> <span class='ocrx_word' id='word_1_210' title='bbox 1181 1527 1329 1570; x_wconf 89' lang='lat' dir='ltr'><strong>divina.</strong></span> <span class='ocrx_word' id='word_1_211' title='bbox 1385 1522 1471 1570; x_wconf 83' lang='lat' dir='ltr'><strong>Ve-</strong></span> 
     </span>
     <span class='ocr_line' id='line_1_26' title="bbox 29 1580 1470 1637; baseline 0.001 -14"><span class='ocrx_word' id='word_1_212' title='bbox 29 1597 120 1623; x_wconf 80' lang='lat' dir='ltr'><strong>rum</strong></span> <span class='ocrx_word' id='word_1_213' title='bbox 153 1583 219 1622; x_wconf 87' lang='lat' dir='ltr'><strong>hic</strong></span> <span class='ocrx_word' id='word_1_214' title='bbox 259 1582 381 1621; x_wconf 89' lang='lat' dir='ltr'><strong>huius</strong></span> <span class='ocrx_word' id='word_1_215' title='bbox 414 1581 682 1620; x_wconf 89' lang='lat' dir='ltr'><strong>annotationis</strong></span> <span class='ocrx_word' id='word_1_216' title='bbox 719 1580 808 1620; x_wconf 85' lang='lat' dir='ltr'><strong>finis</strong></span> <span class='ocrx_word' id='word_1_217' title='bbox 851 1582 928 1630; x_wconf 88' lang='lat' dir='ltr'><strong>sit,</strong></span> <span class='ocrx_word' id='word_1_218' title='bbox 974 1583 1086 1621; x_wconf 90' lang='lat' dir='ltr'><strong>cuius</strong></span> <span class='ocrx_word' id='word_1_219' title='bbox 1122 1597 1203 1622; x_wconf 92' lang='lat' dir='ltr'><strong>non</strong></span> <span class='ocrx_word' id='word_1_220' title='bbox 1242 1583 1470 1637; x_wconf 79' lang='lat' dir='ltr'><strong>prolixitas,</strong></span> 
     </span>
     <span class='ocr_line' id='line_1_27' title="bbox 31 1635 1470 1688; baseline 0.001 -10"><span class='ocrx_word' id='word_1_221' title='bbox 31 1638 99 1678; x_wconf 86' lang='lat' dir='ltr'><strong>sed</strong></span> <span class='ocrx_word' id='word_1_222' title='bbox 128 1640 169 1677; x_wconf 90' lang='lat' dir='ltr'><strong>in</strong></span> <span class='ocrx_word' id='word_1_223' title='bbox 195 1638 360 1677; x_wconf 78' lang='lat' dir='ltr'><strong>historia</strong></span> <span class='ocrx_word' id='word_1_224' title='bbox 407 1643 490 1674; x_wconf 90' lang='lat' dir='ltr'><strong>tam</strong></span> <span class='ocrx_word' id='word_1_225' title='bbox 523 1635 692 1674; x_wconf 87' lang='lat' dir='ltr'><strong>obscura</strong></span> <span class='ocrx_word' id='word_1_226' title='bbox 733 1642 773 1674; x_wconf 89' lang='lat' dir='ltr'><strong>et</strong></span> <span class='ocrx_word' id='word_1_227' title='bbox 812 1635 946 1688; x_wconf 85' lang='lat' dir='ltr'><strong>ignota</strong></span> <span class='ocrx_word' id='word_1_228' title='bbox 987 1636 1138 1676; x_wconf 88' lang='lat' dir='ltr'><strong>utilitas</strong></span> <span class='ocrx_word' id='word_1_229' title='bbox 1178 1640 1417 1679; x_wconf 84' lang='lat' dir='ltr'><strong>considerari</strong></span> <span class='ocrx_word' id='word_1_230' title='bbox 1446 1655 1470 1681; x_wconf 84' lang='lat' dir='ltr'><strong>a</strong></span> 
     </span>
     <span class='ocr_line' id='line_1_28' title="bbox 31 1691 1469 1747; baseline 0.001 -13"><span class='ocrx_word' id='word_1_231' title='bbox 31 1693 181 1734; x_wconf 84' lang='lat' dir='ltr'><strong>lectore</strong></span> <span class='ocrx_word' id='word_1_232' title='bbox 213 1693 344 1733; x_wconf 84' lang='lat' dir='ltr'><strong>debet.</strong></span> <span class='ocrx_word' id='word_1_233' title='bbox 383 1691 530 1730; x_wconf 88' lang='lat' dir='ltr'><strong>Facem</strong></span> <span class='ocrx_word' id='word_1_234' title='bbox 560 1692 665 1729; x_wconf 87' lang='lat' dir='ltr'><strong>enim</strong></span> <span class='ocrx_word' id='word_1_235' title='bbox 685 1691 965 1743; x_wconf 80' lang='lat' dir='ltr'><strong>praeportabit</strong></span> <span class='ocrx_word' id='word_1_236' title='bbox 993 1693 1198 1742; x_wconf 89' lang='lat' dir='ltr'><strong>omnibus,</strong></span> <span class='ocrx_word' id='word_1_237' title='bbox 1232 1708 1335 1747; x_wconf 89' lang='lat' dir='ltr'><strong>quae</strong></span> <span class='ocrx_word' id='word_1_238' title='bbox 1365 1696 1469 1735; x_wconf 88' lang='lat' dir='ltr'><strong>Can-</strong></span> 
     </span>
     <span class='ocr_line' id='line_1_29' title="bbox 34 1744 1469 1805; baseline 0.001 -17"><span class='ocrx_word' id='word_1_239' title='bbox 34 1757 251 1788; x_wconf 84' lang='lat' dir='ltr'><strong>tacuzenus</strong></span> <span class='ocrx_word' id='word_1_240' title='bbox 287 1748 406 1785; x_wconf 86' lang='lat' dir='ltr'><strong>variis</strong></span> <span class='ocrx_word' id='word_1_241' title='bbox 453 1746 515 1784; x_wconf 90' lang='lat' dir='ltr'><strong>sui</strong></span> <span class='ocrx_word' id='word_1_242' title='bbox 563 1746 692 1797; x_wconf 78' lang='lat' dir='ltr'><strong>operis</strong></span> <span class='ocrx_word' id='word_1_243' title='bbox 738 1744 835 1784; x_wconf 90' lang='lat' dir='ltr'><strong>locis</strong></span> <span class='ocrx_word' id='word_1_244' title='bbox 867 1746 918 1784; x_wconf 89' lang='lat' dir='ltr'><strong>de</strong></span> <span class='ocrx_word' id='word_1_245' title='bbox 951 1746 1191 1798; x_wconf 76' lang='lat' dir='ltr'><strong>Bai-laamo,</strong></span> <span class='ocrx_word' id='word_1_246' title='bbox 1237 1749 1469 1805; x_wconf 86' lang='lat' dir='ltr'><strong>Acindyno,</strong></span> 
     </span>
     <span class='ocr_line' id='line_1_30' title="bbox 32 1799 1331 1857; baseline 0 -14"><span class='ocrx_word' id='word_1_247' title='bbox 32 1805 211 1857; x_wconf 85' lang='lat' dir='ltr'><strong>Gregora</strong></span> <span class='ocrx_word' id='word_1_248' title='bbox 240 1815 458 1853; x_wconf 90' lang='lat' dir='ltr'><strong>eorumque</strong></span> <span class='ocrx_word' id='word_1_249' title='bbox 485 1799 741 1852; x_wconf 88' lang='lat' dir='ltr'><strong>opinionibus</strong></span> <span class='ocrx_word' id='word_1_250' title='bbox 769 1802 916 1853; x_wconf 85' lang='lat' dir='ltr'><strong>scripta</strong></span> <span class='ocrx_word' id='word_1_251' title='bbox 943 1801 1116 1854; x_wconf 81' lang='lat' dir='ltr'><strong>reliquit.</strong></span> <span class='ocrx_word' id='word_1_252' title='bbox 1148 1816 1331 1843; x_wconf 67' lang='lat' dir='ltr'><strong>cumsan-</strong></span> 
     </span>
    </p>

    <p class='ocr_par' dir='ltr' id='par_1_4' title="bbox 23 1855 1504 2722">
     <span class='ocr_line' id='line_1_31' title="bbox 140 1855 1470 1910; baseline 0.003 -14"><span class='ocrx_word' id='word_1_253' title='bbox 140 1859 312 1897; x_wconf 84' lang='lat' dir='ltr'><strong>Ibidem.</strong></span> <span class='ocrx_word' id='word_1_254' title='bbox 343 1866 465 1895; x_wconf 89' lang='lat' dir='ltr'><strong>tomo</strong></span> <span class='ocrx_word' id='word_1_255' title='bbox 491 1857 672 1894; x_wconf 81' lang='lat' dir='ltr'><strong>veteri.</strong></span> <span class='ocrx_word' id='word_1_256' title='bbox 701 1855 853 1894; x_wconf 84' lang='lat' dir='ltr'><strong>Tomus</strong></span> <span class='ocrx_word' id='word_1_257' title='bbox 873 1856 913 1893; x_wconf 92' lang='lat' dir='ltr'><strong>in</strong></span> <span class='ocrx_word' id='word_1_258' title='bbox 938 1857 1100 1910; x_wconf 89' lang='lat' dir='ltr'><strong>synodis</strong></span> <span class='ocrx_word' id='word_1_259' title='bbox 1118 1855 1275 1897; x_wconf 90' lang='lat' dir='ltr'><strong>libellus</strong></span> <span class='ocrx_word' id='word_1_260' title='bbox 1289 1866 1362 1906; x_wconf 87' lang='lat' dir='ltr'><strong>est,</strong></span> <span class='ocrx_word' id='word_1_261' title='bbox 1382 1867 1470 1901; x_wconf 86' lang='lat' dir='ltr'><strong>acta</strong></span> 
     </span>
     <span class='ocr_line' id='line_1_32' title="bbox 30 1909 1469 1968; baseline 0 -14"><span class='ocrx_word' id='word_1_262' title='bbox 30 1921 71 1954; x_wconf 87' lang='lat' dir='ltr'><strong>et</strong></span> <span class='ocrx_word' id='word_1_263' title='bbox 91 1913 250 1953; x_wconf 87' lang='lat' dir='ltr'><strong>decreta</strong></span> <span class='ocrx_word' id='word_1_264' title='bbox 278 1913 362 1951; x_wconf 85' lang='lat' dir='ltr'><strong>eius</strong></span> <span class='ocrx_word' id='word_1_265' title='bbox 384 1918 423 1950; x_wconf 91' lang='lat' dir='ltr'><strong>et</strong></span> <span class='ocrx_word' id='word_1_266' title='bbox 451 1917 579 1950; x_wconf 87' lang='lat' dir='ltr'><strong>totum</strong></span> <span class='ocrx_word' id='word_1_267' title='bbox 608 1909 725 1959; x_wconf 90' lang='lat' dir='ltr'><strong>illud,</strong></span> <span class='ocrx_word' id='word_1_268' title='bbox 755 1910 864 1963; x_wconf 92' lang='lat' dir='ltr'><strong>quod</strong></span> <span class='ocrx_word' id='word_1_269' title='bbox 887 1910 978 1949; x_wconf 82' lang='lat' dir='ltr'><strong>fidei</strong></span> <span class='ocrx_word' id='word_1_270' title='bbox 1001 1912 1284 1964; x_wconf 80' lang='lat' dir='ltr'><strong>professionem</strong></span> <span class='ocrx_word' id='word_1_271' title='bbox 1315 1917 1469 1968; x_wconf 84' lang='lat' dir='ltr'><strong>exposi-</strong></span> 
     </span>
     <span class='ocr_line' id='line_1_33' title="bbox 27 1964 1468 2021; baseline 0 -12"><span class='ocrx_word' id='word_1_272' title='bbox 27 1970 258 2021; x_wconf 89' lang='lat' dir='ltr'><strong>tionemque</strong></span> <span class='ocrx_word' id='word_1_273' title='bbox 278 1967 468 2015; x_wconf 88' lang='lat' dir='ltr'><strong>continet,</strong></span> <span class='ocrx_word' id='word_1_274' title='bbox 493 1964 775 2018; x_wconf 72' lang='lat' dir='ltr'><strong>complectens,</strong></span> <span class='ocrx_word' id='word_1_275' title='bbox 831 1966 1029 2016; x_wconf 88' lang='lat' dir='ltr'><strong>Quocirca</strong></span> <span class='ocrx_word' id='word_1_276' title='bbox 1051 1967 1217 2020; x_wconf 86' lang='lat' dir='ltr'><strong>epistola</strong></span> <span class='ocrx_word' id='word_1_277' title='bbox 1240 1972 1363 2008; x_wconf 90' lang='lat' dir='ltr'><strong>sancti</strong></span> <span class='ocrx_word' id='word_1_278' title='bbox 1390 1972 1468 2010; x_wconf 90' lang='lat' dir='ltr'><strong>Le-</strong></span> 
     </span>
     <span class='ocr_line' id='line_1_34' title="bbox 29 2019 1469 2075; baseline 0.001 -12"><span class='ocrx_word' id='word_1_279' title='bbox 29 2025 118 2063; x_wconf 84' lang='lat' dir='ltr'><strong>onis</strong></span> <span class='ocrx_word' id='word_1_280' title='bbox 149 2024 200 2062; x_wconf 87' lang='lat' dir='ltr'><strong>ad</strong></span> <span class='ocrx_word' id='word_1_281' title='bbox 222 2022 461 2061; x_wconf 81' lang='lat' dir='ltr'><strong>Flavianum</strong></span> <span class='ocrx_word' id='word_1_282' title='bbox 490 2027 629 2059; x_wconf 88' lang='lat' dir='ltr'><strong>contra</strong></span> <span class='ocrx_word' id='word_1_283' title='bbox 658 2019 870 2073; x_wconf 88' lang='lat' dir='ltr'><strong>Eutychen</strong></span> <span class='ocrx_word' id='word_1_284' title='bbox 887 2051 899 2070; x_wconf 92' lang='lat'><strong>,</strong></span> <span class='ocrx_word' id='word_1_285' title='bbox 920 2035 999 2074; x_wconf 91' lang='lat' dir='ltr'><strong>qua</strong></span> <span class='ocrx_word' id='word_1_286' title='bbox 1028 2025 1205 2075; x_wconf 88' lang='lat' dir='ltr'><strong>exposuit</strong></span> <span class='ocrx_word' id='word_1_287' title='bbox 1234 2027 1469 2065; x_wconf 89' lang='lat' dir='ltr'><strong>sententiam</strong></span> 
     </span>
     <span class='ocr_line' id='line_1_35' title="bbox 28 2075 1471 2127; baseline 0.001 -8"><span class='ocrx_word' id='word_1_288' title='bbox 28 2078 214 2119; x_wconf 87' lang='lat' dir='ltr'><strong>ecclesiae</strong></span> <span class='ocrx_word' id='word_1_289' title='bbox 241 2076 483 2124; x_wconf 85' lang='lat' dir='ltr'><strong>catholicae,</strong></span> <span class='ocrx_word' id='word_1_290' title='bbox 517 2075 744 2127; x_wconf 90' lang='lat' dir='ltr'><strong>saepissime</strong></span> <span class='ocrx_word' id='word_1_291' title='bbox 779 2076 821 2113; x_wconf 87' lang='lat' dir='ltr'><strong>in</strong></span> <span class='ocrx_word' id='word_1_292' title='bbox 849 2076 1030 2115; x_wconf 90' lang='lat' dir='ltr'><strong>conciliis</strong></span> <span class='ocrx_word' id='word_1_293' title='bbox 1062 2078 1208 2117; x_wconf 84' lang='lat' dir='ltr'><strong>dicitur</strong></span> <span class='ocrx_word' id='word_1_294' title='bbox 1240 2086 1397 2119; x_wconf 88' lang='lat' dir='ltr'><strong>tomus:</strong></span> <span class='ocrx_word' id='word_1_295' title='bbox 1430 2088 1471 2120; x_wconf 84' lang='lat' dir='ltr'><strong>et</strong></span> 
     </span>
     <span class='ocr_line' id='line_1_36' title="bbox 28 2128 1469 2188; baseline 0 -14"><span class='ocrx_word' id='word_1_296' title='bbox 28 2130 222 2174; x_wconf 70' lang='grc' dir='ltr'>ἔνωτικὸν</span> <span class='ocrx_word' id='word_1_297' title='bbox 248 2133 422 2171; x_wconf 91' lang='lat' dir='ltr'><strong>Zenonis</strong></span> <span class='ocrx_word' id='word_1_298' title='bbox 449 2130 711 2182; x_wconf 79' lang='lat' dir='ltr'><strong>imperatoris,</strong></span> <span class='ocrx_word' id='word_1_299' title='bbox 740 2136 860 2183; x_wconf 85' lang='lat' dir='ltr'><strong>typus</strong></span> <span class='ocrx_word' id='word_1_300' title='bbox 891 2137 930 2169; x_wconf 90' lang='lat' dir='ltr'><strong>et</strong></span> <span class='ocrx_word' id='word_1_301' title='bbox 962 2128 1126 2179; x_wconf 78' lang='grc' dir='ltr'><strong><em>ἔκθεσις</em></strong></span> <span class='ocrx_word' id='word_1_302' title='bbox 1155 2133 1344 2186; x_wconf 89' lang='lat' dir='ltr'><strong>Heraclii,</strong></span> <span class='ocrx_word' id='word_1_303' title='bbox 1377 2138 1469 2188; x_wconf 88' lang='lat' dir='ltr'><strong>qui—-</strong></span> 
     </span>
     <span class='ocr_line' id='line_1_37' title="bbox 23 2185 1468 2238; baseline 0.001 -10"><span class='ocrx_word' id='word_1_304' title='bbox 23 2189 108 2229; x_wconf 58' lang='lat' dir='ltr'><strong>&gt;hus</strong></span> <span class='ocrx_word' id='word_1_305' title='bbox 144 2188 234 2227; x_wconf 85' lang='lat' dir='ltr'><strong>fidei</strong></span> <span class='ocrx_word' id='word_1_306' title='bbox 268 2201 363 2226; x_wconf 89' lang='lat' dir='ltr'><strong>suae</strong></span> <span class='ocrx_word' id='word_1_307' title='bbox 393 2199 462 2225; x_wconf 89' lang='lat' dir='ltr'><strong>seu</strong></span> <span class='ocrx_word' id='word_1_308' title='bbox 500 2185 688 2238; x_wconf 74' lang='lat' dir='ltr'><strong>perfidiae</strong></span> <span class='ocrx_word' id='word_1_309' title='bbox 714 2187 846 2236; x_wconf 90' lang='lat' dir='ltr'><strong>potius</strong></span> <span class='ocrx_word' id='word_1_310' title='bbox 877 2187 1071 2226; x_wconf 78' lang='lat' dir='ltr'><strong>rationem</strong></span> <span class='ocrx_word' id='word_1_311' title='bbox 1103 2188 1337 2238; x_wconf 78' lang='lat' dir='ltr'><strong>reddebant,</strong></span> <span class='ocrx_word' id='word_1_312' title='bbox 1371 2192 1468 2231; x_wconf 87' lang='lat' dir='ltr'><strong>tomi</strong></span> 
     </span>
     <span class='ocr_line' id='line_1_38' title="bbox 32 2239 1469 2298; baseline 0.001 -15"><span class='ocrx_word' id='word_1_313' title='bbox 32 2250 149 2283; x_wconf 85' lang='lat' dir='ltr'><strong>sunt:</strong></span> <span class='ocrx_word' id='word_1_314' title='bbox 180 2250 226 2282; x_wconf 85' lang='lat' dir='ltr'><strong>ut</strong></span> <span class='ocrx_word' id='word_1_315' title='bbox 254 2250 294 2282; x_wconf 87' lang='lat' dir='ltr'><strong>et</strong></span> <span class='ocrx_word' id='word_1_316' title='bbox 317 2243 576 2281; x_wconf 81' lang='lat' dir='ltr'><strong>constitutum</strong></span> <span class='ocrx_word' id='word_1_317' title='bbox 603 2239 740 2291; x_wconf 85' lang='lat' dir='ltr'><strong>Vigilii</strong></span> <span class='ocrx_word' id='word_1_318' title='bbox 763 2240 869 2293; x_wconf 87' lang='lat' dir='ltr'><strong>apud</strong></span> <span class='ocrx_word' id='word_1_319' title='bbox 894 2242 1109 2281; x_wconf 85' lang='lat' dir='ltr'><strong>Baronium</strong></span> <span class='ocrx_word' id='word_1_320' title='bbox 1135 2249 1245 2283; x_wconf 89' lang='lat' dir='ltr'><strong>tomo</strong></span> <span class='ocrx_word' id='word_1_321' title='bbox 1267 2259 1306 2298; x_wconf 89' lang='lat'><strong>7.</strong></span> <span class='ocrx_word' id='word_1_322' title='bbox 1364 2245 1469 2285; x_wconf 86' lang='lat' dir='ltr'><strong>Hinc</strong></span> 
     </span>
     <span class='ocr_line' id='line_1_39' title="bbox 31 2294 1469 2351; baseline 0.001 -14"><span class='ocrx_word' id='word_1_323' title='bbox 31 2299 217 2338; x_wconf 78' lang='lat' dir='ltr'><strong>videlicet</strong></span> <span class='ocrx_word' id='word_1_324' title='bbox 247 2311 269 2336; x_wconf 86' lang='lat' dir='ltr'><strong>a</strong></span> <span class='ocrx_word' id='word_1_325' title='bbox 297 2297 525 2335; x_wconf 82' lang='lat' dir='ltr'><strong>continente</strong></span> <span class='ocrx_word' id='word_1_326' title='bbox 552 2294 791 2333; x_wconf 85' lang='lat' dir='ltr'><strong>transfertur</strong></span> <span class='ocrx_word' id='word_1_327' title='bbox 831 2295 882 2334; x_wconf 84' lang='lat' dir='ltr'><strong>ad</strong></span> <span class='ocrx_word' id='word_1_328' title='bbox 911 2298 995 2348; x_wconf 88' lang='lat' dir='ltr'><strong>ipsa</strong></span> <span class='ocrx_word' id='word_1_329' title='bbox 1022 2296 1223 2351; x_wconf 83' lang='lat' dir='ltr'><strong>dogmata,</strong></span> <span class='ocrx_word' id='word_1_330' title='bbox 1263 2307 1308 2338; x_wconf 91' lang='lat' dir='ltr'><strong>ut</strong></span> <span class='ocrx_word' id='word_1_331' title='bbox 1335 2307 1469 2340; x_wconf 84' lang='lat' dir='ltr'><strong>tomus</strong></span> 
     </span>
     <span class='ocr_line' id='line_1_40' title="bbox 33 2349 1468 2405; baseline 0.001 -13"><span class='ocrx_word' id='word_1_332' title='bbox 33 2353 179 2393; x_wconf 89' lang='lat' dir='ltr'><strong>Leonis</strong></span> <span class='ocrx_word' id='word_1_333' title='bbox 223 2358 362 2390; x_wconf 86' lang='lat' dir='ltr'><strong>contra</strong></span> <span class='ocrx_word' id='word_1_334' title='bbox 403 2349 616 2403; x_wconf 85' lang='lat' dir='ltr'><strong>Eutychen</strong></span> <span class='ocrx_word' id='word_1_335' title='bbox 659 2351 710 2388; x_wconf 87' lang='lat' dir='ltr'><strong>sit</strong></span> <span class='ocrx_word' id='word_1_336' title='bbox 747 2351 879 2402; x_wconf 91' lang='lat' dir='ltr'><strong>ipsum</strong></span> <span class='ocrx_word' id='word_1_337' title='bbox 913 2352 1058 2405; x_wconf 83' lang='lat' dir='ltr'><strong>dogma</strong></span> <span class='ocrx_word' id='word_1_338' title='bbox 1110 2353 1295 2393; x_wconf 83' lang='lat' dir='ltr'><strong>ecclesiae</strong></span> <span class='ocrx_word' id='word_1_339' title='bbox 1329 2363 1468 2395; x_wconf 85' lang='lat' dir='ltr'><strong>contra</strong></span> 
     </span>
     <span class='ocr_line' id='line_1_41' title="bbox 28 2403 1471 2460; baseline 0.001 -13"><span class='ocrx_word' id='word_1_340' title='bbox 28 2408 215 2447; x_wconf 88' lang='lat' dir='ltr'><strong>eumdem</strong></span> <span class='ocrx_word' id='word_1_341' title='bbox 247 2406 504 2445; x_wconf 81' lang='lat' dir='ltr'><strong>haereticum.</strong></span> <span class='ocrx_word' id='word_1_342' title='bbox 564 2404 668 2443; x_wconf 91' lang='lat' dir='ltr'><strong>Hinc</strong></span> <span class='ocrx_word' id='word_1_343' title='bbox 697 2405 864 2444; x_wconf 88' lang='lat' dir='ltr'><strong>verbum</strong></span> <span class='ocrx_word' id='word_1_344' title='bbox 904 2412 1209 2459; x_wconf 81' lang='grc' dir='ltr'><em>τομογραφεῖν,</em></span> <span class='ocrx_word' id='word_1_345' title='bbox 1248 2403 1348 2460; x_wconf 76' lang='grc' dir='ltr'><em>ὅπερ</em></span> <span class='ocrx_word' id='word_1_346' title='bbox 1381 2406 1471 2450; x_wconf 74' lang='grc' dir='ltr'><strong>ἐστὶ</strong></span> 
     </span>
     <span class='ocr_line' id='line_1_42' title="bbox 51 2455 1467 2513; baseline 0.001 -12"><span class='ocrx_word' id='word_1_347' title='bbox 51 2460 72 2501; x_wconf 84' lang='grc' dir='ltr'>ὁ</span> <span class='ocrx_word' id='word_1_348' title='bbox 101 2459 436 2513; x_wconf 80' lang='grc' dir='ltr'><em>συντετμημένως</em></span> <span class='ocrx_word' id='word_1_349' title='bbox 474 2456 709 2509; x_wconf 75' lang='grc' dir='ltr'><strong><em>ἐκδιδόναι,</em></strong></span> <span class='ocrx_word' id='word_1_350' title='bbox 738 2457 811 2498; x_wconf 84' lang='grc' dir='ltr'><em>καί</em></span> <span class='ocrx_word' id='word_1_351' title='bbox 832 2455 918 2501; x_wconf 83' lang='grc' dir='ltr'><em>οἷον</em></span> <span class='ocrx_word' id='word_1_352' title='bbox 947 2456 1164 2511; x_wconf 73' lang='grc' dir='ltr'><strong><em>ὁρίζεσθαι</em></strong></span> <span class='ocrx_word' id='word_1_353' title='bbox 1196 2459 1247 2500; x_wconf 81' lang='grc' dir='ltr'><strong>τὰ</strong></span> <span class='ocrx_word' id='word_1_354' title='bbox 1287 2459 1357 2502; x_wconf 75' lang='grc' dir='ltr'><strong>διὰ</strong></span> <span class='ocrx_word' id='word_1_355' title='bbox 1384 2477 1467 2511; x_wconf 86' lang='grc' dir='ltr'><strong>μα-</strong></span> 
     </span>
     <span class='ocr_line' id='line_1_43' title="bbox 27 2509 1504 2568; baseline 0.001 -12"><span class='ocrx_word' id='word_1_356' title='bbox 27 2518 140 2568; x_wconf 80' lang='grc' dir='ltr'><strong>κρῶν</strong></span> <span class='ocrx_word' id='word_1_357' title='bbox 177 2516 483 2567; x_wconf 75' lang='grc' dir='ltr'><strong>ὄιαλαληθέντα</strong></span> <span class='ocrx_word' id='word_1_358' title='bbox 522 2509 595 2552; x_wconf 79' lang='grc' dir='ltr'><em>καί</em></span> <span class='ocrx_word' id='word_1_359' title='bbox 621 2514 829 2565; x_wconf 75' lang='grc' dir='ltr'><em>γραφέντα</em></span> <span class='ocrx_word' id='word_1_360' title='bbox 856 2514 1067 2566; x_wconf 82' lang='grc' dir='ltr'><strong><em>πολλάκις,</em></strong></span> <span class='ocrx_word' id='word_1_361' title='bbox 1088 2524 1134 2554; x_wconf 89' lang='lat' dir='ltr'><strong>ut</strong></span> <span class='ocrx_word' id='word_1_362' title='bbox 1155 2518 1210 2554; x_wconf 89' lang='lat' dir='ltr'><strong>ait</strong></span> <span class='ocrx_word' id='word_1_363' title='bbox 1232 2517 1468 2559; x_wconf 83' lang='lat' dir='ltr'><strong>Philotheus</strong></span> <span class='ocrx_word' id='word_1_364' title='bbox 1496 2519 1504 2524; x_wconf 86' lang='lat'>&#39;</span> 
     </span>
     <span class='ocr_line' id='line_1_44' title="bbox 25 2568 1464 2626; baseline 0.001 -16"><span class='ocrx_word' id='word_1_365' title='bbox 25 2572 251 2626; x_wconf 65' lang='lat' dir='ltr'><strong>patriarcha</strong></span> <span class='ocrx_word' id='word_1_366' title='bbox 270 2568 733 2621; x_wconf 82' lang='lat' dir='ltr'><strong>Constantinopolitanus</strong></span> <span class='ocrx_word' id='word_1_367' title='bbox 760 2568 830 2612; x_wconf 87' lang='lat' dir='ltr'><strong>lib.</strong></span> <span class='ocrx_word' id='word_1_368' title='bbox 853 2585 893 2610; x_wconf 82' lang='lat'><strong>2.</strong></span> <span class='ocrx_word' id='word_1_369' title='bbox 915 2578 1052 2611; x_wconf 79' lang='lat' dir='ltr'><strong>contra</strong></span> <span class='ocrx_word' id='word_1_370' title='bbox 1081 2571 1346 2623; x_wconf 83' lang='lat' dir='ltr'><strong>Nicephorum</strong></span> <span class='ocrx_word' id='word_1_371' title='bbox 1362 2574 1464 2612; x_wconf 67' lang='lat' dir='ltr'><strong>Gre—</strong></span> 
     </span>
     <span class='ocr_line' id='line_1_45' title="bbox 31 2624 1466 2680; baseline 0.001 -15"><span class='ocrx_word' id='word_1_372' title='bbox 31 2641 167 2680; x_wconf 82' lang='lat' dir='ltr'><strong>goram</strong></span> <span class='ocrx_word' id='word_1_373' title='bbox 190 2657 200 2674; x_wconf 90' lang='lat'>‚</span> <span class='ocrx_word' id='word_1_374' title='bbox 222 2639 340 2677; x_wconf 81' lang='lat' dir='ltr'><strong>agens</strong></span> <span class='ocrx_word' id='word_1_375' title='bbox 369 2625 417 2663; x_wconf 89' lang='lat' dir='ltr'><strong>de</strong></span> <span class='ocrx_word' id='word_1_376' title='bbox 451 2624 527 2663; x_wconf 87' lang='lat' dir='ltr'><strong>boc</strong></span> <span class='ocrx_word' id='word_1_377' title='bbox 556 2625 643 2675; x_wconf 86' lang='lat' dir='ltr'><strong>ipso</strong></span> <span class='ocrx_word' id='word_1_378' title='bbox 678 2630 785 2664; x_wconf 79' lang='lat' dir='ltr'><strong>tomo</strong></span> <span class='ocrx_word' id='word_1_379' title='bbox 807 2625 958 2679; x_wconf 86' lang='lat' dir='ltr'><strong>Synodi</strong></span> <span class='ocrx_word' id='word_1_380' title='bbox 997 2626 1466 2680; x_wconf 76' lang='lat' dir='ltr'><strong>Constantinopolitanae</strong></span> 
     </span>
     <span class='ocr_line' id='line_1_46' title="bbox 28 2679 737 2722; baseline -0.006 0"><span class='ocrx_word' id='word_1_381' title='bbox 28 2683 220 2722; x_wconf 77' lang='lat' dir='ltr'><strong>adversus</strong></span> <span class='ocrx_word' id='word_1_382' title='bbox 253 2679 519 2719; x_wconf 76' lang='lat' dir='ltr'><strong>Barlaamum.</strong></span> <span class='ocrx_word' id='word_1_383' title='bbox 554 2691 737 2718; x_wconf 61' lang='lat' dir='ltr'><strong>cums-ER.</strong></span> 
     </span>
    </p>

    <p class='ocr_par' dir='ltr' id='par_1_5' title="bbox 138 2729 1464 2788">
     <span class='ocr_line' id='line_1_47' title="bbox 138 2729 1464 2788; baseline 0.003 -15"><span class='ocrx_word' id='word_1_384' title='bbox 138 2734 348 2788; x_wconf 73' lang='lat' dir='ltr'><strong>Bag-557,</strong></span> <span class='ocrx_word' id='word_1_385' title='bbox 371 2748 431 2773; x_wconf 81' lang='grc' dir='ltr'><strong>ιι.</strong></span> <span class='ocrx_word' id='word_1_386' title='bbox 469 2734 522 2773; x_wconf 84' lang='lat' dir='ltr'><strong>in</strong></span> <span class='ocrx_word' id='word_1_387' title='bbox 555 2735 877 2773; x_wconf 76' lang='lat' dir='ltr'><strong>monasterio</strong></span> <span class='ocrx_word' id='word_1_388' title='bbox 912 2729 1084 2787; x_wconf 73' lang='grc' dir='ltr'><em>ὁδηγῶν.</em></span> <span class='ocrx_word' id='word_1_389' title='bbox 1154 2736 1216 2776; x_wconf 91' lang='lat' dir='ltr'><strong>De</strong></span> <span class='ocrx_word' id='word_1_390' title='bbox 1239 2736 1316 2777; x_wconf 89' lang='lat' dir='ltr'><strong>hoc</strong></span> <span class='ocrx_word' id='word_1_391' title='bbox 1343 2744 1382 2776; x_wconf 89' lang='lat' dir='ltr'><strong>et</strong></span> <span class='ocrx_word' id='word_1_392' title='bbox 1414 2737 1464 2777; x_wconf 85' lang='lat' dir='ltr'><strong>de</strong></span> 
     </span>
    </p>
   </div>
   <div class='ocr_carea' id='block_1_3' title="bbox 0 830 32 2743">
    <p class='ocr_par' dir='ltr' id='par_1_6' title="bbox 0 830 32 2743">
     <span class='ocr_line' id='line_1_48' title="bbox 0 830 10 1054; baseline 0 -108"><span class='ocrx_word' id='word_1_393' title='bbox 0 830 10 1054; x_wconf 95' lang='lat' dir='ltr'><strong>    </strong></span> 
     </span>
     <span class='ocr_line' id='line_1_49' title="bbox 0 1054 11 1223; baseline 0 -55"><span class='ocrx_word' id='word_1_394' title='bbox 0 1054 11 1223; x_wconf 95' lang='lat' dir='ltr'><strong>   </strong></span> 
     </span>
     <span class='ocr_line' id='line_1_50' title="bbox 0 1223 14 1444; baseline 0 -112"><span class='ocrx_word' id='word_1_395' title='bbox 0 1223 14 1444; x_wconf 95' lang='lat' dir='ltr'><strong>   </strong></span> 
     </span>
     <span class='ocr_line' id='line_1_51' title="bbox 0 1444 16 1609; baseline 0 -59"><span class='ocrx_word' id='word_1_396' title='bbox 0 1444 16 1609; x_wconf 95' lang='lat' dir='ltr'><strong>   </strong></span> 
     </span>
     <span class='ocr_line' id='line_1_52' title="bbox 0 1609 17 1714; baseline 0 0"><span class='ocrx_word' id='word_1_397' title='bbox 0 1609 17 1714; x_wconf 95' lang='lat' dir='ltr'><strong>  </strong></span> 
     </span>
     <span class='ocr_line' id='line_1_53' title="bbox 0 1714 21 1881; baseline 0 -46"><span class='ocrx_word' id='word_1_398' title='bbox 0 1714 21 1881; x_wconf 95' lang='lat' dir='ltr'><strong>   </strong></span> 
     </span>
     <span class='ocr_line' id='line_1_54' title="bbox 0 1997 25 2153; baseline 0 -50"><span class='ocrx_word' id='word_1_399' title='bbox 0 1997 25 2153; x_wconf 95' lang='lat' dir='ltr'><strong>   </strong></span> 
     </span>
     <span class='ocr_line' id='line_1_55' title="bbox 0 2153 25 2264; baseline 0 0"><span class='ocrx_word' id='word_1_400' title='bbox 0 2153 25 2264; x_wconf 95' lang='lat' dir='ltr'><strong>  </strong></span> 
     </span>
     <span class='ocr_line' id='line_1_56' title="bbox 0 2264 27 2327; baseline 0 831"><span class='ocrx_word' id='word_1_401' title='bbox 0 2264 27 2327; x_wconf 95' lang='lat' dir='ltr'><strong> </strong></span> 
     </span>
     <span class='ocr_line' id='line_1_57' title="bbox 0 2327 28 2480; baseline 0 -47"><span class='ocrx_word' id='word_1_402' title='bbox 0 2327 28 2480; x_wconf 95' lang='lat' dir='ltr'><strong>   </strong></span> 
     </span>
     <span class='ocr_line' id='line_1_58' title="bbox 0 2480 27 2539; baseline 0 -36"><span class='ocrx_word' id='word_1_403' title='bbox 0 2480 27 2539; x_wconf 95' lang='lat' dir='ltr'><strong>  </strong></span> 
     </span>
     <span class='ocr_line' id='line_1_59' title="bbox 0 2539 32 2743; baseline 0 -88"><span class='ocrx_word' id='word_1_404' title='bbox 0 2539 32 2743; x_wconf 95' lang='lat' dir='ltr'><strong>    </strong></span> 
     </span>
    </p>
   </div>
  </div>
 </body>
</html>
