1800 3164
345 167 447 242 1‘78
865 181 1235 224 CANTACUZEM

130 290 219 331 A‚C.
238 291 318 325 1351
337 284 465 335 αὐτὸς
498 285 686 340 φαίνοιτο
714 280 887 323 κωλύων
905 315 917 334 ,
948 282 1040 322 ἐπεὶ
1067 280 1125 335 μὴ
1158 283 1321 323 πείθειν
1347 282 1500 332 ἐκεῖνος
1525 277 1658 337 εἶχεν,
1687 278 1776 326 ἀλλ’

336 352 534 405 ἰσχυρῶς1
561 347 758 402 ἐχόμενον
786 343 898 399 ἑώρα
940 348 1021 388 τῶν
1046 349 1259 402 προτέρων
1286 349 1517 401 λογισμῶν,
1557 347 1631 389 καί
1655 352 1778 402 βασι-

338 418 423 459 λίδι
451 414 695 472 τῇγυναικί
715 410 977 468 χρησάμενος
1006 409 1233 469 συμμάχῳ,
1264 411 1432 454 ἔπεισαν
1463 409 1593 469 ἄμφω
1615 418 1779 463 πολλοῖς

296 491 322 523 C
337 479 597 537 χρησάμενοι
635 479 773 533 λόγοις
802 480 875 520 καί
900 479 1202 532 παραινέσεσι,
1246 476 1304 533 μή
1338 476 1384 520 τὸ
1416 481 1491 521 νῦν
1519 478 1616 533 ἔχον
1645 477 1775 535 πράτ-

337 564 423 590 τειν
450 545 500 588 τοὶ
531 544 636 587 κατὰ
667 543 850 600 γνώμην.
884 546 1029 601 “φίλον
1059 546 1104 586 δὲ
1134 541 1340 598 τάληθὲς,
1372 541 1462 586 οὐδ’
1490 545 1618 588 αὐτὸν
1647 544 1800 590 δυνά-ἒ

335 628 459 667 μενον
488 613 711 666 διαστῆναι
739 612 946 664 βασιλέως
974 608 1054 652 ὑπὸ
1086 612 1158 665 τῆς
1188 608 1320 664 ἄκρας
1359 613 1599 666 συνηθείας,
1643 612 1777 654 καίτοι

333 677 516 733 μάλιστα
543 675 815 730 βουλόμενον,
849 671 898 718 οὗ
927 674 1011 730 μὴν
1038 675 1276 718 παντάπασι
1314 678 1397 718 τῶν
1435 679 1642 731 λογισμῶν
1670 677 1778 719 ἐκεί-

333 759 415 786 νων
442 740 686 798 ιίπεσχόμην
703 776 715 795 ‚
760 738 868 784 οἷλλοὶ
895 739 985 785 τότε
1012 744 1090 795 μὲν
1119 738 1247 791 αὖθις
1276 742 1554 798 ἀναστρέφειν
1581 744 1778 797 ἐπηγγελ-

333 810 475 864 λόμην,
508 805 647 864 ὥσπερ
689 810 842 851 ἐκεῖνοί
862 824 907 863 γε
935 810 1089 864 η’ξίουν,
1146 810 1219 849 καί
1245 804 1501 864 ἀνέστρεφον
1528 810 1588 858 εἰς
1613 809 1777 851 Θεσσα-

332 873 496 929 λονίκην
523 873 629 930 πρὸς
657 875 841 922 ἐκείνους
869 873 977 926 μετὰ
1006 873 1050 916 τὸ
1084 872 1182 922 τούς
1216 871 1365 928 ἁγίους
1394 873 1578 924 ἐκείνους
1609 889 1800 929 προσῇ-ι

330 946 451 994 πεῖν,
481 942 554 983 καί
577 939 654 995 τήν
683 941 904 995 δεξομένην
936 943 980 983 ἐν
1009 937 1166 997 ὑστέρῳ
1197 938 1354 995 οἴκησιν
1382 941 1696 993 οἰκοδομεῖσθαι
1728 940 1774 982 ἐν

328 1008 577 1064 Βατοπεδίῳ
607 1003 947 1063 παρασκευάσαι.
978 1003 1142 1061 γνώμην
1158 1008 1204 1049 δὲ
1234 1003 1365 1060 εἶχον,
1396 1006 1468 1059 ὥς,
1497 1000 1546 1047 εὖ
1575 1007 1776 1054 διαθέμεφ

332 1088 402 1120 νος
429 1071 482 1114 τὰ
512 1075 601 1114 κατ’
630 1073 722 1125 ἐμὲ,
754 1069 884 1122 αὖθις
914 1071 1129 1127 ἐπανήξων
1161 1072 1233 1114 καί
1249 1070 1522 1125 συνεσόμενος
1537 1077 1624 1121 τοῖς
1644 1073 1775 1114 ἐκεῖσε

331 1133 548 1192 μοναχοῖς,
583 1136 659 1179 τὸν
690 1136 780 1180 ἴσον
810 1139 903 1192 βίον
930 1136 1122 1191 ἑλόμενος
1150 1138 1306 1188 αὐτοῖς.
1372 1138 1495 1196 ὀλίγῳ
1525 1140 1571 1181 δὲ
1602 1135 1777 1194 ὕστερον

283 1212 315 1244 1)
332 1203 663 1258 τετελευτηκότος
688 1207 908 1258 βασιλέως,
943 1206 1036 1247 ἐπεὶ
1054 1205 1253 1259 πράττειν
1273 1203 1428 1259 ἑτέρως
1456 1201 1532 1247 οὐκ
1563 1206 1672 1259 ἐξῆν,
1702 1207 1800 1265 τῆς]

332 1267 429 1325 ὅλης
453 1270 694 1325 διοικήσεως
720 1273 802 1312 τῶν
830 1273 1087 1326 πραγμάτων
1118 1272 1183 1313 ἐπ’
1210 1272 1285 1325 ἐμὲ
1312 1273 1675 1327 καταλειφθείσης,
1705 1268 1778 1311 καὶ

329 1330 443 1378 ἄκων
475 1334 738 1392 κατεσχόμην
755 1370 765 1388 ,
806 1338 890 1379 τῶν
917 1340 1193 1392 συκοφαντῶν
1228 1339 1274 1379 δὲ
1301 1335 1467 1379 ἐκείνων
1497 1335 1568 1379 τὸν
1595 1335 1775 1389 πόλεμον

326 1399 594 1456 κεκινηκὸτων
633 1405 706 1445 καί
741 1402 811 1444 τὸν
849 1402 949 1458 περὶ
972 1406 1047 1445 τοῦ
1077 1405 1151 1460 ζῇν
1179 1405 1369 1445 κίνδυνον
1396 1405 1498 1456 ἐμοί
1514 1418 1558 1445 τε
1587 1405 1661 1444 καί
1687 1406 1774 1450 τοῖς

188 1475 312 1520 V.643
325 1468 524 1509 συνοῦσιν
545 1464 675 1516 οὕτως
693 1466 850 1523 α’θρόον
869 1468 1180 1523 ἐπενεγκόντων,
1212 1469 1262 1510 οὐ
1292 1471 1367 1524 τῆς
1395 1471 1588 1522 ἐμαυτοῦ
1613 1471 1774 1521 μᾶλλον

324 1530 354 1588 ἢ
380 1535 460 1575 τῶν
504 1529 612 1575 ὅλων
650 1533 861 1589 σωτηρίας
888 1537 1007 1577 ἕνεκα
1039 1535 1083 1577 τὸ
1124 1534 1323 1588 βασιλεὺς
1356 1535 1576 1587 Ῥωμαίων
1603 1531 1800 1589 εἱλόμηνο

322 1595 455 1652 εἶναι,
493 1602 566 1643 καί
591 1602 790 1645 τοσοῦτον
826 1601 1030 1654 ὑπέμεινα
1059 1603 1195 1642 κακῶν
1223 1599 1370 1654 ἐσμὸν,
1402 1601 1623 1656 ἀνημέρως
1655 1597 1766 1641 οὕτω

321 1665 576 1720 πολεμηθείς
620 1668 692 1708 ἐπί
728 1669 924 1709 τοσοῦτον
951 1665 1117 1722 χρόνον.
1183 1669 1234 1710 δι’
1274 1664 1302 1709 ἃ
1340 1665 1525 1721 μάλιστα
1563 1664 1769 1720 ψεύδεται

321 1732 363 1774 Γ
360 1733 541 1787 ρηγορᾶς
569 1732 644 1773 οὐκ
675 1732 960 1787 ἀνεξέλεγκτα,
992 1733 1099 1775 α’λλοὶ
1130 1733 1296 1775 πάντων
1322 1732 1508 1787 μάλιστα
1539 1730 1772 1787 εὖελεγκτό,

413 1823 447 1856 9.
475 1810 517 1845 ἐν
541 1810 794 1856 Θεσσαλονίκῃ
821 1811 854 1843 Ρ.

321 1884 396 1919 tem
443 1885 480 1913 et
504 1879 691 1913 honestam
717 1881 876 1925 aliquam
898 1879 1170 1923 responsionem
1196 1879 1294 1924 apud
1322 1878 1556 1912 formidabile
1580 1877 1674 1911 illud
1704 1877 1772 1911 Dei

321 1927 487 1961 tribunal
522 1938 587 1972 pro
621 1926 787 1959 admissis
835 1928 1026 1970 acquirere
1063 1926 1288 1960 laborantem
1325 1926 1520 1971 prohibere
1559 1929 1771 1964 conaretur,

320 1979 515 2020 postquam
538 1974 698 2008 animum
745 1985 863 2006 meum
900 1973 1044 2007 flectere
1080 1973 1247 2019 nequivit
1283 1974 1383 2006 etin
1411 1976 1577 2016 suscepto
1616 1970 1770 2004 consilio

322 2020 552 2059 obfirmatum
579 2019 693 2060 vidit,
718 2020 914 2064 Augustam
939 2019 1092 2054 adscivit
1115 2021 1259 2054 sociam.
1309 2019 1398 2052 Inde
1415 2019 1520 2052 ambo
1546 2017 1669 2051 multis
1692 2029 1772 2051 ver-

321 2067 380 2105 bis
409 2072 447 2101 et
471 2067 690 2110 argumentis
720 2064 779 2099 me
802 2067 1056 2111 pervicerunt,
1090 2079 1136 2100 ne
1161 2071 1236 2099 tum
1252 2091 1261 2106 ‚
1287 2066 1386 2112 quod
1417 2065 1608 2109 cupiebam
1626 2090 1636 2105 ‚
1667 2075 1771 2098 exse-

323 2125 465 2159 querer.
517 2112 735 2159 Quanquam
761 2114 887 2157 (amica
914 2114 1011 2148 enim
1035 2114 1181 2156 veritas)
1208 2124 1274 2146 nec
1298 2115 1375 2157 ipse
1391 2137 1400 2152 ,
1426 2113 1494 2145 etsi
1524 2113 1687 2156 impense
1710 2121 1774 2144 vo-

321 2159 464 2199 lebam,
496 2165 644 2204 propter
672 2161 1004 2194 coniunctissimam
1031 2160 1315 2198 familiaritatem
1343 2158 1389 2192 ab
1416 2159 1632 2203 imperatore
1664 2168 1771 2202 sepa*

322 2207 394 2244 rari
419 2210 592 2250 poteram.
640 2205 715 2238 Nec
745 2212 866 2240 tamen
901 2207 945 2241 ab
986 2219 1026 2241 ea
1052 2215 1172 2240 mente
1209 2217 1353 2251 prorsus
1380 2205 1553 2244 discessi,
1592 2204 1655 2238 sed
1692 2208 1771 2238 tum

322 2253 493 2298 quidem,
519 2264 583 2297 pro
610 2264 652 2286 eo
678 2263 719 2285 ac
743 2253 799 2286 illi
827 2255 1016 2298 petebant,
1039 2254 1240 2287 rediturum
1268 2265 1323 2285 me
1348 2253 1518 2297 promisi:
1540 2256 1578 2284 et
1602 2250 1666 2284 ubi
1689 2261 1773 2284 sau-

322 2305 398 2337 ctos
425 2300 507 2337 illos
532 2299 710 2334 allocutus
748 2302 874 2340 effeci,
911 2307 951 2336 ut
986 2302 1025 2334 in
1051 2299 1247 2344 Batopedio
1273 2299 1524 2334 habitaculum
1563 2297 1655 2337 mihi
1681 2308 1771 2331 con-

322 2351 550 2386 strueretur,
585 2345 882 2380 Thessalonicam
922 2348 969 2382 ad
1003 2348 1259 2392 imperatorem
1295 2346 1399 2379 redii.
1449 2346 1536 2379 Erat
1571 2349 1691 2377 autem
1730 2344 1772 2377 iu

323 2394 459 2433 animo,
486 2390 592 2427 rebus
617 2394 706 2425 meis
731 2392 826 2427 bene
851 2395 1074 2438 compositis,
1102 2394 1252 2433 reverti,
1280 2399 1315 2426 et
1341 2396 1437 2427 inter
1461 2390 1656 2425 monachos
1687 2391 1770 2425 illos

325 2440 451 2477 eadem
474 2440 571 2476 vitae
610 2439 779 2474 instituta
815 2439 984 2486 legesque
1021 2441 1194 2484 profiteri.
1244 2441 1346 2474 Brevi
1385 2439 1574 2472 intervallo
1609 2439 1770 2482 impera-

323 2492 404 2520 tore
429 2486 649 2522 mortalitate
676 2486 891 2530 perfuncto,
914 2488 1000 2531 quia
1023 2486 1120 2520 aliud
1150 2498 1222 2519 non
1248 2486 1404 2525 licebat,
1439 2490 1516 2518 tota
1543 2486 1704 2518 rectione
1730 2485 1770 2517 in

324 2533 495 2573 humeros
521 2543 619 2565 meos
643 2533 838 2572 translata,
874 2532 1041 2566 detentus
1077 2545 1155 2566 sum
1186 2533 1295 2566 etiam
1322 2533 1467 2566 invitus.
1518 2531 1607 2565 Cum
1646 2535 1769 2563 autem

322 2579 569 2624 sycophantae
594 2579 650 2617 illi
674 2578 812 2612 bellum
839 2581 1092 2619 suscitassent,
1126 2584 1163 2612 et
1186 2590 1243 2610 me
1280 2589 1451 2623 meosque
1480 2577 1570 2610 adeo
1598 2578 1636 2610 in
1669 2589 1769 2610 sum-

322 2638 421 2666 mum
446 2626 637 2666 discrimen
662 2626 921 2664 coniecissent,
948 2637 1022 2659 non
1048 2637 1146 2658 meae
1172 2626 1307 2668 potius,
1336 2635 1442 2669 quam
1468 2625 1629 2657 omnium
1656 2624 1766 2657 saluti

324 2672 576 2712 consulturus,
610 2673 863 2718 imperatorem
903 2668 1102 2705 Romanum
1138 2671 1215 2704 fieri
1243 2682 1300 2704 me
1331 2671 1514 2714 sustinui,
1550 2675 1766 2716 tantumque

323 2720 499 2752 malorum
524 2730 675 2753 examen
711 2718 848 2754 tamdiu
885 2723 1110 2763 oppugnatus
1144 2718 1305 2751 toleravi.
1355 2717 1465 2761 Quod
1498 2727 1578 2750 cum
1612 2717 1663 2754 ita
1696 2717 1766 2754 sit,

324 2767 500 2810 Gregoras
525 2768 702 2800 mentitur
726 2777 768 2799 ea
791 2765 1126 2811 impudentissime,
1152 2775 1246 2810 quae
1271 2775 1346 2798 non
1371 2763 1522 2798 refutari
1549 2762 1676 2805 modo,
1700 2761 1765 2796 sed
