1800 3164
313 145 418 201 282
839 161 1211 204 CANTACUZENI

101 267 188 308 AC.
207 268 294 313 1354
307 270 371 307 λεῐ
393 266 438 306 δὲ
465 264 594 306 ἐδόκει
619 265 787 317 μᾶλλον,
807 263 1206 316 παρεσκευασμένων
1232 265 1313 305 τῶν
1329 263 1546 318 ’τριηρέων
1571 265 1645 304 καί
1669 264 1743 304 δα-

305 330 436 387 πάνης
465 330 665 382 οὐδεμιᾶς
695 328 764 369 διὰ
798 330 920 369 τοῦτο
951 330 1179 382 δεομένων,
1221 328 1351 370 αὐτὸν
1379 327 1610 384 α’φικέσθαι
1639 327 1744 383 πρὸς

304 397 381 453 την
408 399 533 452 νῆσον
560 397 633 436 καί
661 392 850 435 διαλύειν
890 391 966 448 την
1000 392 1104 448 πρὸς
1132 396 1309 447 βασιλέα
1333 393 1403 436 τὸν
1431 393 1622 448 γαμβρὸν
1651 395 1745 435 δια-

306 462 457 520 φοράν.
510 456 611 519 ᾤετο
639 459 735 514 γάρ,
765 460 803 501 εἰ
834 459 957 513 μόνον
987 461 1173 501 πείθοιτο
1201 458 1330 501 αὐτὸν
1359 458 1578 514 γενόμενον
1608 457 1742 512 ἐγγὺς,

303 530 451 570 αὐτίκα
480 527 848 580 προσδραμεῖσθαι
889 525 962 567 καί
998 524 1242 580 συγγνώμην
1278 526 1347 580 ἐφ’
1375 519 1436 574 οἷς
1465 525 1774 578 προσκέκρου-5

304 611 373 637 κεν
402 589 596 647 αἰτήσειν·
638 593 1113 647 προπαρεσκευασμένον
1154 592 1200 633 δὲ
1241 583 1340 632 ὅντα
1372 588 1445 631 καί
1478 588 1606 632 αὐτὸν
1644 586 1744 645 πρὸς

304 659 381 714 την
414 656 631 711 διάλυσιν,
675 654 813 714 ῥᾷστα
851 655 956 712 πρὸς
993 654 1070 711 τήν
1098 654 1265 711 εἰρήνην
1298 650 1424 706 αὖθις
1450 654 1500 698 τὰ
1525 655 1745 708 Ῥωμαίων

304 721 578 779 καταστήσειν
611 721 849 778 πράγματα.
905 724 1082 779 τοιαύτῃ
1123 725 1201 776 μὲν
1238 723 1456 773 ἐξέπλευσε
1485 718 1626 777 γνώμῃ
1654 722 1744 761 Βυ-

306 791 488 842 ζαντίου,
523 787 631 843 ἔχων
660 787 732 830 καί
762 791 994 831 Ματθαῖον
1022 790 1198 841 βασιλέα
1228 787 1298 829 τὸν
1329 786 1424 829 υἱὸν
1455 780 1500 829 έν
1523 791 1612 834 ταῖς
1626 783 1744 839 τριή-

169 864 203 899 Ρ.
226 863 293 909 364
304 871 419 910 ρεσιν
445 851 535 907 ἅμα
567 854 754 908 βασιλίδι
781 855 833 911 τῇ
861 853 1042 911 συζύγῳ,
1083 853 1140 902 ὥς
1178 849 1228 894 ἂν
1264 854 1411 895 ἐκεῖνοι
1444 852 1594 911 μὲνγέν
1623 849 1773 907 Αἴνῳ,

304 922 520 974 α’ποβαῑεν,
558 919 614 969 ὥς
643 920 800 961 ἐκεῖθεν
840 922 898 970 εἰς
926 917 1234 973 Διδυμότειχον
1281 915 1531 974 ἀφιξόμενοι
1572 915 1643 958 καί
1668 915 1743 971 τὴν

296 983 543 1041 Ἀδριανοῦ,
561 984 686 1034 αὖτὸς
704 987 750 1027 δὲ
779 987 851 1027 ἐπί
875 983 952 1040 τὴν
980 986 1055 1026 τοῦ
1083 987 1278 1039 γαμβροῦ
1305 984 1506 1039 τράποιτο
1537 981 1743 1025 διάλυσιν.

304 1049 374 1096 οἷα
407 1053 453 1094 δὲ
486 1050 563 1093 οὐκ
591 1052 662 1092 ἐπὶ
686 1051 830 1107 μάχην
859 1054 1126 1104 καταπλέων,
1161 1053 1252 1092 ἀλλ’
1280 1047 1444 1105 εἰρήνης
1473 1050 1630 1102 μᾶλλον
1656 1046 1745 1091 ἕνε-

304 1134 357 1160 κα
378 1149 391 1170 ,
425 1118 475 1159 οὕ
502 1118 734 1173 προσέσχεν
762 1118 833 1159 ἐπὶ
867 1118 1039 1159 Τένεδον
1070 1116 1246 1169 αὐτίκα,
1278 1112 1368 1157 ἀλλ’
1398 1115 1474 1156 ἐπί
1495 1131 1533 1155 τι
1561 1114 1745 1168 νησίδιον

306 1185 500 1240 αόίκητον
534 1182 657 1238 ἐγγύς
693 1186 883 1235 Τενέδου,
903 1181 1088 1236 ΠΙαυρία
1107 1181 1529 1238 προσαγορευόμενον,
1556 1181 1629 1221 καί
1655 1179 1744 1233 διή-
1764 1202 1772 1226 1

300 1266 424 1306 γαγεν
467 1252 557 1292 ἐκεῖ
576 1248 622 1292 τὸ
656 1254 796 1291 λεῖπον
837 1254 910 1303 τῆς
951 1246 1113 1304 ἡμέρας
1156 1248 1229 1291 καί
1253 1248 1331 1303 την
1363 1248 1564 1290 ἐπιοῦσαν
1599 1243 1740 1289 νύκτα.

305 1318 365 1366 εἰς
396 1315 473 1370 τὴν
504 1314 729 1371 ὑστεραίαν
758 1317 805 1358 δὲ
834 1310 942 1371 ἄρας
963 1317 1123 1357 ἐκεῖθεν
1133 1349 1146 1368 ,
1174 1316 1243 1371 ἐφ’
1273 1316 1410 1369 ἕτερον
1437 1312 1640 1369 ὦρμίζετο
1672 1327 1745 1366 νη-

302 1383 449 1435 σίδιον,
467 1377 581 1435 ἅγιον
608 1381 809 1436 Ἀνδρέαν
840 1379 1265 1437 προσαγορευόμενον,
1295 1377 1486 1431 ἐλπίζων,
1516 1378 1747 1434 ἀφίξεσθαι

305 1446 531 1502 πρεσβείαν
559 1444 675 1502 παρὰ
704 1449 908 1500 βασιλέως
935 1449 1009 1488 τοῦ
1032 1448 1227 1502 γαμβροῦ
1254 1448 1353 1500 περὶ
1378 1444 1554 1499 εἰρήνης.
1598 1442 1667 1492 ,ὥς
1700 1444 1747 1483 δὲ

305 1513 430 1555 οὐδὲν
457 1510 619 1568 α’πήντα
653 1514 742 1554 κατ’
770 1514 967 1566 ἐλπίδας,
1013 1515 1119 1567 (τῶν
1154 1510 1233 1566 γὰρ
1265 1509 1474 1553 συνόντων
1504 1509 1620 1565 αΰτῷ
1638 1523 1770 1556 τινεςς

267 1578 531 1633 Βναυοίρχων
563 1578 726 1628 δύσνως
753 1577 930 1632 ἔχοντες,
955 1580 1198 1631 πέμψαντες
1215 1576 1321 1632 πρὸς
1347 1576 1522 1630 βασιλέα
1550 1573 1624 1616 τὸν
1645 1576 1747 1624 νέον,

304 1643 517 1701 παρῄνουν
545 1642 602 1698 μὴ
632 1645 833 1698 δέχεσθαι
861 1643 938 1698 την
966 1643 1161 1699 εἰρήνην,
1192 1647 1284 1685 ἄλλ’
1317 1642 1533 1698 αἱρεῖσθαι
1569 1638 1641 1683 τόν
1669 1638 1747 1696 πό-

305 1715 431 1763 λεμον
464 1711 653 1762 μᾶλλον,
691 1711 749 1759 ὥς
789 1711 927 1752 αὐτῶν
962 1711 1405 1766 συγκατεργασομένων
1443 1704 1620 1760 minag)
1658 1706 1752 1752 ου’δῖ

306 1773 416 1820 οὕτω
444 1778 523 1830 μὲν
555 1775 628 1817 ἐπὶ
654 1774 729 1832 τὴν
756 1775 874 1818 πόλιν
910 1771 985 1832 ἧκε
1023 1774 1098 1831 τήν
1125 1775 1232 1817 κατὰ
1262 1774 1338 1830 τήν
1365 1777 1510 1830 νῆσον,
1539 1768 1568 1830 ᾗ
1597 1773 1750 1826 διέτρι-

406 1878 433 1901 ι.
459 1869 632 1903 nzr‘om.
659 1867 709 1900 M.
804 1879 835 1912 7.
863 1865 1059 1900 διαλύσειν
1083 1866 1118 1899 Ρ.
1221 1862 1291 1907 τὴν
1316 1869 1399 1899 ante
1427 1863 1578 1907 εἰρήνην
1603 1872 1673 1894 orn.
1698 1860 1750 1894 M.

305 1949 374 1982 bus
410 1959 450 1981 ac
474 1948 577 1981 nullo
602 1951 748 1992 sumptu
780 1957 875 1981 novo
910 1945 958 1978 ob
992 1945 1062 1980 hoc
1090 1944 1280 1991 egentibus
1299 1969 1310 1985 ‚
1346 1953 1411 1989 per
1441 1952 1478 1975 se
1514 1941 1554 1974 in
1590 1939 1748 1980 insuiam

333 1996 485 2029 roficisci
522 2000 559 2029 et
595 2006 676 2028 cum
701 2005 833 2040 genero
871 1993 1044 2028 resarcire
1079 1992 1308 2026 concordiam
1333 1989 1503 2026 malebat.
1552 1987 1749 2021 Existima-

305 2009 371 2077 ξεῖ
389 2042 499 2082 enim,
517 2042 628 2076 simul
654 2046 695 2075 ut
721 2041 875 2084 audiret,
893 2042 1013 2086 ipsum
1037 2039 1344 2085 appropinquare,
1370 2038 1490 2071 statim
1517 2044 1751 2068 occursurum

306 2089 446 2124 veniam
477 2101 522 2122 ue
549 2100 615 2133 pro
642 2089 839 2122 commissis
864 2090 1086 2133 petiturum:
1111 2096 1264 2131 cumque
1290 2091 1327 2118 et
1350 2085 1430 2129 ipse
1454 2095 1474 2122 a
1497 2081 1750 2126 pacificatione

306 2134 405 2168 haud
438 2146 457 2167 a
487 2135 655 2175 horreat,
687 2135 862 2169 facillime
898 2146 1018 2169 rursus
1055 2133 1101 2166 ad
1122 2131 1431 2178 «tranquillitatem
1467 2139 1541 2161 rem
1566 2126 1754 2170 publicam

308 2182 547 2216 redacturum.
597 2182 675 2216 Hoc
701 2183 854 2216 consilio
883 2194 961 2216 cum
988 2181 1174 2216 Matthaeo
1200 2179 1276 2212 filio
1314 2183 1350 2212 et
1374 2186 1485 2210 uxore
1511 2177 1587 2208 eius
1615 2175 1750 2217 Byzan-

307 2230 361 2262 tio
386 2229 511 2269 solvit,
547 2233 588 2261 ut
611 2229 667 2261 illi
693 2230 841 2274 quidem
877 2229 923 2263 ad
947 2230 1086 2263 Aenum
1117 2225 1398 2264 descenderent,
1432 2222 1519 2256 inde
1543 2220 1750 2264 Didymoti-

306 2275 415 2308 chum
444 2280 481 2308 et
523 2274 800 2320 Adrianopolim
825 2276 980 2317 abituri,
1009 2278 1086 2320 ipse
1110 2274 1154 2308 ad
1175 2284 1345 2318 generum
1366 2268 1624 2317 pacificandum
1642 2278 1754 2312 porro

306 2322 505 2366 navigaret·
555 2322 705 2356 Perinde
730 2328 871 2365 autem,
898 2329 1009 2369 atque
1034 2323 1065 2356 si
1089 2333 1164 2354 non
1189 2321 1295 2358 belli,
1321 2319 1383 2353 sed
1410 2317 1507 2363 pacis
1533 2325 1638 2347 causa
1665 2325 1750 2348 sus-

308 2373 434 2414 ceptus
467 2372 561 2402 esset
590 2368 650 2401 hic
674 2380 795 2403 cursus
813 2396 822 2412 ‚
852 2381 926 2404 non
961 2370 1078 2404 statim
1116 2368 1162 2401 ad
1187 2365 1395 2404 Tenedum,
1435 2362 1499 2397 sed
1534 2362 1581 2394 ad
1604 2371 1751 2406 parvam

307 2416 465 2450 insulam
489 2415 666 2448 desertam
692 2416 792 2449 iuxta
822 2416 1035 2456 Tenedum,
1062 2416 1237 2449 Mam-iam
1261 2412 1502 2458 appellatam,
1532 2408 1674 2453 appulit
1707 2417 1750 2438 ac

308 2464 491 2509 reliquum
520 2461 594 2494 diei
628 2468 665 2495 et
690 2468 832 2497 noctem
859 2465 1111 2510 insequentem
1139 2462 1192 2496 ibi
1218 2462 1358 2494 mansit.
1409 2456 1584 2491 Postridie
1621 2454 1667 2486 ad
1692 2454 1749 2485 al-

309 2516 425 2544 teram
448 2509 616 2548 insulam,
641 2509 808 2543 similiter
834 2521 988 2555 parvam,
1014 2510 1126 2543 sancti
1150 2509 1313 2543 Andreae
1339 2509 1517 2543 vocatam,
1544 2501 1700 2540 delatus,
1726 2510 1749 2532 a.

310 2568 442 2602 genero
466 2556 601 2599 legatos
629 2554 674 2588 de
699 2567 787 2600 pace
810 2563 979 2591 venturos
1006 2555 1246 2601 exspectabat.
1295 2552 1365 2587 Ubi
1392 2551 1485 2584 nihil
1510 2560 1574 2593 pro
1600 2558 1662 2590 spe
1687 2558 1751 2579 ac-

312 2603 415 2644 cidit,
441 2603 592 2647 (etenim
618 2613 662 2636 ex
686 2603 873 2637 navarchis
895 2604 1043 2650 maligni
1069 2602 1217 2649 quidam
1251 2600 1296 2633 ad
1319 2598 1567 2642 Palaeologum
1601 2592 1764 2628 mitten-¹

309 2656 364 2685 tes
390 2659 545 2695 eumque
571 2658 590 2679 a
614 2659 703 2693 pace
730 2648 955 2684 deterrentes
971 2677 980 2693 ‚
1018 2650 1064 2685 ad
1088 2649 1225 2683 bellum
1249 2644 1472 2691 instigabant
1511 2647 1621 2688 atque
1646 2641 1684 2672 in
1711 2639 1752 2688 ἰᾷ

310 2709 415 2742 opem
442 2707 542 2730 suam
577 2706 699 2729 omnes
732 2695 990 2741 spondebant)
1021 2708 1067 2732 ne
1104 2697 1155 2730 sie
1189 2694 1336 2742 quidem
1369 2692 1408 2724 in
1441 2690 1579 2723 insulae
1605 2686 1755 2726 urbem,

310 2746 349 2778 in
375 2755 445 2790 qua
470 2744 666 2787 imperator
689 2743 812 2776 iunior
835 2744 1056 2785 morabatur,
1093 2744 1155 2777 sed
1181 2742 1219 2775 in
1244 2745 1381 2786 partem
1407 2738 1569 2776 alteram,
1599 2734 1749 2768 Borium
