1794 3158
399 143 471 185 An
516 112 882 186 CANTACUZENJ
923 145 1024 184 mr..
1070 146 1141 185 ιιι.
1376 127 1483 202 5¹7

57 245 223 299 sponsi&
276 243 491 287 Dabantur
522 253 654 286 autem
693 245 926 301 plerumque
953 245 1115 294 annuli:
1146 252 1188 285 et
1217 244 1363 285 dicitur
1390 261 1487 300 pro-

56 301 189 340 nubus
214 300 410 348 annulus,
455 315 536 354 quo
571 303 634 340 vir
670 316 855 354 sponsam
894 316 963 341 seu
997 315 1159 340 uxorem
1201 301 1277 340 sibi
1309 302 1485 341 futuram

59 357 320 409 oppignerare
349 356 646 409 quodammodo
673 358 908 406 consuevit;
965 358 1035 410 qui
1061 356 1156 395 olim
1186 355 1374 396 Romanis
1403 365 1489 396 erat

59 409 209 450 ferreus
237 417 276 450 et
319 411 406 449 sine
442 426 624 464 gemma,
659 414 788 465 prisca
827 412 1016 450 nimirum
1060 410 1215 450 saecula
1263 419 1302 450 et
1334 414 1488 465 antiqui

60 466 190 504 victus
217 467 498 519 parsimoniam
531 467 780 521 frugalesque
809 481 938 506 mores
968 467 1190 519 designans.
1242 467 1370 506 Testis
1405 467 1490 506 Pli-

55 520 149 559 nius
176 519 246 564 lib.
277 521 342 560 33.
368 535 454 574 cap.
487 535 521 564 1.
577 521 717 562 Fuisse
743 521 957 574 aliquando
984 536 1176 568 aureum,
1219 522 1356 561 scribit
1386 522 1488 560 Ter-

55 574 248 615 tullianus
276 576 318 614 in
345 575 553 630 Apologet.
585 591 668 629 cap.
700 577 742 616 6.
777 577 840 616 his
864 577 1025 616 verbis:
1069 576 1222 615 Annam
1252 577 1303 615 de
1338 586 1486 616 matro-

55 630 117 669 nis
131 631 243 669 nulla
269 641 397 680 norat,
424 641 588 686 praeter·
610 634 723 670 unico
742 632 880 684 dz'gitO,
910 645 1026 687 quem
1053 645 1214 686 sponsus
1232 633 1489 686 oppigneras-

55 693 112 724 set
147 686 329 739 pronubo
360 687 518 727 annulo.
574 687 726 725 Verum
754 688 829 725 ista
862 684 1057 738 ἐγκόλπια
1098 687 1216 724 fuisse
1267 701 1386 725 aurea
1423 694 1494 726 aut

58 748 243 793 argentea
285 748 324 779 et
352 742 547 791 inaurata,
579 756 658 780 non
688 748 746 780 est
775 742 970 781 dubium:
1014 742 1097 780 sive
1124 741 1368 789 cruciculae,
1408 743 1491 781 sive

58 808 239 848 gemmae
275 809 375 835 auro
410 803 626 848 argentove
666 796 864 847 inclusae,
905 797 988 836 sive
1025 796 1120 849 quid
1162 795 1270 835 aliud
1314 797 1490 836 suerint:

55 863 151 890 sane
179 864 324 889 munus
355 852 482 904 magis
510 853 783 905 conspicuum,
815 866 936 905 quam
968 851 1153 892 annulus.
1180 865 1352 892 PONTAN.

166 905 272 958 Pag.
295 920 308 944 1
324 906 386 957 16,
408 919 448 960 9.
481 908 533 946 in
554 907 917 946 calliditate.
975 901 1140 953 σύνεσις
1167 913 1226 944 est
1253 908 1295 944 in
1325 907 1493 958 Graeco,

60 973 181 1014 quam
213 960 279 999 hic
310 975 389 999 non
419 962 693 1014 prudentiam,
725 962 794 1001 sed
825 962 1087 1000 calliditatem
1115 969 1154 1000 et
1173 970 1296 1000 astum
1326 962 1494 1001 reddere

57 1023 232 1069 oportet,
260 1018 454 1055 sententia
484 1018 540 1056 ita
570 1019 809 1070 requirente.
856 1017 954 1055 Nam
984 1017 1194 1069 prudentia
1221 1030 1302 1055 non
1335 1017 1495 1070 decipit,

60 1084 134 1110 nec
166 1070 359 1110 machinis
387 1073 528 1110 utitur.
577 1073 782 1111 CaJliditas
815 1080 948 1111 autem
976 1073 1061 1111 sive
1088 1079 1194 1111 astus
1239 1072 1494 1125 prudentiam

59 1139 140 1165 non
169 1141 299 1176 secus,
328 1141 450 1179 quam
480 1126 558 1165 alia
587 1129 681 1166 vitia
711 1127 810 1166 alias
836 1129 1019 1176 virtutes,
1049 1128 1246 1166 imitatur.
1277 1141 1450 1168 romum.

170 1181 280 1234 Pag.
307 1184 395 1230 118,
425 1183 488 1221 15.
519 1183 603 1221 ubi
623 1191 873 1221 tert-arum
906 1183 1088 1232 agatis·
1144 1182 1230 1220 Aut
1262 1182 1301 1219 in
1332 1181 1493 1220 exilium

60 1237 382 1285 remotissimum,
413 1251 437 1276 a
463 1252 610 1291 magno
636 1238 852 1276 domestico
880 1239 1058 1286 missum,
1087 1243 1156 1275 aut
1198 1237 1237 1276 in
1266 1236 1500 1275 obscurissi-

61 1305 173 1330 mum
204 1291 638 1345 profundissimumque
671 1307 869 1332 carcerem
890 1322 902 1342 ,
962 1291 1050 1330 loco
1078 1293 1214 1344 ignoto
1241 1306 1310 1330 eos
1337 1299 1499 1330 contru-

59 1361 148 1386 sum
178 1348 225 1385 iri
255 1348 453 1386 insinuat=
480 1355 623 1387 neutro
653 1349 760 1386 enim
793 1347 911 1386 modo
939 1348 1076 1395 scient,
1106 1347 1175 1385 ubi
1203 1346 1306 1394 sint-y
1324 1360 1500 1386 romun-

168 1401 276 1454 Pezg.
301 1416 387 1452 120,
402 1417 445 1456 9.
479 1398 695 1453 ἐγκόλπιον
722 1403 802 1441 τῶν
822 1399 959 1453 ἱερῶν.
1011 1400 1186 1451 Bull-am,
1219 1403 1259 1440 in
1289 1415 1408 1454 quam
1436 1416 1498 1440 sa-

58 1470 150 1496 crae
178 1456 355 1496 inclusae
384 1464 476 1496 sunt
506 1456 710 1510 reliquiae,
742 1456 909 1509 intelligi
940 1471 1053 1509 posse
1079 1457 1237 1509 opinor.
1283 1456 1393 1494 infra
1424 1457 1498 1495 do-

61 1519 132 1552 nat
158 1511 268 1551 bulla
299 1511 568 1564 Apocauchus
595 1514 714 1551 etiam
743 1512 930 1551 Artotum
959 1513 1157 1564 Zampeae
1184 1511 1324 1549 filium.
1353 1513 1500 1563 Aptius

60 1574 192 1607 autem
224 1566 289 1605 hie
315 1567 486 1605 verbum
519 1568 718 1606 Graecum
747 1581 846 1606 voce
875 1568 948 1605 hac
977 1567 1112 1616 bulla,
1152 1581 1272 1619 quam
1302 1566 1500 1605 vocabulo

62 1623 221 1662 monilis
248 1623 512 1674 exprimitur,
552 1623 703 1661 etiamsi
733 1623 894 1674 proprie
922 1621 1032 1660 bulla
1065 1621 1229 1660 fortasse
1255 1635 1336 1659 non
1369 1621 1501 1659 suerit.

63 1677 193 1716 Porro
221 1677 417 1726 Romani,
461 1677 572 1729 quod
599 1691 644 1715 ex
680 1676 899 1723 Plutarcho
941 1685 980 1715 et
1009 1677 1218 1715 Macrobio
1257 1683 1296 1715 et
1330 1676 1506 1714 Asconio

62 1733 104 1771 in
135 1733 172 1771 3.
202 1732 362 1772 Verrin.
392 1731 615 1771 Alexander
662 1732 944 1784 Neapolitanus
976 1731 1162 1769 observat
1206 1731 1312 1769 libro
1342 1744 1382 1771 2.
1410 1745 1499 1783 cap.

63 1786 257 1837 aS-‚cum
285 1801 384 1840 puer
412 1786 578 1839 paulum
609 1794 735 1825 aetate
764 1789 1031 1839 processisset,
1057 1793 1259 1838 praetexta
1286 1784 1401 1824 illum
1427 1786 1501 1824 do-

60 1842 215 1881 nabant
241 1849 280 1880 et
305 1841 427 1885 bulla,
482 1841 542 1880 Ea
571 1848 656 1880 erat
685 1856 821 1889 aurea,
855 1842 1009 1893 insigne
1048 1839 1297 1890 nobilitatis,
1333 1840 1503 1892 figuram

65 1897 199 1937 cordis
226 1896 394 1948 babens,
420 1903 466 1935 ut
493 1898 708 1950 signarent,
740 1911 827 1935 eam
854 1903 1025 1934 aetatem
1053 1894 1219 1934 alterius
1245 1895 1411 1933 consilio
1439 1909 1503 1934 re-

65 1952 247 2006 gendam.
303 1953 388 1990 Hac
418 1952 588 1990 Romani
616 1953 729 2004 pueri
754 1952 920 1990 honeste
947 1951 1067 2003 geniti
1086 1957 1125 1988 et
1152 1949 1368 1989 liberaliter
1403 1950 1504 1988 edu-

66 2009 145 2047 cati
178 2007 333 2059 patricii
366 2013 435 2045 aut
464 2007 623 2045 illorum
655 2008 724 2059 qui
759 2008 995 2044 meruissent
1025 2005 1094 2043 filii
1124 2012 1259 2057 postea
1289 2006 1351 2043 usi
1379 2005 1505 2045 fuere.

65 2062 237 2112 Monile,
262 2056 301 2101 si
323 2063 487 2114 proprie
514 2061 623 2115 loqui
645 2062 827 2108 velimus,
857 2068 915 2099 cst
943 2067 1112 2099 ornatus
1135 2060 1365 2107 muliebris,
1403 2074 1503 2112 qua·

66 2116 145 2156 lem
183 2117 371 2156 habuisse
399 2117 624 2171 Eriphylen
663 2116 824 2155 fabulae
858 2116 1004 2155 serunt.
1060 2116 1120 2153 Ex
1155 2129 1204 2154 eo
1242 2117 1361 2154 etiam
1391 2116 1503 2168 equis

65 2172 337 2226 praependens
375 2186 398 2210 a
440 2171 544 2211 collo
584 2177 866 2211 ornamentum
889 2200 901 2220 ,
958 2169 1110 2209 monile
1145 2169 1380 2223 appellatur.
1437 2170 1502 2209 Sic

67 2229 226 2268 Festus.
256 2226 520 2270 Halszbandt.
550 2241 723 2269 rosus.

178 2281 279 2334 Pag.
308 2282 397 2335 ¹37,
421 2296 463 2335 7.
505 2281 764 2337 quosdam
804 2289 1018 2333 egentes.
1073 2279 1192 2319 Subit
1219 2281 1356 2318 animo
1386 2293 1504 2332 prae-

72 2335 230 2376 clarum
257 2334 359 2375 illud
385 2345 424 2375 et
459 2336 553 2375 huic
581 2335 709 2376 simile
728 2335 925 2376 Catilinae
949 2334 1196 2388 satellitium,
1227 2335 1277 2374 de
1307 2348 1388 2387 quo
1416 2333 1504 2373 Sal-

73 2392 216 2433 Iustius
243 2405 330 2443 cap.
365 2391 424 2440 14.
457 2405 628 2430 ponnu-

182 2445 283 2498 Pag.
313 2445 402 2495 158,
422 2444 460 2484 6.
490 2442 645 2485 πυλίδα
677 2439 963 2495 διατεμόντες,
1008 2446 1214 2502 portulam
1240 2452 1413 2482 secantes
1455 2443 1506 2482 ad

74 2501 258 2542 verbum.
313 2500 526 2552 Euripides
565 2500 823 2550 Phoenissis,
861 2494 883 2538 ὅ
920 2499 994 2552 τὴν
1029 2501 1074 2541 ἐν
1111 2493 1282 2550 ἄστροις
1326 2495 1511 2549 οὐρανοῦ

71 2555 230 2606 τέμνων
257 2550 369 2594 ὁδόν.
399 2555 637 2608 Posidippus
665 2557 705 2593 in
733 2556 989 2608 epigramma
1019 2554 1140 2606 ποιήν
1162 2566 1223 2598 τις
1252 2550 1412 2600 βιότοιο
1434 2548 1508 2590 τά-

75 2624 146 2661 μοι
175 2609 328 2662 τρίβον.
360 2610 505 2662 virgil.
537 2610 577 2650 6.
610 2611 806 2652 Aeneid.:
838 2611 905 2649 ille
938 2612 1050 2649 viam
1072 2617 1176 2647 secat
1192 2608 1249 2646 ad
1268 2622 1400 2646 naves.
1453 2607 1508 2644 Et

74 2663 145 2705 lib.
181 2677 276 2703 12.:
309 2665 379 2704 Sic
417 2666 456 2704 T
453 2679 579 2716 urna,
608 2678 845 2719 quacunque
877 2667 990 2704 viam
1021 2673 1142 2710 secat,
1167 2666 1330 2716 agmina
1353 2662 1506 2702 cedunt.

75 2720 184 2761 Dixit
214 2726 252 2759 et
281 2719 454 2759 scindere
472 2721 587 2762 viam
615 2720 723 2760 idem
753 2721 884 2760 Maro.
911 2733 1082 2759 ronna.
