1794 3158
1770 59 1794 107 ’ἦῆ

1784 112 1794 139 κ

325 127 438 191 Asso
518 145 520 148 ·
712 167 717 169 -
836 137 1250 181 ANNOTATlon
1787 175 1794 186 ,Ἴ

1784 199 1794 230 4

325 247 490 286 iunioris
518 243 772 298 imperatoris
807 243 1019 295 ingressum
1056 244 1237 281 nuntians
1257 270 1268 291 ‚
1286 250 1324 279 et
1350 242 1521 295 plausus
1548 249 1753 282 armorum

325 314 509 354 magnus.
568 302 705 339 Erant
725 300 829 338 enim
852 298 996 335 milites
1024 297 1198 351 amplius
1216 297 1427 346 octingenti
1458 311 1547 336 cum
1579 297 1753 351 impera·
1779 295 1794 346 ’ῗῖ

323 367 408 396 tore
438 358 623 408 ingressi,
645 354 763 392 simul
790 354 911 391 etiam
921 353 1083 403 faustis
1117 351 1290 405 undique
1313 352 1672 390 acclamationibus
1690 353 1753 390 iu·
1782 351 1794 398 ⁴}

323 416 415 450 nior
433 413 649 465 imperator
687 408 943 446 salutabatur
975 413 1047 445 etc.
1103 406 1164 444 Ex
1205 412 1342 443 nostro
1375 405 1563 446 historico
1603 413 1756 445 constat
1778 404 1794 436 ‘2'

323 468 374 505 ad
416 472 635 518 nongentos
674 464 886 516 ingressos.
940 461 1064 501 Vides
1102 462 1223 514 igitur
1256 459 1505 514 hyperbolen
1540 462 1751 514 Gregorae.

324 534 499 559 PONTAN.
1786 519 1794 552 ’ἶ

434 575 538 627 Pag.
557 572 651 624 304,
676 585 736 625 ¹9·
768 572 1050 612 salutavit.
1109 569 1340 624 Antequam
1378 569 1421 608 id
1454 570 1630 622 faceret,
1658 578 1756 611 teste
1786 553 1794 614 ,3

324 631 500 682 Gregora
530 629 717 667 omnibus
745 627 914 666 ducibus
943 633 981 665 et
1009 625 1182 664 tribunis
1210 627 1290 664 suis
1322 627 1576 675 convocatis,
1621 628 1755 679 gravi·
1786 624 1794 688 Ξ

321 691 383 723 tet·
422 685 571 734 edixit,
610 698 661 722 ne
693 697 813 721 avum
855 684 1135 735 imperatorem
1164 680 1228 720 vcl
1258 694 1379 718 manu
1407 679 1470 719 vel
1501 680 1585 720 uuo
1614 688 1756 720 contu·
1787 692 1794 701 ·

321 739 486 778 melioso
531 739 637 777 dicto
679 736 903 787 violarent,
948 751 1020 774 nec
1063 749 1304 788 quemquam
1351 749 1514 788 prorsus
1562 738 1756 774 omnium.
1785 731 1794 778 ²:

324 795 452 833 IIanc
486 795 592 832 enim
634 794 878 842 victoriam,
916 792 1070 843 inquit,
1111 790 1219 828 Deus
1252 791 1359 829 nobis
1395 791 1535 840 dedit,
1566 804 1644 829 non
1678 791 1794 844 ips-iz<

315 850 581 902 paravimus,
616 855 655 886 et
696 861 798 899 quae
837 853 1058 898 sequuntur
1103 846 1145 882 in
1175 859 1263 883 eam
1294 845 1545 883 sententiam.
1601 846 1756 885 Recitat
1790 848 1794 858 ¹

321 906 441 942 etiam
470 903 750 942 declamatorie
779 902 900 939 verba
939 900 1110 948 flebilia,
1141 900 1285 952 quibus
1314 913 1430 939 senex
1460 914 1482 938 a
1510 906 1655 952 nepote
1693 903 1755 941 vi·
1782 919 1784 921 ·

319 965 403 997 tam
430 959 504 998 sibi
534 958 674 996 donari
703 963 912 1009 precatur:
945 970 1046 1008 quae
1076 962 1210 993 tamen
1237 962 1415 1007 pugnant
1445 968 1536 994 cum
1566 956 1755 995 humani-

313 1020 402 1052 *tate
434 1015 590 1052 iuvenis
619 1013 657 1050 in
688 1021 808 1050 avum
837 1012 954 1050 toties
982 1009 1192 1048 declarata.
1248 1011 1303 1049 Et
1345 1009 1456 1048 addit
1485 1011 1524 1048 in
1554 1017 1755 1051 extremo:

320 1068 402 1107 His
422 1068 554 1107 verbis
592 1068 724 1105 iunior
749 1064 1000 1105 Andronicus
1032 1065 1224 1102 delinitus
1243 1095 1253 1112 ‚
1298 1067 1449 1119 avique
1484 1066 1628 1104 salutis
1657 1067 1756 1105 dili-

319 1124 428 1174 genti
451 1136 550 1161 cura
576 1130 778 1175 suscepta,
801 1121 882 1159 vix
908 1122 1033 1159 etiam
1063 1134 1089 1158 a
1114 1120 1312 1169 lacrymis
1338 1129 1592 1174 temperans,
1626 1121 1755 1174 pala·
1791 1137 1794 1160 ÷

319 1179 423 1216 tium
447 1177 692 1229 ingreditur,
730 1190 783 1214 ac
813 1176 995 1228 primum
1025 1174 1251 1213 venerabili
1286 1174 1372 1213 Dei
1400 1175 1607 1225 genitricis
1646 1177 1758 1214 ima·-
1790 1169 1794 1211 «s

317 1233 435 1283 gine,
465 1241 509 1270 ut
530 1233 661 1280 decet,
687 1232 880 1279 adorata,
916 1229 1067 1270 deinde
1105 1243 1237 1268 avum
1279 1230 1346 1267 illi
1377 1230 1646 1268 inhaerentem
1678 1231 1756 1270 ab-
1774 1238 1794 1262 ·<

319 1287 485 1326 ductum
524 1287 735 1337 salutavit,
770 1285 983 1339 amplexus
1011 1293 1069 1323 est
1111 1292 1149 1323 et
1190 1284 1346 1324 blandis
1387 1284 1523 1323 verbis
1559 1286 1794 1327 mcreavic‘.2

321 1348 397 1384 etc.
426 1354 600 1381 PONTAN.
1728 1368 1731 1369 γ
1780 1342 1794 1385 ’ἵ

432 1397 537 1449 Pag.
556 1394 646 1445 305,
668 1409 728 1437 ιι,
759 1390 831 1434 τὸν
858 1394 951 1434 add.
973 1395 1029 1435 M.
1059 1408 1168 1447 supr.
1184 1394 1253 1433 lin.
1274 1402 1366 1433 ante
1393 1393 1585 1444 βασιλέα.
1784 1388 1794 1439 ξ’

428 1452 532 1503 Pag.
552 1451 648 1500 305,
668 1464 727 1504 ¹9·
759 1463 920 1504 eoque
962 1464 1121 1504 super
1147 1463 1292 1504 equo.
1364 1450 1465 1487 Cum
1495 1448 1657 1489 levitate
1683 1464 1754 1490 ne·
1780 1452 1794 1500 ’ζ

319 1506 400 1545 scio
428 1521 508 1559 qua
536 1508 765 1545 restitutum
802 1506 926 1543 tradit
963 1506 1183 1558 Grcgoras:
1229 1505 1293 1542 cui
1320 1505 1390 1557 qui
1417 1506 1496 1543 cito
1528 1504 1680 1555 credit,
1723 1497 1794 1557 isi

318 1561 497 1613 profecto
535 1561 634 1600 levis
668 1568 726 1599 est
769 1561 900 1599 corde.
957 1561 1057 1599 Inde
1090 1561 1132 1598 in
1168 1559 1442 1610 Manganium
1471 1561 1755 1599 monasterium
1774 1557 1794 1595 ἐν]

317 1616 420 1665 abit,
457 1617 521 1655 ubi
542 1617 816 1670 patriarcham
843 1615 1010 1653 Esaiam
1040 1616 1082 1653 in
1112 1614 1237 1652 libera
1272 1614 1447 1652 custodia
1473 1615 1618 1653 sedisse
1643 1615 1754 1653 dixi·
1779 1585 1794 1687 ’ὲ

318 1683 402 1708 mus
417 1701 427 1721 ,
451 1686 566 1726 quem
594 1671 686 1709 inde
715 1671 924 1708 abductum
973 1679 1013 1708 et
1050 1671 1092 1708 in
1133 1683 1250 1707 umam
1276 1670 1569 1724 imperatorium
1595 1683 1755 1708 currum

317 1726 514 1765 sublatum
533 1756 542 1772 ‚
584 1728 640 1764 ita
669 1736 713 1764 ut
733 1739 914 1780 purpura
942 1733 1101 1763 ornatus
1129 1733 1236 1771 erat,
1281 1725 1322 1762 in
1353 1725 1660 1778 patriarchicum
1688 1737 1755 1763 so-

318 1780 414 1819 lium
446 1782 628 1829 restituit,
670 1781 791 1818 nullis
826 1781 1064 1834 presbyteris
1097 1789 1166 1818 aut
1195 1779 1382 1833 episcopis
1417 1778 1656 1834 sequentibus
1686 1787 1757 1833 auc
1780 1786 1786 1802 ’-

317 1837 646 1875 antecedentibus.-
676 1835 747 1873 sed
777 1836 994 1873 tibicinibus
1022 1843 1060 1873 et
1089 1836 1256 1873 tibicinis
1296 1841 1370 1873 etc.
1399 1848 1472 1873 Pon
1481 1847 1572 1877 τΔΝ.
1782 1839 1787 1842 “

427 1891 531 1944 Pag.
548 1891 640 1940 505,
658 1904 726 1929 21.
743 1888 1165 1943 ,Πορφυρογεννήτου
1191 1891 1249 1928 Μ.

428 1947 639 1999 Pag.3o5‚
659 1943 723 1985 25.
756 1946 934 1984 domus
963 1946 1137 1996 magni
1163 1945 1480 1997 logothetae.
1514 1943 1602 1983 Hoc
1630 1945 1771 1985 etiam.

315 2010 453 2049 narrat
469 2004 690 2054 Gregoras,
724 2000 793 2039 sed
821 2000 921 2038 illud
949 2004 1108 2053 qnoque
1136 2014 1248 2039 secus
1279 2014 1399 2051 quam
1427 2005 1573 2040 noster.
1607 2000 1672 2039 Eo
1686 2000 1753 2039 die
1783 1996 1791 2017 ³

315 2070 344 2093 a
371 2072 487 2097 mane
516 2058 578 2097 ad
599 2070 811 2111 vesperam
835 2070 967 2094 omnes
990 2070 1079 2109 opes
1097 2069 1122 2093 a
1145 2054 1472 2108 splendidissimis
1493 2054 1652 2094 aedibus
1678 2055 1751 2093 ab-
1782 2055 1789 2086 ἒ

316 2107 418 2152 latas
431 2144 441 2160 ‚
489 2122 528 2152 et
553 2114 658 2167 ipsas
691 2112 848 2150 dirutas
884 2125 1059 2150 cerneres
1095 2111 1282 2164 vulgique
1326 2110 1551 2150 ludibrium.
1606 2109 1753 2161 Magni
1770 2118 1773 2121 '

315 2167 530 2221 logothetae
555 2169 758 2223 inprimis,
788 2175 826 2204 et
852 2180 983 2205 omnes
1013 2180 1104 2220 opes
1118 2195 1128 2213 ‚
1158 2175 1244 2204 tam
1272 2178 1372 2219 quae
1403 2166 1446 2203 in
1479 2164 1530 2202 iis
1558 2165 1716 2204 relictae
1733 2194 1746 2213 ‚
1775 2179 1789 2211 'v

315 2238 434 2277 quam
465 2238 567 2279 quae
614 2222 726 2277 apud
758 2222 903 2261 amicos
939 2221 1144 2275 depositae
1164 2221 1363 2271 ficerunt,
1405 2220 1636 2272 rapiuntur.-
1679 2233 1748 2259 nec
1774 2216 1788 2265 J

314 2280 488 2319 omnium
517 2293 648 2318 rerum
674 2278 891 2332 quidquam
924 2285 980 2314 est
1000 2277 1175 2315 relictum
1194 2305 1204 2322 ‚
1234 2275 1304 2312 sed
1323 2275 1408 2312 alia
1442 2275 1486 2312 in
1502 2274 1652 2328 fiscum
1684 2289 1748 2313 re-
1763 2288 1783 2326 'j

315 2334 421 2382 lata,
457 2335 546 2373 alia
563 2334 716 2388 populo
746 2333 790 2371 in
803 2332 999 2386 praedam
1018 2339 1225 2370 cesserunt.
1277 2329 1345 2367 Ita
1364 2329 1486 2367 subito
1509 2343 1593 2368 cum
1615 2330 1748 2369 liberis
1776 2363 1779 2366 Α

316 2389 382 2429 ad
397 2398 606 2442 egestatem
624 2387 804 2426 redactus
830 2395 906 2437 est,
925 2387 995 2441 qui
1015 2395 1106 2441 post
1130 2386 1414 2439 imperatorem
1451 2385 1627 2422 omnium
1636 2385 1748 2436 fili..
1773 2399 1781 2426 ,τ

314 2446 492 2483 cissimus
524 2443 754 2483 habebatur.
812 2442 925 2481 Nam
949 2456 1025 2496 per
1046 2442 1182 2480 multos
1214 2454 1336 2478 annos
1370 2439 1603 2477 successibus
1633 2454 1741 2490 usus,
1777 2442 1782 2455 ”

313 2514 391 2539 uno
417 2500 483 2539 die
511 2500 554 2537 in
580 2507 807 2537 extremam
837 2497 1107 2536 calamitatem
1134 2495 1288 2535 incidit.
1345 2493 1413 2534 Ibi
1440 2494 1616 2532 homines
1648 2507 1746 2549 que-
1768 2541 1771 2544 .

313 2556 420 2594 rulos
441 2555 574 2594 dicere
601 2553 758 2591 audires
776 2561 856 2590 tum
888 2553 972 2590 alia
986 2581 998 2601 ,
1030 2560 1112 2590 tum
1132 2581 1143 2599 ‚
1176 2564 1265 2604 opes
1285 2550 1381 2588 illas
1409 2561 1636 2603 pauperum
1664 2562 1746 2588 esse

313 2611 546 2662 sanguinem
573 2617 611 2647 et
634 2609 870 2657 lacrymas,
891 2605 1164 2661 suppeditatas
1192 2606 1229 2644 ei
1246 2605 1296 2644 ab
1327 2605 1404 2653 iis,
1432 2603 1570 2658 quibus
1596 2604 1746 2642 Roma-
1771 2602 1787 2642 ’,-

314 2679 456 2705 narum
476 2663 778 2718 provinciarum
799 2670 839 2700 et
857 2661 1010 2700 urbium
1045 2661 1333 2700 administratio
1363 2658 1578 2697 commissa
1597 2659 1748 2711 fuisset
1764 2667 1772 2703 j

314 2727 391 2761 etc.
442 2719 631 2760 Eundem
665 2717 743 2770 ait,
782 2731 875 2756 cum
908 2717 992 2757 sine
1019 2715 1102 2757 ulla
1130 2714 1307 2756 molestia
1343 2716 1385 2754 in
1422 2712 1583 2754 exilium
1614 2713 1744 2753 abdu-
1774 2725 1777 2727 ·

1781 1688 1794 1719 ξ
