1794 3158
400 148 474 189 An
516 147 892 190 CANTACUZENJ
931 147 1029 188 Lm.
1058 150 1091 188 1.
1364 130 1479 204 4¹9

39 260 96 292 set
120 246 286 299 huhrus,
317 263 406 289 cum
430 249 716 289 adversissimis
745 249 979 303 temporibus
1006 262 1109 288 nunc
1136 249 1247 299 lazio,
1289 263 1389 288 nune
1415 251 1482 290 illi

43 307 224 346 maximo
249 306 505 357 usuisuisset.
566 305 663 344 Cum
704 314 833 344 autem
865 304 1036 344 Asanem
1064 303 1340 344 Andronicum
1371 320 1478 344 moe-

38 374 129 400 mre
149 361 312 416 plenum
333 360 654 399 obambulantem
672 361 948 413 conspexisset,
979 360 1045 398 cui
1070 368 1241 414 tempore
1267 358 1476 399 dissensio-

38 417 106 455 nis
148 415 499 470 Peloponnensium
534 415 810 454 Romanorum
847 424 1040 468 praetura
1079 414 1268 453 mandata
1301 416 1452 465 suerat
1465 445 1478 466 ‚

38 470 182 509 deinde
206 484 301 509 vero
344 484 424 525 per
447 471 706 522 ignominiam
731 470 934 508 aiuniore
961 471 1194 523 imperatore
1222 469 1407 523 depulsus
1443 480 1482 509 et

38 526 99 564 ad
124 527 315 564 seniorem
345 527 562 580 projectus,
601 526 706 563 nihil
735 524 930 563 eiusmodi
959 526 1215 578 impetrarat,
1262 538 1338 578 quo
1364 524 1482 564 dolor

36 581 120 619 eius
146 581 358 629 levaretur,
390 581 571 635 quamvis
592 580 746 632 magnis
777 579 986 617 honoribus
1019 579 1159 630 dignus
1191 587 1308 627 esset,
1341 588 1384 618 ut
1405 580 1478 618 Se-

37 635 312 674 bastocratoris
350 645 388 674 et
418 635 628 673 maioribus
666 637 783 673 etiam
803 663 815 684 ‚
857 648 944 672 cum
970 634 1018 672 ob
1054 634 1114 671 rei
1145 635 1329 673 militaris
1354 649 1478 686 usum,

39 704 117 745 quo
154 699 234 729 tum
271 691 373 730 alios
409 690 618 744 superabat
631 719 641 738 ‚
673 698 754 728 tum
796 688 844 727 ob
882 689 1033 726 illustre
1060 703 1178 740 genus
1196 707 1207 727 .·
1264 689 1403 742 quibus
1429 690 1481 728 de

34 746 162 784 causis
195 745 254 784 ad
280 746 388 784 illius
417 746 630 783 amicitiam
645 773 657 793 ,
697 758 798 800 quae
838 739 963 782 simili
993 757 1172 782 moerore
1209 744 1476 792 excitabatur,

32 814 118 839 ¹*sese
149 800 330 853 aducngit
344 829 356 849 ‚
385 809 429 838 ut
458 801 590 839 amico
605 801 756 850 fietus,
792 799 926 838 omnia
940 828 951 846 ,
981 813 1082 853 quae
1109 798 1226 836 dolor
1248 799 1342 849 sert
1354 828 1366 847 ‚
1397 801 1481 838 sine

28 856 123 895 ulla
152 855 458 894 dissimulatione
493 855 700 909 eloquitur.
763 853 877 892 Asan
910 867 1004 892 vero
1042 852 1237 905 singulari
1261 854 1481 908 prudentia

30 918 211 949 -v-actans
238 911 369 949 virum
382 938 394 959 ‚
424 910 556 949 verbis
589 910 700 948 haud
726 908 979 947 dissimilibus
1011 917 1049 947 et
1076 909 1158 960 ipse
1182 909 1481 962 imperatoribus

27 965 293 1005 =maledicebat
308 966 469 1014 scilicet,
506 966 643 1004 omnia
665 979 777 1012 vero,
804 978 904 1018 quae
931 978 958 1002 a
985 962 1210 1016 Syrgianne
1235 963 1479 1015 dicebantur,

28 1022 172 1060 <animo
202 1020 446 1060 recondebat.
502 1020 603 1059 Eius
629 1021 733 1059 enim
759 1020 1007 1057 ambitionem
1032 1020 1146 1072 prius
1174 1019 1292 1056 etiam
1318 1019 1477 1068 oderat,

37 1083 119 1114 tum
146 1089 242 1115 vero
275 1076 430 1115 moleste
438 1075 618 1127 serebat,
650 1089 736 1113 eum
763 1088 905 1127 genero
935 1087 1002 1112 suo
1020 1074 1301 1122 Cantacuzeno‚
1337 1088 1481 1126 magno

36 1130 262 1181 domestico,
294 1132 365 1186 qui
401 1130 512 1185 apud
541 1131 731 1169 iuniorem
759 1133 1038 1184 imperatorem
1077 1129 1361 1182 potentissimus
1391 1138 1484 1168 erat

39 1188 83 1224 et
103 1199 172 1239 spe
199 1186 362 1225 subinde
391 1186 492 1224 bona
515 1187 640 1236 ipsum
669 1184 882 1230 solabatur,
906 1185 1109 1222 inimicum
1134 1198 1229 1222 esse.
1289 1183 1384 1221 Cum
1403 1198 1482 1222 au-

38 1249 115 1279 tem
140 1249 221 1280 tota
230 1241 383 1291 sabula
418 1242 604 1279 instructa
636 1249 753 1286 esset,
797 1238 908 1280 Asan
933 1240 1212 1293 imperatorem
1245 1239 1481 1277 avunculum

37 1297 143 1335 clam
175 1296 281 1346 adit,
312 1305 361 1345 et,
388 1295 483 1334 Nisi
500 1295 778 1348 Syrgiannem,
813 1295 963 1348 inquit,
989 1295 1194 1347 imperium
1231 1292 1481 1344 affectantem

29 1353 165 1406 primo
210 1364 360 1406 quoque
393 1359 563 1404 tempore
601 1351 645 1389 in
677 1349 838 1388 vincula
879 1349 1086 1388 conieceris
1099 1378 1110 1393 .,
1151 1348 1289 1402 primo
1330 1362 1481 1403 quoque

35 1414 207 1461 tempore
227 1406 278 1444 ab
301 1419 346 1445 eo
369 1406 569 1445 occideris.
627 1404 770 1443 Statim
804 1404 924 1456 igitur
957 1403 1199 1455 Syrgiannes
1234 1403 1277 1441 in
1319 1404 1481 1442 vincula

35 1463 242 1500 coniicitur
259 1490 269 1509 ‚
305 1461 463 1500 domum
501 1462 581 1499 eius
612 1473 700 1498 cum
732 1459 912 1499 omnibus
952 1459 1090 1514 opibus
1117 1458 1229 1512 plebs
1264 1459 1406 1496 evertit
1431 1472 1481 1496 ac

34 1515 199 1572 diripit:
244 1516 370 1555 solum
396 1516 555 1555 aedium
591 1529 679 1554 cum
705 1515 832 1554 vineis
863 1515 905 1553 in
941 1515 1073 1554 ovium
1096 1526 1247 1568 pascua
1285 1514 1482 1552 converti-

36 1579 118 1611 tur.
149 1585 321 1613 PORTAN.

148 1627 250 1678 Pag.
275 1639 364 1680 ¹7¹³
387 1624 450 1665 16.
481 1623 755 1677 κατηγοροῦσι
786 1624 845 1666 Μ.

146 1683 257 1733 Pag.
282 1695 374 1734 17¹,
401 1680 460 1719 18.
494 1682 726 1731 παρασχεῖν
761 1681 818 1718 Μ.
849 1693 929 1732 mg.

148 1737 251 1788 Pag.
274 1749 363 1793 172,
384 1749 420 1776 2.
454 1729 518 1773 ἑνὶ
541 1735 682 1773 κανόνι
713 1735 771 1772 M.
812 1742 852 1773 et
879 1734 906 1775 l.
940 1732 1000 1771 ¹3.
1028 1728 1229 1785 ἁδελφὸς.

148 1791 250 1843 Pag.
274 1791 366 1844 175,
387 1804 427 1844 7.
453 1797 793 1828 cetratorum.
852 1783 1085 1833 πελταστὰς
1128 1795 1246 1826 vocat
1274 1787 1448 1826 Graecus
1465 1801 1479 1826 ε

15 1854 209 1887 weh-atos
238 1847 364 1898 magis
406 1845 521 1884 novit
555 1844 748 1882 Latinitas
769 1873 781 1894 ‚
810 1842 918 1896 quod
955 1849 1090 1880 tamen
1124 1843 1225 1880 scuti
1257 1856 1382 1895 genus
1411 1857 1482 1881 ro-

35 1902 211 1941 tundum
251 1901 328 1939 suit
348 1929 359 1950 ‚
407 1907 453 1938 ut
484 1914 530 1938 ex
558 1900 743 1938 Varrone
786 1898 892 1952 apud
921 1898 1095 1936 Nonium
1124 1897 1312 1936 discimus
1331 1927 1342 1943 ‚
1386 1910 1482 1936 cum

34 1957 143 2010 pelta
170 1956 418 1995 dimidiatam
436 1954 575 1993 lunam
605 1953 781 1995 referret.
835 1953 990 1992 Verum
1022 1951 1120 1991 haec
1148 1960 1188 1991 et
1215 1952 1362 1991 similia
1382 1966 1480 1990 con-

35 2012 152 2051 fundi
181 2011 290 2064 apud
318 2018 514 2057 auctores,
545 2023 663 2048 nemo
693 2016 775 2047 tam
807 2022 949 2060 parum
978 2007 1174 2046 litteratus
1203 2014 1274 2054 est,
1308 2009 1377 2061 qui
1407 2021 1481 2046 ne·-

35 2069 145 2107 sciat.
202 2068 330 2106 Immo
359 2079 564 2105 enimvero
586 2065 723 2104 Livius
752 2063 824 2102 lib.
856 2077 886 2103 ι.
917 2063 968 2102 de
994 2061 1100 2101 bello
1129 2062 1341 2104 Macedon.
1371 2061 1481 2100 idem

35 2135 119 2162 esse
150 2121 247 2162 dicit
273 2129 437 2171 cetram,
465 2120 575 2174 quod
604 2120 766 2172 peltam.
823 2117 947 2157 Nocte
980 2126 1151 2157 cetratos
1169 2146 1180 2167 ,
1219 2131 1315 2172 quos
1341 2117 1479 2171 pelta-

34 2186 114 2217 stas
145 2185 288 2220 vocant
302 2206 313 2224 ‚
351 2178 458 2215 intra
494 2177 588 2214 bina
624 2183 758 2214 castra
786 2175 828 2213 in
855 2173 1009 2212 insidiis
1033 2172 1253 2211 abdiderat.
1283 2185 1450 2212 PONTAN.

146 2232 251 2285 Pag.
273 2230 412 2286 ¹745.
440 2230 658 2270 Latinis
688 2229 940 2276 arcubus,
978 2236 1231 2280 tzangros
1266 2235 1478 2266 vocant.

37 2286 211 2326 Nomine
237 2289 474 2326 Latinorum
505 2285 681 2338 intellige
708 2299 790 2323 non
809 2285 983 2323 Graecos
1001 2313 1012 2330 ‚
1046 2282 1123 2322 hoc
1152 2289 1212 2322 est
1231 2281 1379 2331 Italos,
1408 2281 1477 2320 sed

39 2342 204 2393 Gallos,
245 2343 488 2390 Germanos,
539 2348 579 2380 et
605 2341 848 2393 quicumque
876 2339 1066 2379 nimirum
1095 2338 1302 2377 ecclesiam
1330 2338 1479 2376 Roma-

39 2411 136 2436 nam
168 2397 355 2436 audiunt.
415 2397 666 2447 Quaeramus
697 2409 791 2449 ergo
821 2395 872 2434 ab
902 2394 980 2442 his,
1021 2400 1159 2433 utrum
1189 2406 1313 2445 genus
1346 2391 1479 2444 quod-

38 2452 134 2492 dam
165 2466 282 2492 arcus
309 2454 365 2492 sic
393 2450 651 2505 appellitentt,
684 2445 959 2502 τζαγγάτορες
986 2463 1110 2503 genus
1142 2447 1319 2486 militum
1354 2446 1479 2500 pede-

38 2509 195 2557 sti-ium,
226 2507 336 2562 quod
364 2507 575 2546 confertim
610 2513 804 2559 possunt,
835 2506 1018 2558 quamvis
1046 2506 1149 2542 iusto
1177 2503 1352 2555 agmine,
1382 2515 1478 2554 pro·

38 2563 204 2614 cedere,
222 2577 246 2602 a
274 2562 397 2603 verbo
425 2561 607 2601 orientali
637 2575 734 2614 saga
756 2590 767 2610 ‚
795 2561 905 2613 quod
935 2567 995 2599 est
1015 2560 1218 2612 copiosum
1234 2586 1246 2606 ‚
1273 2557 1442 2596 densum
1464 2585 1476 2605 ‚

40 2618 282 2668 confertum,
312 2619 423 2671 quasi
447 2617 556 2657 dicas
585 2616 857 2670 spissigradOS.
895 2616 1010 2655 Facit
1029 2615 1102 2652 hos
1130 2612 1323 2665 spatarios
1351 2611 1479 2649 Scho-

40 2671 172 2713 liastcs
206 2673 470 2726 Curopalatae
508 2680 548 2712 et
573 2686 596 2710 a
622 2671 881 2721 anconibus,
917 2670 956 2709 id
995 2676 1052 2709 cst
1085 2668 1308 2719 sagittariis,
1336 2665 1477 2704 distin-

41 2729 158 2780 guit3
190 2729 258 2782 qui
286 2735 446 2778 tamen,
476 2729 508 2767 si
540 2728 692 2780 tzangri
729 2733 822 2767 sunt
850 2738 966 2765 arcus
989 2754 1000 2776 ‚
1039 2722 1228 2762 videntur
1256 2721 1374 2761 etiam
1404 2720 1475 2771 ipsi
