1794 3158
418 143 490 183 AD
532 142 899 184 CANTACUZENI
939 143 1036 183 Lm.
1069 145 1102 183 1.
1355 123 1469 194 409

153 243 256 298 Pag.
292 236 380 293 118,
412 244 478 286 23.
507 240 675 284 ἔλαττον
701 239 748 283 τὸ
778 239 1006 297 ἁμάρτημα
1038 239 1108 283 Μ.’
1150 268 1156 276 ·

153 299 254 352 Pag.
291 311 380 352 119,
415 312 476 351 ¹9·
505 293 566 336 ὅτι
596 299 652 337 Μ.
682 312 756 351 pro
787 296 860 343 ὥς.

150 352 319 394 Ibidem.
347 352 667 404 Syrgiannem
696 352 1129 404 avosoederatum.
1157 351 1364 402 Quaenam
1378 365 1472 390 cau-

43 421 111 448 sae
125 406 234 447 hunc
247 407 506 460 Syrgiannem
531 406 778 460 impulerint,
803 415 849 447 ut
865 408 915 447 ad
933 410 1127 447 seniorem
1146 407 1422 460 imperatorem
1443 421 1467 446 a

41 463 196 503 iuniore
221 463 391 515 turpiter
417 462 664 511 descisceret,
685 469 828 501 narrat
857 462 965 500 hunc
993 464 1034 501 in
1061 462 1225 502 modum
1244 463 1465 515 Gregoras:

44 518 220 557 Ceterum
253 531 414 569 magnas
438 517 524 557 dux
550 517 792 570 Syrgiannes
810 546 822 567 ,
848 518 958 555 rebus
982 532 1060 557 non
1085 533 1141 558 ex
1165 518 1353 556 sententia
1378 530 1466 554 siw-

40 573 269 622 cedentibus,
294 573 471 627 (putabas
484 573 600 622 enim,
616 587 656 611 se
679 573 787 612 velat
809 580 1019 612 consortem
1038 573 1197 627 imperii
1208 573 1309 624 fore
1337 579 1378 610 et
1396 585 1470 609 sao

41 627 235 666 arbitratu
275 627 564 666 moderaturum
606 628 740 666 omnia
753 657 764 675 ,
809 641 930 682 neque
962 641 1137 681 parvam
1176 636 1244 665 aut
1283 639 1470 678 magnam

40 681 255 737 quidquam
281 695 321 720 se
352 683 538 721 nesciente
564 691 689 720 actum
721 682 805 732 iri‚)
831 695 919 720 cum
943 691 1104 737 praeter
1141 695 1298 720 omnem
1323 695 1468 735 exspe-

41 738 244 775 ctationem
281 745 473 786 cerneret,
525 737 772 790 imperatoris
811 737 988 776 animam
1018 738 1298 786 Cantacazeno,
1326 749 1471 788 magno

41 791 260 841 domestico,
283 805 443 846 prorsus
455 806 533 831 esse
559 791 800 841 devinctum,
818 791 954 830 dolore
978 801 1092 847 atque
1129 791 1289 830 invidia
1315 800 1470 829 aestua-

40 845 109 884 bat
132 860 180 885 ιω
215 854 377 887 moestus
411 861 538 886 secum
554 846 825 893 meditabatur,
855 848 1047 900 quomodo
1073 846 1318 886 ulciscereatr
1341 847 1470 898 impe-

41 909 223 951 ratorem,
251 902 320 956 qui
341 915 491 953 eoram,
520 915 620 956 quae
644 902 772 940 verbis
801 910 890 940 ante
913 903 1164 956 promisisset,
1197 915 1298 939 nnnc
1323 914 1367 938 re
1382 902 1471 953 ipsa

40 955 184 994 nullius
211 956 468 1004 meminisset,
501 957 570 995 sed
594 957 791 996 contraria
813 957 944 1010 potius
970 958 1107 996 omnia
1116 957 1298 1006 faceret:
1324 956 1473 1009 qnippe

40 1023 68 1047 a
96 1024 171 1065 quo
195 1019 236 1050 ut
262 1025 356 1050 unas
385 1026 407 1049 e
432 1012 562 1050 multis
586 1011 863 1066 despiceretur,
897 1026 966 1050 nec
993 1012 1066 1050 ulti
1090 1011 1365 1050 consultationi
1394 1010 1470 1048 ad-

39 1063 241 1105 hiberetur.
295 1065 489 1104 Decrevit
513 1067 631 1119 igitur
652 1062 691 1104 se
717 1067 776 1105 ad
799 1075 965 1105 veterem
987 1067 1262 1120 imperatorem
1295 1066 1473 1115 conferre

38 1132 89 1156 ac
113 1119 227 1159 brevi
254 1128 424 1174 tempore
461 1123 597 1159 omnia
628 1122 790 1160 consilia
807 1149 819 1172 ,
854 1135 913 1160 res
939 1135 1068 1159 omnes
1105 1120 1247 1160 novitii
1279 1129 1466 1159 evenere.

40 1172 176 1229 Neque
211 1177 318 1214 enim
351 1176 566 1229 quidquam
593 1177 650 1215 ad
679 1176 810 1215 Deam
842 1176 1053 1228 referebat,
1095 1176 1166 1214 sed
1193 1188 1267 1230 quo
1297 1175 1378 1228 ipse
1404 1176 1470 1212 in-

39 1228 221 1268 clinasset
235 1260 245 1278 ,
290 1230 423 1268 eodem
463 1233 584 1268 etiam
625 1233 779 1283 negotia
817 1232 951 1270 omnia
985 1233 1199 1269 necessario
1233 1230 1473 1267 inclinatura

31 1285 212 1337 patabat.
272 1284 407 1338 Pergit
435 1284 577 1324 deinde
621 1286 792 1335 docere,
838 1300 957 1338 quam
986 1293 1026 1324 et
1051 1287 1135 1324 seni
1173 1284 1403 1337 imperatori
1431 1291 1472 1322 et

41 1338 191 1390 populo
234 1339 452 1392 Byzantino
496 1348 606 1393 grata
644 1347 682 1379 et
721 1341 891 1380 iucunda
926 1339 995 1378 illa
1038 1340 1221 1378 transitio
1269 1339 1472 1378 acciderit.

37 1392 164 1432 Periit
192 1400 323 1433 autem
352 1396 506 1443 misere,
526 1402 572 1433 ut
603 1409 674 1434 suo
703 1394 790 1434 loco
823 1396 992 1435 dicetur.
1025 1407 1196 1435 ΡοΝΤΔΝ.

149 1449 253 1501 Pag.
290 1463 380 1502 119,
412 1451 476 1490 23.
506 1443 631 1497 ὅντως
663 1452 721 1489 Μ.
753 1464 826 1504 pro
854 1446 976 1497 ὅλως.

151 1503 253 1556 Pag.
278 1517 362 1552 120,
387 1505 446 1546 13.
475 1507 820 1560 sycophantis.
866 1505 975 1545 Olim
995 1503 1255 1559 osiumficus,
1278 1517 1323 1542 ex
1341 1502 1473 1542 Attica

40 1562 246 1612 tamquam
272 1558 445 1597 fructum
472 1573 608 1598 rarum
653 1568 692 1599 et
738 1561 828 1600 ideo
855 1574 993 1600 carum
1038 1566 1243 1612 exportare
1267 1572 1348 1597 non
1376 1557 1473 1596 lice-

38 1611 122 1654 bat.
180 1614 261 1664 Qui
308 1621 556 1667 exportantes
584 1617 776 1655 curiosius
811 1623 850 1654 et
879 1617 1126 1668 inquirerent
1162 1621 1201 1652 et
1232 1614 1468 1661 indicarent,

41 1681 108 1707 eos
137 1666 402 1721 συκοφάντας
432 1670 706 1710 nominabant.
765 1671 910 1709 Postea
938 1671 1015 1710 hoc
1053 1667 1293 1710 vocabulum
1326 1668 1378 1706 ad
1405 1682 1472 1706 eos

39 1721 275 1763 translatum
304 1730 375 1771 est,
406 1726 474 1776 qui
502 1732 679 1763 amarent
707 1739 890 1764 accusare
920 1725 1017 1764 alios
1034 1755 1045 1776 ,
1086 1738 1155 1763 seu
1183 1725 1252 1776 qui
1281 1736 1474 1776 quacum-

42 1792 121 1831 que
150 1777 200 1817 de
223 1792 356 1827 causa,
385 1781 503 1818 etiam
532 1778 624 1830 levi,
655 1779 825 1819 ahorum
852 1782 1014 1819 nomina
1043 1779 1271 1828 deferrent3
1329 1777 1379 1816 ad
1405 1791 1472 1816 ca·-

40 1833 300 1874 lumniatores
329 1834 500 1887 denique
521 1848 533 1872 ε
565 1849 646 1887 qua
686 1849 785 1874 voce
814 1835 1031 1874 Andronici
1061 1834 1227 1872 minoris
1253 1841 1293 1871 et
1325 1833 1473 1871 Canta-

40 1889 178 1928 cuzeni
205 1890 478 1928 criminatores
500 1919 511 1938 ‚
552 1889 658 1929 illius
684 1890 789 1943 apud
818 1904 938 1930 avum
957 1919 969 1940 ,
1015 1890 1134 1928 huius
1165 1888 1272 1941 apud
1310 1887 1471 1927 Annam

41 1942 290 1998 Augustam,
324 1943 563 1983 creberrime
591 1946 632 1984 in
664 1945 724 1985 his
752 1944 865 1984 libris
895 1943 1160 1998 appellantur.
1191 1956 1360 1983 rorum.

149 1999 254 2050 Pag.
290 2012 378 2048 120,
410 2001 476 2039 23.
502 1999 628 2053 τρέπῃ
662 2001 718 2039 Μ.
747 2014 821 2052 pro
848 1998 1070 2053 ἀποτρέπῃ.

150 2051 254 2106 Pag.
290 2067 381 2105 121,
418 2069 474 2096 10.
504 2055 640 2100 καλῶς
679 2055 837 2103 ποιῶν,
869 2055 980 2107 quod
1017 2056 1167 2093 Graece
1204 2051 1472 2104 interponitur

39 2105 243 2160 (quodque
271 2107 384 2147 aliter
425 2110 542 2148 etiam
587 2103 635 2147 εὖ
667 2104 843 2160 ποιήσας
871 2111 1029 2159 dicitur)
1076 2108 1244 2162 expressi
1281 2106 1472 2146 adverbio

35 2162 264 2217 praeclare,
306 2164 631 2216 quandoquidem
673 2163 780 2202 aliud
812 2165 884 2203 ista
911 2179 992 2203 non
1022 2170 1139 2213 sunt,
1177 2176 1298 2216 quam
1328 2175 1471 2211 sermo,

41 2219 98 2257 rei
126 2224 311 2257 eventum
351 2218 414 2258 vel
446 2219 594 2258 factum
623 2218 782 2271 aliquod
810 2219 1089 2272 approbantis:
1134 2231 1179 2256 ac
1218 2216 1383 2270 proinde
1410 2215 1474 2255 his

40 2272 170 2311 modis
201 2282 238 2311 et
262 2275 415 2325 men'to,
448 2284 488 2313 et
515 2283 628 2319 recte,
659 2287 707 2312 ac
740 2274 830 2313 bene
857 2275 1031 2329 quidem,
1061 2272 1334 2326 similibusque
1362 2283 1472 2310 com-

42 2327 162 2366 mode
190 2328 495 2369 transferuntur.
550 2342 717 2370 romum,

153 2382 255 2435 Pag.
290 2397 380 2433 122,
412 2385 448 2425 3.
492 2398 616 2439 qnae
659 2384 984 2431 meministi,
1030 2382 1228 2421 elocati
1272 2379 1472 2418 essetis.

41 2435 314 2476 Protostrator
325 2440 601 2490 imperatorem
616 2451 746 2477 senem
763 2439 803 2477 in
819 2452 1014 2478 carcerem
1028 2435 1474 2487 trudendum,Syrgian-

40 2505 112 2530 nes
142 2493 402 2532 occidendum
431 2493 623 2532 suadebat
662 2494 787 2546 capite
824 2507 942 2536 nono,
998 2493 1063 2532 Ab
1098 2500 1268 2543 utroque
1307 2488 1474 2528 consilio

41 2546 251 2586 abhorruit
278 2549 411 2586 iunior
428 2548 697 2597 Andronicus,
729 2562 820 2586 cum
850 2548 1124 2588 Cantacuzeno
1154 2546 1327 2598 faciens,
1358 2545 1473 2584 cuius

43 2603 236 2641 sententia
264 2603 312 2640 ad
343 2603 475 2656 sugam
504 2604 706 2642 dumtaxat
735 2604 972 2655 pertinebat.
1029 2615 1198 2643 ronna.

154 2655 257 2707 Pag.
291 2670 377 2708 122,
413 2659 471 2699 15.
501 2657 626 2697 πάλιν
653 2672 732 2699 0111.
758 2660 815 2697 M.

159 2710 257 2763 Pag.
300 2725 387 2762 122,
424 2712 482 2753 18.
513 2721 551 2753 et
582 2727 643 2753 20.
675 2709 903 2766 Συργιάννη
936 2715 991 2754 M.
