1794 3158
419 149 493 192 AD
530 149 902 194 CANTAcUznm
941 151 1039 192 Lm.
1077 154 1153 193 ιιι.
1386 134 1494 191 515

35 258 133 301 dant
159 251 346 306 profugos
370 253 484 305 'reges
512 255 715 294 variarum
747 255 940 308 gentium,
969 255 1096 308 iisque
1123 253 1392 302 'consuluisse‚
1423 269 1496 310 pa-

59 314 118 346 tet
146 322 190 346 ex
218 308 392 347 historiis
411 309 616 349 Romanis.
675 310 792 360 Nam,
827 318 873 348 ut
903 310 1004 350 bene
1022 311 1158 350 Cicero
1191 312 1231 351 in
1259 310 1493 360 Maniliana,

0 376 23 396 v
62 361 239 414 afflictae
271 375 403 415 regum
428 365 624 416 fortunae
651 366 774 414 facile
800 366 1008 405 multorum
1036 380 1127 421 opes
1141 395 1153 418 ‚
1191 381 1322 406 eorum
1351 367 1494 420 impri-

34 459 37 466 ί
59 418 136 455 mis
155 445 168 467 ‚
207 418 276 472 qui
307 427 380 457 aut
411 432 522 471 reges
555 429 643 459 sunt
675 429 745 459 aut
770 420 813 459 in
839 434 960 473 regno
988 423 1151 470 vivunt,
1189 422 1248 461 ad
1273 421 1495 460 misericor-

57 471 174 510 diam
210 473 413 513 alliciunt:
447 474 555 529 quod
584 475 717 528 regale
759 475 810 514 iis
858 489 1001 516 nomen
1028 490 1220 531 magnum
1246 485 1286 515 et
1312 484 1496 516 sanctum

0 557 2 563 ,
57 538 140 565 esse
173 528 370 567 videatur.
408 543 577 570 PONTAN.

169 581 422 637 Pag.59,i.
465 584 551 623 diu
585 584 820 639 publicis
851 586 1247 640 professionum
1289 586 1495 625 tabulis

59 638 432 689 conficiendis.
489 639 577 677 Hoc
605 646 702 692 puto
730 639 832 679 velle
851 670 863 688 ,
903 641 1011 694 quod
1039 642 1191 680 Graece
1230 648 1289 680 est
1309 670 1322 690 ‚
1362 637 1496 681 πολὺν

57 687 111 741 ‹517'
138 705 228 730 τινα
251 690 404 745 χρόνον
436 691 533 745 περὶ
567 690 817 747 α’πογραφάς
837 691 1131 748 ἦσχολημένος.
1187 695 1395 749 Profiteri,
1429 697 1495 734 in·-

0 777 2 784 .
55 748 143 798 quit
176 747 356 804 Budaeus
398 749 440 787 in
474 749 667 788 Pandect.
685 780 696 799 ‚
725 758 781 788 est
807 750 963 805 publice
994 759 1033 789 et
1063 751 1175 806 apud
1210 742 1299 789 ae‘ca
1337 751 1498 805 aliquid

54 801 158 841 ultro
190 802 435 852 denuntiare,
467 804 575 858 quod
602 804 722 857 vulgo
748 804 951 844 insinuare
969 815 1122 847 vocant.
1158 805 1319 844 Curtius
1338 806 1410 844 lib.
1432 820 1495 844 ιο.

53 855 294 896 Alexander
311 860 540 913 priusquam
567 868 804 906 secerneret,
830 874 924 914 quos
959 869 1049 900 erat
1078 870 1309 908 retenturus,
1349 861 1493 911 edixit,

54 920 98 950 ut
121 926 253 951 omnes
283 914 425 952 milites
457 928 525 952 aes
551 915 724 953 alienum
750 915 1043 971 profiterentur.
1099 916 1242 955 Fiebat
1261 918 1379 955 etiam
1395 930 1493 969 pro-

53 964 172 1005 fessio
203 969 244 1006 in
285 982 406 1007 censu
450 969 686 1021 peragendo.
743 968 972 1022 Ulpianus:
1034 970 1147 1010 Vitia
1169 972 1353 1026 priorum
1398 985 1492 1010 cen-

27 1045 35 1051 ·
52 1034 165 1060 suum
193 1022 310 1061 editis
338 1024 452 1062 novis
474 1023 790 1078 professionibus
826 1035 1076 1065 evanescunt.
1134 1025 1172 1064 A
1200 1027 1361 1065 Graecis
1390 1024 1492 1064 ἄπο·

53 1074 296 1129 γράφεσθαι
327 1079 489 1127 dicitur,
521 1086 559 1118 et
587 1080 777 1132 professio
807 1076 1044 1134 α’πογραφὴ.
1105 1081 1237 1120 Lucae
1260 1095 1298 1123 2.
1329 1075 1437 1132 αὕτη
1466 1077 1492 1131 ἦ

53 1128 280 1185 α’πογραφὴ
314 1133 453 1185 πρώτη
484 1134 665 1185 ἐγένετο,
691 1133 1010 1187 ἡγεμονεύοντος
1038 1135 1111 1188 τῆς
1147 1135 1304 1187 Συρίας
1339 1136 1489 1198 1(qu-

50 1184 159 1236 νίου,
198 1187 271 1225 καί
295 1186 538 1239 ἐπορεύοντο
572 1187 721 1238 πάντες
755 1186 1103 1244 ἀπογράφεσθαι,
1142 1190 1310 1236 ἕκαστος
1334 1188 1395 1236 εἰς
1414 1203 1490 1242 την

57 1238 172 1281 ἰδίαν
203 1237 335 1282 πόλιν.
369 1258 542 1286 ΡοΝτΑΝ.

161 1297 264 1348 Pag.
281 1297 347 1347 66,
368 1299 408 1337 3.
430 1298 512 1338 ‘ad
543 1298 831 1338 Orclzanem
872 1300 1169 1338 orientalis
1197 1299 1489 1350 Bithyniae

47 1360 337 1406 satrapam.
396 1353 585 1392 Nondum
615 1355 735 1406 igitur
762 1362 888 1393 totam
919 1354 1148 1407 Bithyniam
1177 1355 1335 1392 Turcae
1362 1355 1489 1406 possi-

50 1407 228 1457 ‹lebant3
262 1421 352 1446 nam
383 1408 447 1447 hic
475 1408 683 1448 Orchanes
713 1409 902 1448 Osmanis
929 1409 1033 1447 filius
1061 1439 1073 1460 ‚
1112 1409 1310 1448 secundus
1349 1422 1490 1447 eorum

50 1462 268 1515 imperator
300 1463 393 1512 suit,
422 1471 468 1502 ut
492 1464 629 1503 videre
659 1471 717 1502 est
749 1467 795 1503 in
825 1464 1035 1503 annalibus
1063 1464 1325 1503 Sultanorum
1352 1464 1491 1502 Turci-

46 1531 200 1556 corum.
256 1517 470 1557 Praeterea
503 1519 543 1557 id
576 1519 695 1557 etiam
724 1533 768 1557 ex
800 1518 914 1558 bellis
947 1521 988 1557 in
1018 1520 1205 1573 Bithynia
1232 1526 1372 1558 contra
1410 1519 1490 1556 Or-

47 1571 218 1612 chanem
247 1575 365 1625 gestis
393 1575 612 1626 perspicere
639 1574 741 1615 licet.
774 1588 947 1613 ΡοΝΤΑΝ.

162 1628 266 1680 Pag.
281 1642 347 1681 70,
365 1626 431 1679 24.
465 1628 524 1675 εἰς
555 1625 628 1667 τὸν
663 1629 761 1679 περὶ
786 1625 1020 1677 Βυζάντιον
1045 1625 1216 1679 πύργον.
1273 1627 1350 1667 Sed
1390 1627 1488 1666 haec

48 1684 172 1722 turris
202 1682 276 1721 suit
306 1681 510 1735 φρούριον
551 1690 589 1722 et
617 1683 672 1722 sic
709 1683 812 1722 infra
843 1683 1088 1722 nominatur.
1144 1684 1228 1722 Aut
1271 1684 1394 1735 igitur
1422 1697 1490 1721 ar-

0 1782 3 1789 .
48 1751 138 1776 cem
180 1745 250 1776 aut
278 1737 483 1776 castellum
511 1752 699 1778 vocemus
726 1738 831 1777 licet.
890 1739 991 1777 ltem
1021 1738 1117 1777 alibi
1147 1738 1224 1776 hac
1256 1751 1355 1776 voce
1383 1732 1491 1789 πύρ-

46 1805 118 1844 γος
146 1793 284 1832 eadem
329 1795 492 1832 notione
531 1795 670 1832 utitur.
724 1793 811 1832 Em
843 1793 968 1844 Burg.
1026 1794 1260 1832 Monuimus
1299 1791 1489 1831 lectorem

48 1861 169 1901 super
202 1848 292 1887 hoc.
322 1862 494 1887 roNTAN.

159 1901 264 1956 Pag.
296 1917 361 1957 77,
395 1917 427 1943 ι.
477 1911 523 1942 et
565 1902 772 1955 legatos
817 1910 868 1941 et
912 1902 1146 1954 legantes
1191 1900 1490 1941 muneribus

46 1958 334 2009 afficiens.
389 1958 581 2011 Virgilius
608 1960 646 1999 8.
683 1957 849 2000 Aeneid.
905 1958 1096 1996 Latinum
1127 1969 1277 2008 regem,
1311 1963 1489 2009 praeter-

48 2027 174 2066 quam
209 2013 317 2066 quod
347 2013 495 2066 legatos
526 2014 687 2053 Aeneae
727 2012 961 2052 muneribus
993 2012 1144 2051 eximiis
1173 2011 1321 2062 donat,
1366 2013 1490 2050 etiam

46 2068 192 2122 ipsum,
223 2083 247 2107 a
275 2082 356 2122 quo
384 2068 658 2117 mittebantur,
691 2068 868 2107 Aeneam
897 2068 1114 2107 donantem
1146 2067 1250 2107 facit.
1281 2080 1453 2107 PONTAN.

157 2122 255 2176 Pag.
276 2123 342 2178 78,
361 2138 399 2162 2.
431 2122 528 2177 περὶ
549 2119 702 2162 ἑαυτοῦ
727 2119 1017 2162 καθεστώτων,
1074 2122 1278 2161 Sententia
1306 2122 1489 2174 requirit,

0 2217 4 2230 ‚
46 2184 94 2218 ut
121 2176 298 2231 legamus
328 2177 427 2230 περί
464 2177 640 2221 ἑαυτῶν,
698 2179 782 2217 Cur
822 2179 928 2217 enim
971 2175 1148 2227 vellent,
1184 2191 1234 2216 ne
1268 2177 1490 2230 quidquam

47 2240 222 2272 mutaret
249 2234 547 2273 Cantacuzenus
576 2233 625 2271 de
651 2247 693 2271 se
720 2235 1011 2273 constitutum?
1041 2232 1137 2285 quid
1166 2234 1272 2270 enim
1290 2239 1374 2270 erat
1393 2245 1490 2271 con—

47 2289 233 2328 stitutum
265 2289 315 2327 de
342 2291 461 2341 ipso?
517 2288 574 2327 At
615 2288 664 2327 de
696 2290 790 2342 ipsis
821 2295 922 2339 erat,
957 2295 996 2326 et
1035 2301 1086 2326 ne
1114 2287 1212 2340 quid
1240 2289 1487 2338 immutaret,

49 2345 180 2383 vereri
210 2351 405 2395 poterant.
440 2357 607 2385 romum.

157 2398 400 2453 Pag.89‚6.
440 2400 732 2438 thematum
774 2399 892 2438 sive
933 2397 1199 2451 agminum
1248 2396 1489 2435 militum

48 2466 146 2508 per
197 2453 550 2495 occidentem.
628 2454 749 2494 Extat
789 2452 947 2493 libellus
994 2452 1246 2492 Constantini
1296 2450 1488 2503 Porphy-

50 2510 219 2561 rogeniti
240 2508 347 2560 περὶ
372 2503 578 2558 θεμάτων.
637 2508 745 2548 Olim
786 2519 825 2549 et
853 2509 910 2548 ab
942 2510 1086 2554 initio,
1118 2507 1275 2559 inquit,
1307 2506 1489 2557 legiones

50 2562 259 2617 quaedam
297 2578 376 2616 per
412 2564 598 2615 singulas
639 2565 888 2618 provincias
940 2563 1186 2602 distributae
1225 2561 1487 2605 extiterunt,

51 2618 400 2668 quemadmodum
434 2619 539 2670 legio
565 2618 606 2657 X
609 2620 650 2660 L.
685 2628 920 2671 martyrum
947 2626 986 2656 et
1017 2616 1107 2654 alia
1144 2614 1363 2661 Pisidica,
1394 2615 1488 2653 alia

55 2673 302 2711 Thessalica
341 2674 535 2727 aliaeque
566 2675 696 2713 aliter
720 2683 900 2714 vocatae
918 2702 933 2718 ,
967 2685 1074 2722 qutce
1099 2669 1266 2709 ducibus
1295 2679 1333 2709 et
1357 2682 1486 2722 prae-

36 2728 195 2780 fectis,
237 2741 358 2781 saepe
399 2729 529 2769 etiam
568 2729 822 2784 praepositis
863 2725 1059 2766 subditae
1103 2726 1284 2769 fuerunt.
1350 2723 1485 2775 Atque
