1794 3158
357 139 430 179 AD
474 133 855 179 CANTACUZENI.
888 133 989 174 121ss.
1031 133 1083 172 ιι.
1332 110 1434 166 501

70 257 136 284 ras
168 241 237 286 tib.
274 255 335 282 ιι.
366 255 461 281 snae
487 240 689 289 historiae,
718 238 787 277 sed
812 237 950 288 aliter,
978 248 1096 290 quam
1124 233 1438 273 Cantacuzenus.

10 252 80 341 ,gie
105 298 297 351 dogmatis
327 299 433 336 enim
461 295 561 334 nihil
595 302 727 334 actum
757 294 880 332 tradit
915 292 968 332 ob
995 290 1253 345 praesentiam
1280 289 1442 339 imperi-

15 357 81 395 ᾖε
107 353 373 392 multitudinis
391 381 402 400 ‚
446 358 541 389 tum⁴
567 363 618 388 ne
657 348 879 400 theologiae
916 346 1103 401 mysteria
1129 343 1304 398 profanis
1330 342 1441 393 vulgi

14 407 180 459 turibus
206 409 499 461 ingererentur,
528 412 614 443 tum
645 418 695 442 ne
726 404 927 453 Palamas‚
947 410 1083 441 eontra
1112 401 1337 452 disputante
1351 398 1442 435 Bar-

11 461 160 513 hamo,
197 462 453 516 blasphemae
491 460 694 499 doctrinae
734 460 1054 498 convinceretur.
1112 457 1203 507 Quo
1249 454 1442 506 Gregoras

11 518 202 569 hsinuat,
243 518 284 557 id
322 517 472 570 gratiae
498 515 685 554 Palamae
723 514 860 553 datum
902 528 924 551 a
954 513 1095 565 synodi
1123 508 1369 564 praesidibus
1401 515 1441 547 et

60 572 204 612 tribus.
258 573 490 623 Utcumque
524 572 574 608 sit
591 599 601 617 ‚
642 569 718 607 hoc
747 575 900 608 certum
924 568 1122 620 fixumque
1151 571 1321 611 maneat,
1350 577 1440 602 sen-

10 628 176 668 tentiam
204 627 314 666 illam
345 626 487 680 synodi
526 625 575 663 de
604 624 755 663 lumine
791 623 1031 672 Thaborffi,
1076 623 1187 674 quasi
1221 622 1441 658 increatum

10 685 50 724 “et
76 683 204 736 ipsum
234 681 414 721 naturale
443 681 519 718 Dei
546 679 679 718 lumen
714 679 858 727 fuerit,
886 679 1044 731 penitus
1079 676 1216 715 salsam
1245 688 1349 724 esse,
1390 688 1440 712 ne

67 739 108 776 id
138 740 298 791 gravius
320 737 465 782 dicam,
495 741 681 787 reeteque
709 748 730 772 a
762 732 987 783 Barlaamo‚
1009 732 1235 784 Acindyno,
1263 730 1441 780 Gregora

17 791 175 846 ‚liisque
201 792 383 845 plurimis
415 789 626 843 explosam,
652 787 900 842 profligatam
929 794 967 827 et
997 788 1187 826 acerrime
1214 784 1440 833 refutatam,

65 862 90 887 u
121 847 304 886 obstante
334 846 455 884 huius
493 844 731 884 schismatici
757 842 1022 883 conventiculi
1058 842 1240 880 decreto:
1273 852 1363 877 nam
1397 846 1442 876 ut

48 904 84 941 ia
110 910 262 942 taceam
278 932 290 953 ‚
330 901 427 940 haee
453 900 534 938 cluo
562 906 795 952 argumenta
825 898 1020 937 Barlaami
1046 905 1084 936 et
1114 898 1314 947 Gregorae
1341 892 1440 931 alio-

59 971 178 1011 mque
208 957 315 997 clara
348 963 440 996 sunt
467 961 507 994 et
535 955 749 994 evidentia.
809 953 942 1004 lltud,
987 952 1093 1005 quod
1131 950 1256 990 oculis
1297 962 1440 1000 corpo-

27 1012 81 1052 eis
108 1013 239 1052 visum
278 1018 355 1061 est,
384 1025 464 1050 non
497 1016 556 1048 est
597 1011 843 1048 increatum:
900 1007 1035 1046 tumen
1071 1006 1319 1045 Thaborium
1350 1017 1439 1041 cor-

61 1067 138 1106 reis
168 1067 292 1106 oculis
321 1080 346 1104 a
376 1063 578 1118 discipulis
611 1066 742 1104 visum
773 1071 857 1115 est,
887 1078 980 1116 ergo
1010 1063 1230 1101 increatum
1258 1073 1337 1098 non
1368 1065 1440 1096 est.

28 1123 59 1163 Ι.
89 1122 297 1175 Quidquid
326 1120 450 1160 oculis
476 1121 675 1173 corporeis
703 1120 832 1159 visum
862 1127 931 1168 est,
963 1125 1139 1156 creatum
1172 1123 1248 1164 est,
1282 1114 1440 1152 Lumen

73 1177 255 1216 aberium
284 1175 411 1215 oculis
436 1176 635 1228 corporeis
666 1176 795 1214 visum
825 1181 898 1224 est,
929 1188 1026 1225 ergo
1051 1179 1226 1211 creatum
1256 1176 1327 1208 est.
1374 1168 1442 1206 Ad

31 1245 100 1271 aec
131 1239 364 1285 argumenta
402 1230 592 1270 exclamat
629 1229 863 1269 Philotheus
903 1227 1127 1281 patriarcha
1156 1226 1258 1264 libro
1287 1224 1441 1263 decimo

59 1294 147 1326 arto
174 1295 311 1326 contra
343 1287 590 1339 Gregoram:
631 1281 722 1334 ἰοῦ,
767 1281 831 1322 ἰού
848 1315 859 1333 ,
890 1281 962 1321 καί
988 1282 1051 1328 τίς
1077 1282 1167 1320 ποτ’
1197 1275 1260 1332 ἄρ’
1288 1275 1441 1324 ἐκεῖνός

14 1341 114 1381 ’στιν
146 1337 167 1381 ὃ
194 1339 268 1381 καί
292 1342 368 1380 νῦν
412 1338 463 1380 τὰ
493 1335 615 1378 καινὰ
653 1337 777 1378 ταυτί
805 1337 934 1388 λέγων
981 1336 1052 1375 καί
1085 1331 1192 1387 πρὸς
1233 1329 1330 1378 τούς
1378 1332 1438 1370 ἐπ’

27 1409 128 1449 ρους
152 1394 337 1449 ὑψηλοῦ,
366 1394 440 1447 τῆς
467 1393 684 1445 ἐκκλησίας
712 1390 836 1446 φημὶ,
872 1392 1042 1446 λαμπρᾷ
1068 1390 1118 1444 τῇ
1140 1387 1258 1442 φωνῇ
1289 1402 1440 1438 κηρυτ-

25 1449 197 1501 ομένους
226 1447 513 1501 εὕαγγελικούς
531 1447 691 1499 λόγους,
717 1446 818 1494 τούς
849 1447 906 1494 εἰς
934 1447 1072 1485 πᾶσαν
1099 1443 1190 1496 γῆν,
1223 1443 1441 1481 ἀποστολι-

27 1506 83 1552 ὤς
109 1506 261 1556 λέγειν,
294 1505 539 1551 ἐξελθοντας
564 1503 637 1543 καί
663 1499 714 1542 τὰ
745 1505 902 1555 πέρατα
931 1501 1004 1553 τῆς
1033 1498 1272 1549 οἰκουμένης
1292 1497 1440 1549 ἀστρα-

34 1561 81 1624 ἤς
112 1560 227 1613 δίκην
255 1554 283 1612 ἢ
309 1560 469 1609 μᾶλλον
503 1558 676 1598 ἐκτίνων
721 1557 904 1610 ἡλιακῶν
935 1552 1068 1609 φάναι
1098 1552 1230 1593 πάλαι
1265 1551 1440 1604 ‹liudpa-

35 1610 432 1668 ονταςμίμφιβόλως
455 1612 612 1653 οὑτωσί
639 1609 710 1651 καί
734 1612 912 1661 α’μαθῶς
942 1608 1222 1660 διακείμενος
1249 1609 1439 1647 Ceterum

29 1683 98 1709 aec
130 1684 239 1709 mera
282 1669 405 1709 verba
434 1676 552 1717 sunt,
586 1676 631 1707 ut
659 1676 700 1708 et
729 1667 832 1715 alia,
862 1681 963 1719 quae
991 1667 1119 1704 tribus
1146 1663 1258 1702 hbris
1288 1664 1337 1702 de
1362 1663 1438 1700 hoc

21 1727 154 1764 umine
184 1724 389 1764 Thaborio
418 1724 654 1762 Philothcus
684 1723 871 1762 disserit:
908 1723 975 1773 qui
1007 1721 1097 1759 libri
1129 1721 1169 1757 in
1199 1718 1439 1756 bibliotheca

36 1781 192 1819 avarica
222 1786 473 1819 asservantur
511 1793 591 1817 una
622 1793 715 1817 cum
752 1777 838 1815 aliis
881 1776 1090 1814 duodecim
1123 1780 1261 1812 eontra
1289 1774 1439 1824 Grego-

19 1848 87 1874 am
120 1835 170 1874 de
198 1834 449 1873 distinctione
476 1835 667 1872 essentiae
694 1840 733 1871 et
762 1832 1002 1884 operationis
1020 1830 1190 1868 divinae.
1225 1829 1309 1867 Nee
1329 1829 1439 1882 quid-

33 1903 125 1928 uam
154 1890 203 1928 ad
234 1889 473 1929 solutionem
512 1895 837 1941 argumentorum
870 1886 1032 1924 faciunt.
1088 1885 1302 1922 Immotum
1332 1885 1439 1922 enim

22 1950 79 1983 tat
109 1944 211 1983 illud
237 1945 543 1983 fundamentum
571 1951 610 1982 et
645 1945 754 1982 omni
781 1948 954 1993 exparte
976 1942 1280 1978 inconcussum:
1313 1939 1438 1988 Quid*-

31 1999 98 2037 uid
129 2006 201 2047 est,
237 2000 278 2038 id
309 2007 378 2038 aut
406 2000 515 2038 Deus
545 2006 617 2048 est,
651 2007 720 2037 aut
746 2004 943 2036 creatura.
1001 1995 1045 2033 Si
1071 1995 1196 2043 Deus,
1231 2007 1310 2031 non
1344 2009 1441 2047 ergo

51 2054 126 2094 ulis
154 2056 355 2107 corporcis
385 2054 647 2106 conspicitur3
677 2054 707 2092 si
737 2059 934 2097 creatura,
967 2065 1046 2088 non
1078 2063 1170 2102 ergo
1200 2049 1434 2088 increatum.

112 2109 196 2148 Nee
215 2110 375 2148 rna-ioris
402 2111 519 2162 pretii
547 2117 640 2148 sunt
668 2107 844 2146 eiusdem
872 2105 1075 2144 Philothei
1104 2106 1301 2143 orationes
1321 2105 1436 2154 duae,

30 2178 100 2203 uas
126 2163 202 2217 legi
229 2166 269 2202 in
289 2165 558 2217 manuscripto
576 2164 711 2202 codiee
738 2160 1004 2201 bibliothecae
1026 2160 1299 2212 Augustanae,
1328 2160 1439 2199 obla-

21 2232 66 2258 ae
94 2220 251 2272 synodo
278 2227 418 2259 contra
454 2219 737 2272 Aeindynnm‚
776 2216 825 2255 de
865 2230 945 2268 qua
985 2221 1120 2269 postea
1158 2217 1321 2254 nomine
1355 2215 1438 2254 τῶν

17 2271 249 2326 ’ρἰωριτῶν,
286 2273 573 2313 monachorum
606 2276 646 2312 in
674 2279 808 2312 monte
837 2278 974 2310 sancto
1017 2272 1097 2322 (sie
1125 2271 1230 2308 enim
1259 2279 1437 2311 montem

41 2327 111 2367 tho
141 2333 309 2378 vocant)
338 2329 590 2381 degentium,
630 2343 730 2382 quas
766 2326 1016 2376 Philotheus,
1048 2339 1139 2364 eum
1172 2325 1304 2366 adhuc
1334 2328 1439 2366 inter

43 2382 220 2422 onachos
247 2382 334 2422 illos
364 2398 507 2422 nomen
537 2397 652 2422 suum
681 2383 948 2437 profiteretur,
976 2388 1269 2433 composuerat,
1303 2390 1346 2419 ut
1373 2383 1436 2421 ‹li-

24 2438 103 2476 itur
130 2439 171 2476 in
201 2437 314 2477 Actis
344 2438 487 2491 synodi
517 2447 682 2492 quartae
708 2437 786 2477 sub
811 2438 1100 2477 Can-tacuzeno.
1160 2435 1251 2473 Alia
1281 2436 1330 2474 de
1363 2451 1428 2475 eo-

30 2507 92 2531 em
125 2501 360 2545 argumento
391 2495 519 2532 oratio
560 2501 685 2534 exsta-t
721 2493 760 2532 'm
791 2492 929 2531 eodem
957 2489 1117 2535 codice,
1159 2497 1322 2529 anctore
1349 2506 1434 2531 mo·

32 2547 131 2586 acho
157 2548 334 2600 quodam
363 2548 730 2598 Thessalonicensi‚
788 2547 855 2586 sed
894 2546 1070 2585 eiusdem
1108 2558 1271 2596 prorsus
1300 2554 1433 2594 notae,

32 2616 80 2640 oc
111 2609 183 2648 est,
214 2602 363 2642 nullius
381 2632 395 2650 ‚
423 2611 492 2641 aut
520 2604 551 2642 si
580 2604 761 2654 alicuius,
793 2601 932 2641 mulae.
990 2602 1124 2638 Citant
1152 2600 1214 2637 isti
1244 2608 1285 2639 et
1312 2602 1434 2641 denso

18 2657 158 2709 'gmine
188 2656 458 2708 agglomerant
484 2658 589 2698 dicta
618 2666 845 2698 sanctorum
869 2664 1044 2708 patrum,
1073 2666 1174 2707 quae
1205 2670 1284 2694 non
1318 2657 1433 2695 intel-

18 2712 146 2764 igunt,
177 2713 288 2765 quia,
321 2714 351 2752 si
380 2712 654 2767 intelligerent,
685 2728 765 2755 non
796 2712 1051 2753 adducerent.
1111 2708 1278 2750 Certum
1311 2711 1435 2764 siqui-
