1800 3164
307 148 385 216 48
850 157 1219 203 CANTACUZENI

98 278 190 314 AC.
210 278 293 323 ¹347
307 262 461 324 τρόπον
502 267 576 307 καί
611 262 862 307 σπουδάσειν
901 267 1031 303 ποιεῖν
1060 262 1104 302 ἐκ
1129 261 1259 313 μέσου
1278 293 1290 312 ,
1322 259 1506 313 οἰόμενον
1532 255 1748 316 ἇμφισβη-
1795 261 1800 310 J

304 332 447 389 τὴσειν
479 333 595 389 αύτῷ
625 332 722 385 περὶ
750 331 823 384 τῆς
848 329 1088 382 βασιλείας,
1107 322 1174 369 οἷα
1204 325 1253 382 δή
1284 328 1357 368 καί
1383 324 1515 368 αὐτὸν
1541 326 1748 379 βασιλέως
1792 336 1800 342 “

304 394 406 442 ὄντα
455 400 585 440 παῖδα
641 394 713 437 καί
742 396 901 436 δίκαιον
930 387 1028 435 ὄντα
1055 392 1131 448 τὴν
1159 390 1354 450 πατρῴαν
1385 389 1523 447 α’ρχὴν
1550 395 1748 446 κληρονο-

301 471 422 519 μεῖν·
474 458 776 515 συνεβούλευόν
816 475 860 501 τε
899 457 976 508 τὰς
1013 458 1231 514 εἰρημένας
1269 457 1407 507 πόλεις
1449 456 1748 500 ὑποποιεῖσθαι
1783 462 1791 472 ’

302 530 375 573 καί
403 533 474 585 τῆς
513 525 640 582 ἄλλης
666 525 892 581 ἡγεμονίας
927 525 1144 578 Ῥωμαίων
1173 521 1417 577 ἀποτέμνειν
1447 520 1498 566 οὗ
1528 523 1797 584 nandum-53

301 614 392 650 σιν,
437 594 544 636 ἀλλὰ
586 592 691 647 μετὰ
736 591 812 648 την
840 587 1098 634 ἀποστασίαν
1130 588 1356 646 δεήσεσθαι
1386 585 1515 639 αὖθις
1540 592 1750 644 βασιλέως

263 664 378 704 Βτοῦ
407 659 564 715 πατρὸς
575 692 588 712 ,
631 655 740 701 (ὅστε
781 655 930 713 ὅρκους
958 659 1254 712 παρασχέσθαι
1280 653 1642 712 συστρατεύεσθαι
1668 658 1748 711 μὲν

300 730 439 785 ἐκείνῳ
476 725 583 780 μετὰ
621 726 695 780 τῆς
736 724 1092 779 ἐγκαθιὸρυμένης
1121 725 1322 778 στρατιᾶς
1352 720 1538 775 αὐτούς,
1569 718 1666 763 ὅποι
1697 717 1749 764 ἂν

299 794 459 835 κελεύοι
477 826 487 844 ,
516 791 592 848 τήν
621 792 660 833 δ’
679 785 805 845 (ἵλλην
833 787 1002 832 ἅπασαν
1030 787 1168 845 ἀρχὴν
1196 790 1279 831 ταῖν
1317 786 1478 831 πόλεων
1507 786 1615 831 εἶναι
1642 786 1750 844 πρὸς

298 856 454 910 αὐτόν,
489 860 560 900 καί
588 858 742 909 ζῶντος
768 858 846 898 τοῦ
876 853 1035 911 πατρὸς
1061 855 1135 897 καί
1159 855 1263 909 μετὰ
1292 855 1499 911 τελευτήν.
1529 851 1639 897 οὕτω
1667 853 1745 910 γὰρ
1765 866 1800 901 ιι,

297 928 343 968 ἐν
369 923 580 982 α’σφαλεία
608 921 783 965 ἔσεσθαι
811 919 940 964 αὐτόν
968 937 1012 964 τε
1050 920 1123 963 καί
1162 924 1335 978 φίλους,
1366 920 1440 963 καὶ
1465 924 1644 975 βασιλέα
1673 919 1747 964 τὸν
1796 968 1800 970 ,

297 989 511 1046 γαμβρὸν,
551 986 629 1030 κᾶν
668 990 885 1042 βούλοιτο,
929 987 1061 1043 μηδὲν
1092 984 1351 1042 δυνήσεσθαι
1390 986 1526 1029 δεινὸν
1566 985 1752 1042 ἐπάγειν.

299 1057 338 1099 οἱ
367 1058 444 1109 μὲν
473 1049 549 1097 οὖν
579 1055 756 1096 τοιαῦτα
783 1052 996 1110 παρῄνουν
1014 1087 1027 1106 ,
1066 1055 1204 1109 η’ρέμα
1232 1052 1306 1095 τὸν
1343 1055 1435 1096 νέον
1463 1054 1525 1103 εἷς
1564 1053 1750 1096 οἷποστα-
1788 1109 1794 1116 ¹

302 1125 400 1164 σιάν
430 1117 596 1175 ἄγοντες
625 1118 698 1162 κἀἰ
723 1121 944 1174 σπέρματα
973 1119 1303 1172 καταβάλλοντες
1342 1118 1504 1176 πονηρὰ
1543 1122 1616 1176 τῆς
1638 1117 1745 1174 μετὰ

304 1190 441 1230 ταῦτα
467 1186 747 1242 πονηροτέρας
774 1187 972 1240 ἐσομένης
998 1184 1193 1240 βλάστης.
1765 1186 1800 1231 '11

262 1258 290 1292 C
413 1254 464 1310 η’.
519 1252 784 1306 Πειθόμενος
811 1252 858 1293 δὲ
887 1252 1029 1300 αὐτοῖς
1052 1254 1129 1294 τοῦ
1160 1253 1366 1305 βασιλέως
1394 1248 1416 1292 ὃ
1436 1250 1529 1301 υἱὸς
1549 1249 1618 1294 διὰ
1647 1251 1750 1302 τούς

162 1330 205 1365 V.
222 1328 287 1363 585
300 1321 609 1373 ἒπισειομένους
660 1316 818 1374 φόβους
846 1319 919 1359 καί
944 1318 1176 1371 κινδύνους,
1210 1316 1455 1373 ἐπεχείρησε
1485 1319 1543 1374 τῷ
1571 1317 1691 1377 ἔργῳ,
1719 1313 1750 1376 ᾖ

300 1388 450 1428 ἐκεῖνοι
479 1382 763 1438 ἐβουλεύοντο,
791 1385 863 1425 καί
881 1382 954 1432 τὰς
975 1381 1118 1433 πόλεις
1138 1384 1299 1439 ἀφίστη
1323 1382 1428 1438 πρὸς
1453 1379 1620 1438 ἑαυτὸν,
1642 1387 1751 1439 yvod-

297 1468 382 1507 μην
409 1449 519 1504 ἔχων
547 1446 604 1499 ὥς
630 1446 807 1505 ὕστερον
847 1445 1095 1504 δεησόμενος
1125 1451 1332 1502 βασιλέως
1368 1450 1446 1490 τοῦ
1476 1449 1647 1505 πατρὸς,
1675 1450 1751 1508 τὴν

256 1519 376 1571 Βμὲν
405 1515 544 1572 α’ρχὴν
573 1517 655 1558 τῶν
683 1511 846 1556 πόλεων
876 1512 1006 1556 αὐτὸν
1037 1514 1149 1569 ἔχειν
1181 1514 1252 1556 διὰ
1281 1517 1394 1568 βίου,
1427 1520 1561 1558 τελεῖν
1591 1519 1638 1559 δὲ
1665 1515 1746 1559 ὖπό
1762 1529 1800 1560 21

298 1581 376 1637 την
407 1578 541 1624 αὐτοῦ
568 1596 612 1622 τε
643 1579 717 1622 καί
740 1581 948 1634 βασιλέως
974 1582 1050 1622 τοῦ
1075 1583 1271 1634 γαμβροῦ
1298 1580 1538 1635 ἡγεμονίαν.
1592 1583 1686 1625 ἐπεὶ
1703 1585 1751 1627 δὲ

299 1647 480 1690 ἐπύθετο
508 1645 531 1688 ὅ
559 1645 773 1701 βασιλεὺς,
805 1646 906 1704 ὀργῇ
933 1648 1011 1699 μὲν
1043 1648 1217 1702 ἐφέρετο
1248 1645 1415 1706 α’κράτῳ
1446 1647 1552 1703 πρὸς
1576 1649 1674 1699 τούς
1692 1649 1745 1693 τὰ
1798 1679 1800 1681 ·

296 1715 474 1756 τοιαῦτα
506 1712 754 1762 πεπεικότας
782 1713 856 1755 καί
886 1708 968 1767 ἤδη
1001 1708 1170 1769 ὥρμητο
1199 1713 1303 1771 πρὸς
1330 1717 1548 1771 τιμωρίαν.
1603 1714 1747 1760 ἔπειτα
1795 1711 1800 1757 s

394 1817 446 1850 16.
472 1813 696 1861 πυθόμενος
721 1814 757 1848 Ρ.

297 1908 469 1950 duceret,
495 1907 559 1941 sed
583 1907 738 1941 ultorem
764 1919 992 1954 quacumque
1018 1910 1161 1945 ratione
1189 1911 1481 1958 enimi-umque,
1504 1917 1546 1947 ut
1574 1924 1655 1948 eum
1671 1914 1747 1948 vita

295 1956 451 1996 multet,
477 1954 563 1989 dum
588 1966 709 1988 secum
736 1955 780 1989 de
806 1957 976 2000 imperio,
1006 1961 1047 1989 ut
1073 1961 1108 1990 et
1134 1959 1252 2002 ipsum
1271 1959 1500 2004 imperatoris
1524 1960 1654 2001 filium,
1679 1972 1746 2005 pro

297 2001 421 2035 debita
446 2000 519 2034 sibi
543 2001 747 2035 hereditate
773 2009 1126 2037 controversaturum
1154 2004 1386 2050 opinabitur:
1422 2011 1599 2052 erantque
1621 2014 1747 2042 aucto·
1798 2024 1800 2026 ’

296 2059 366 2088 res,
395 2052 437 2081 ut
465 2047 600 2091 oppida
629 2059 737 2094 supra
762 2051 947 2084 nominata
973 2051 1040 2083 sub
1071 2061 1107 2084 se
1132 2052 1335 2096 redigeret,
1361 2062 1402 2084 ac
1427 2053 1471 2087 de
1495 2054 1640 2099 reliquo
1667 2065 1748 2089 eor-

294 2105 383 2139 pore
409 2095 555 2138 imperii
581 2095 776 2136 avelleret,
803 2107 878 2130 non
904 2097 1053 2143 quidem
1078 2098 1239 2142 penitus,
1264 2109 1388 2132 verum
1413 2100 1479 2139 ita,
1508 2105 1549 2132 ut
1573 2107 1655 2145 post
1679 2102 1746 2135 de-

296 2141 492 2174 sectionem
517 2151 638 2174 rursus
664 2147 804 2187 patrem
830 2143 1083 2188 imperatorem
1109 2150 1266 2189 rogaret,
1302 2146 1431 2179 liceret
1454 2147 1658 2182 iuramento
1684 2149 1747 2182 fir-

298 2199 421 2227 mare,
448 2187 669 2221 militaturos
699 2189 768 2232 ipsi
807 2201 887 2222 cum
919 2191 1104 2224 collocatis
1129 2191 1182 2225 ibi
1214 2192 1426 2236 praesidiis,
1454 2204 1526 2239 quo
1553 2205 1614 2228 eos
1637 2205 1748 2229 voca-

297 2238 370 2267 ret:
397 2244 504 2266 omne
528 2234 584 2266 ius
610 2235 793 2279 reliquum
817 2247 939 2269 earum
964 2238 1123 2277 urbium,
1150 2244 1252 2283 patre
1276 2240 1358 2273 vivo
1386 2251 1427 2273 ac
1450 2245 1608 2282 mortuo,
1633 2252 1747 2286 penes

299 2292 338 2313 se
363 2279 559 2314 resideret:
597 2281 649 2313 sic
673 2291 831 2326 namque
859 2289 895 2315 et
923 2294 961 2316 se
988 2290 1024 2317 et
1048 2286 1180 2319 amicos
1205 2295 1329 2318 secure
1353 2286 1530 2326 victuros,
1558 2293 1596 2321 et
1626 2288 1746 2333 impe-

298 2331 466 2366 ratorem,
487 2327 620 2360 sororis
641 2328 771 2367 virum,
794 2329 903 2361 etiam
919 2330 1116 2371 volentem,
1141 2332 1236 2365 nihil
1254 2332 1466 2367 damnosum
1480 2334 1615 2368 inferre
1628 2345 1748 2380 posse.

298 2373 374 2406 Hac
398 2372 651 2407 cohortatione
676 2375 808 2407 sensim
834 2375 1002 2409 iuvenem
1028 2377 1071 2410 ad
1098 2378 1340 2412 defectionem
1374 2380 1634 2426 impellebant,
1667 2391 1747 2414 ma-

298 2420 406 2465 laque
435 2420 571 2453 semina
594 2420 730 2464 peioris
754 2421 888 2455 deinde
913 2425 1082 2466 germinis
1107 2425 1301 2459 iaciebant.

393 2467 425 2499 8.
476 2467 598 2501 Motus
635 2478 759 2500 eorum
794 2469 947 2502 consilio
981 2471 1076 2503 filius
1114 2472 1343 2518 imperatoris
1376 2478 1526 2520 propter
1559 2473 1745 2507 incussum
1792 2476 1800 2486 “

298 2513 468 2546 timorem
487 2523 527 2546 ac
549 2514 735 2557 pericula,
760 2525 834 2546 rem
859 2515 1001 2559 incipit,
1028 2523 1069 2549 ut
1095 2518 1151 2551 illi
1174 2520 1376 2560 voluerant,
1408 2525 1445 2553 et
1469 2519 1603 2565 oppida
1627 2531 1647 2553 a
1672 2519 1745 2553 fide
1796 2534 1800 2538 ’

299 2559 414 2603 patris
440 2559 486 2592 ad
511 2571 612 2592 suam
639 2559 810 2601 abducit,
848 2561 1089 2596 deliberatum
1117 2564 1255 2599 hahens
1293 2566 1428 2599 deinde
1454 2577 1556 2599 orare
1581 2571 1744 2611 patrem,
1796 2570 1800 2578 ¹

301 2611 344 2639 ut
365 2606 405 2639 in
433 2616 476 2637 ea
499 2606 690 2650 imperium
716 2607 807 2647 sibi,
835 2609 955 2653 quoad
980 2611 1111 2643 vixerit
1127 2636 1135 2651 ,
1159 2614 1316 2647 retinere
1340 2614 1492 2652 liceret,
1518 2613 1745 2657 principatus
1795 2614 1800 2620 '

301 2656 420 2685 autem
441 2653 479 2685 in
502 2659 683 2698 potestate
708 2654 823 2698 ipsius
849 2660 885 2687 et
907 2656 1025 2689 affinis
1054 2658 1282 2702 imperatoris
1305 2664 1410 2693 esset.
1459 2661 1746 2701 Cantacuzenus,
1792 2676 1800 2702 γ

302 2698 490 2732 intellecto
519 2701 690 2743 negotio,
715 2700 902 2735 adversum
930 2713 1092 2736 suasores
1122 2705 1227 2749 longe
1252 2707 1470 2740 iratissimus
1486 2732 1494 2747 ,
1521 2708 1590 2738 iam
1616 2707 1654 2738 in
1681 2716 1771 2740 eos*
1796 2711 1800 2733 ’ἑ

301 2744 496 2780 vindictam
520 2747 759 2792 parturiebat.
807 2748 934 2783 Postea
957 2754 1079 2784 tamen
1099 2749 1191 2786 iram
1214 2753 1492 2789 mansuetudine
1518 2758 1746 2798 temperans,
1794 2753 1800 2758 ”
