1794 3158
324 153 435 210 380
826 164 1239 207 ANNOTA'noNEs

439 273 542 328 Pag.
580 286 643 327 19,
679 270 740 314 15.
786 270 911 309 inde
960 269 1025 308 ab
1068 266 1396 318 infantibus.
1468 266 1753 308 Cantacuzenm

318 339 502 384 cognatus
529 327 761 383 imperatori
785 325 1014 365 Andronico
1050 323 1186 361 iuveni
1219 322 1399 376 aequalis
1435 331 1475 360 et
1496 323 1754 362 amicissimus

319 387 372 425 ab
399 387 551 424 ineunte
577 391 702 422 aetate
727 390 766 420 ec
792 380 839 419 ob
865 380 994 418 animi
1028 377 1238 416 candorem
1270 390 1565 431 sermonumque
1601 379 1756 424 verita-,-

319 451 394 481 tem
410 449 449 480 et
463 452 612 478 morum
631 435 939 475 commoditatem
955 433 1191 473 carissimus.
1235 431 1432 486 Gregoras
1455 430 1528 470 lib.
1549 430 1591 472 8.
1632 446 1705 472 ron
1713 446 1751 472 τ.

429 494 533 546 Pag.
570 506 635 546 19,
665 489 732 542 24.
763 486 870 543 πρὸς
897 485 1024 527 αιῖτὸν
1051 501 1134 527 om.
1155 486 1216 525 M.

431 549 537 600 Pag.
570 559 635 596 20,
671 560 708 586 1.
738 543 796 591 εἷς
815 545 872 587 Μ.
898 557 972 597 pro
998 539 1119 596 πρὸς.

428 603 533 655 Pag.
569 615 635 652 20,
665 614 728 640 ιι.
754 595 842 639 εἶτα
870 601 929 639 Μ.
960 613 1034 651 pro
1056 595 1172 638 ἔνθα.
1731 647 1733 649 ¹

430 657 536 710 Pag.
567 670 636 707 21,
659 655 704 695 6.
734 656 985 694 hominem
1022 667 1239 707 namque
1271 652 1527 707 pluribus
1553 654 1756 708 aequip.

321 712 390 753 Ad
418 712 693 752 Andronicum
713 723 831 750 suum
859 708 1158 755 accommodat,
1198 709 1305 762 quod
1333 708 1383 747 de
1414 707 1568 748 medico
1606 709 1755 747 flome-

321 783 389 807 rus
435 765 604 822 protulit
644 765 761 805 Iliad.
779 762 838 805 λέ
887 760 1040 817 ’ἰητρὸς
1085 758 1162 815 γὰρ
1214 760 1320 815 α’νὴρ
1361 763 1522 801 πολλῶν
1562 758 1754 811 ἀντάξιος

321 817 486 874 ἄλλων,
509 836 590 876 quo
618 819 813 861 versiculo
840 826 980 873 poetae
1003 818 1282 871 sapientissimi
1308 820 1394 856 iure
1421 817 1642 870 gloriantur
1671 832 1754 856 me-

321 877 425 930 dici,
455 878 568 916 cuius
590 889 752 916 sensus:
786 874 962 914 medicus
990 875 1116 912 instar
1141 872 1361 912 multorum
1397 886 1467 911 seu
1504 886 1577 925 pro
1619 872 1756 912 multis

320 939 409 983 est,
449 946 517 972 seu
547 930 683 971 multis
710 929 962 982 aequiparari
991 935 1134 981 potest.
1192 928 1278 966 Hoc
1321 926 1435 978 vult,
1477 927 1756 967 Andronicum

320 987 540 1027 multorum
580 987 748 1027 virtutes
780 998 907 1023 unum
945 982 1194 1035 complexum
1212 1011 1223 1029 ‚
1263 986 1318 1020 ita
1347 988 1392 1020 ut
1423 984 1463 1021 in
1492 982 1657 1036 singulis
1683 997 1758 1022 ne-

325 1044 424 1082 mini
452 1042 583 1081 cedat.
640 1041 746 1079 Nota
772 1040 968 1093 egregiam
996 1035 1336 1077 laudatiunculam
1364 1050 1410 1076 ex
1448 1037 1579 1076 verbis
1598 1066 1611 1090 ,
1653 1051 1756 1091 quae

320 1099 570 1136 continenter
596 1095 873 1135 subiiciuntur.
905 1106 1080 1133 rouTAN.

428 1153 531 1204 Pag.
563 1165 629 1193 αι.
657 1151 695 1190 8.
725 1147 898 1203 ἀνδρείᾳ
924 1150 983 1188 Μ.

426 1207 531 1260 Pag.
563 1218 632 1257 21,
669 1217 731 1248 ιι.
759 1200 896 1243 κοινὸν
937 1196 1104 1255 ἄγαλμα
1143 1201 1218 1254 τῆς
1253 1200 1428 1256 φύσεως.
1492 1201 1646 1243 Vocem
1675 1202 1756 1256 φύ-

317 1274 423 1308 σεως
450 1262 501 1301 de
529 1262 703 1301 humana
736 1266 903 1308 natura,
931 1259 970 1297 id
997 1266 1056 1297 est
1085 1258 1135 1297 de
1165 1257 1392 1298 hominibus
1424 1258 1533 1311 ipsis,
1555 1257 1757 1311 prolatum

317 1318 469 1370 accipio
489 1347 501 1365 ‚
548 1328 721 1370 quorum
759 1315 1026 1354 communiter
1067 1313 1187 1353 decus
1229 1321 1269 1352 et
1299 1320 1579 1352 ornamentum
1606 1313 1755 1360 fuisse,

320 1374 504 1426 (propter
531 1372 653 1411 animi
683 1371 964 1423 praestantiam
995 1368 1215 1420 videlicet‚)
1245 1368 1523 1407 Andronicum
1550 1382 1666 1407 suum
1696 1375 1755 1407 te-

318 1435 463 1467 statur.
520 1427 567 1466 In
595 1426 737 1479 quovis
765 1439 900 1464 rerum
932 1438 1073 1478 genere
1106 1423 1206 1463 illud
1235 1422 1405 1463 aliarum
1434 1423 1553 1462 decus
1573 1452 1584 1474 ,
1630 1421 1755 1471 gloria

318 1491 359 1522 et
384 1489 663 1522 ornamentum
691 1488 772 1529 est,
793 1480 903 1533 quod
931 1494 1049 1532 supra
1077 1478 1175 1518 alias
1204 1478 1370 1522 excellit.
1426 1479 1479 1517 Et
1508 1480 1601 1532 quia
1629 1475 1757 1530 ἄγαλ-

317 1553 379 1590 μα
409 1539 529 1577 etiam
555 1538 766 1591 exponitur
793 1535 1152 1585 oblectamentum,
1190 1548 1334 1587 parum
1362 1533 1521 1581 aberat,
1554 1535 1651 1586 quin
1680 1534 1756 1573 boe

316 1601 448 1633 totum
476 1588 611 1632 κοινὸν
648 1586 818 1643 ἄγαλμα
843 1590 916 1642 τῆς
951 1587 1119 1644 φύσεως
1139 1596 1410 1628 converterem
1443 1603 1555 1628 amor
1580 1604 1627 1628 ac
1654 1590 1755 1628 deli-

316 1651 407 1688 ciae
432 1649 583 1701 generis
608 1648 786 1697 humani,
818 1646 1048 1684 recordatus
1065 1674 1076 1694 ,
1105 1645 1160 1683 ita
1184 1645 1322 1683 Titum
1349 1645 1646 1698 imperatorem,
1672 1645 1754 1682 Vc!-

318 1704 486 1756 spasiani
514 1701 642 1741 filium
660 1732 673 1753 ‚
705 1703 957 1741 nominatum
989 1714 1097 1751 esse,
1126 1706 1224 1740 teste
1251 1700 1440 1740 Suetonio
1477 1701 1518 1739 in
1550 1702 1634 1740 eius
1675 1701 1756 1739 vita

319 1773 409 1813 cap.
434 1773 467 1800 1.
522 1772 695 1798 PONTAN.

426 1814 527 1867 Pag.
552 1827 621 1866 21,
656 1826 718 1856 12.
747 1807 878 1859 οὕτως
921 1807 1078 1863 ἐρήμην
1122 1809 1193 1850 ἒπί
1234 1812 1318 1857 τοῖς
1353 1811 1561 1862 μεγίστοις
1597 1809 1756 1850 ἁλῶναι

317 1868 552 1920 συμβαίνει.
620 1868 904 1908 subaudienda
955 1874 1014 1905 est
1050 1865 1197 1905 vocula
1238 1865 1329 1918 δίκη
1370 1880 1463 1905 cum
1501 1866 1570 1905 illa
1609 1861 1755 1918 ἐρήμη,

316 1924 391 1964 Est
419 1932 549 1963 autem
582 1921 674 1977 δίκη
704 1938 848 1973 causa,
890 1921 1082 1961 iudicium
1102 1951 1113 1968 ‚
1157 1927 1204 1960 ut
1239 1919 1373 1973 ἐρήμη
1412 1919 1504 1973 δίκη
1544 1922 1594 1961 sit
1619 1921 1753 1960 deser‘

318 1986 404 2019 tum
432 1979 624 2019 iudicium
666 1993 734 2018 seu
763 1979 964 2018 desertum
994 1976 1281 2019 vadimonium,
1334 1977 1567 2027 Composita
1587 1991 1663 2015 vox
1693 1983 1755 2014 est

318 2033 604 2086 ἐρημοὸῗκιον,
646 2034 808 2087 quaudo
841 2035 930 2087 quis
966 2032 1017 2072 ad
1054 2032 1161 2072 diem
1203 2046 1282 2071 non
1321 2047 1362 2072 se
1392 2033 1494 2071 sistit
1524 2033 1566 2072 iu
1594 2032 1754 2074 iudicio,

318 2088 374 2128 Et
401 2089 555 2141 ἐρήμην
582 2089 940 2141 καταδικασθῆναι
959 2119 970 2138 ,
1011 2087 1090 2138 vel,
1124 2095 1169 2126 ut
1201 2088 1308 2140 apud
1335 2095 1515 2127 nostrum
1551 2094 1625 2137 est,
1657 2082 1754 2138 «ἐρή-4

318 2157 401 2195 μην
430 2142 612 2193 ἁλῶναι,
650 2152 709 2184 est
749 2145 797 2184 oh
835 2145 1026 2184 desertam
1055 2144 1326 2183 vadimonium
1360 2143 1560 2181 damnari.
1618 2142 1756 2181 Potest

319 2199 439 2236 etiam
470 2202 572 2239 verti
608 2200 757 2239 indicta
788 2214 905 2239 eausa
942 2199 1156 2247 damnari,
1189 2199 1296 2252 quod
1327 2211 1399 2237 nos
1426 2198 1622 2236 fecimus:
1653 2210 1753 2235 neu-

318 2259 381 2291 ter
418 2254 551 2301 enim‚
584 2262 624 2293 et
660 2256 730 2308 qui
770 2255 1046 2295 vadimonium
1078 2255 1273 2301 deseruit,
1319 2261 1359 2292 et
1384 2255 1454 2306 qui
1483 2267 1641 2292 causam
1671 2265 1753 2290 nou

318 2306 440 2358 dixit,
471 2308 521 2346 ad
548 2310 740 2350 iudicium
766 2317 993 2364 comparet:
1043 2311 1097 2348 ita
1126 2318 1294 2362 uterque
1322 2308 1477 2347 videtur
1503 2308 1750 2347 deseruisse:

318 2363 390 2400 etsi
418 2362 517 2402 alter
543 2378 634 2403 reus
660 2373 718 2404 est
737 2396 748 2416 ‚
795 2369 863 2420 qui
893 2365 1121 2405 vadimonio
1150 2380 1191 2404 se
1219 2364 1412 2417 obligavit
1429 2394 1438 2412 ,
1472 2363 1586 2402 alteri
1617 2362 1661 2400 fit
1689 2363 1753 2400 in-

318 2417 435 2456 iuria.
494 2418 642 2458 Seneca
669 2420 832 2460 Medea:
864 2422 944 2476 Qui
969 2423 1102 2460 statuit
1123 2420 1279 2475 aliquid
1299 2428 1415 2474 parte
1444 2418 1624 2458 inaudita
1653 2417 1753 2455 alte-
1792 2448 1794 2450 v

319 2485 390 2521 ra,
414 2471 586 2526 Aequum
605 2475 695 2513 licet
725 2478 925 2525 statuerit,
950 2477 1062 2515 haud
1079 2491 1222 2530 aequus
1232 2477 1333 2526 ficit.
1393 2487 1561 2516 PONTAN.

431 2526 532 2579 Pag.
569 2542 637 2579 21,
675 2530 734 2568 13.
769 2527 791 2568 ὅ
831 2532 936 2582 χθὲς
980 2531 1053 2570 καί
1082 2527 1236 2583 πρώην.
1295 2530 1380 2567 Hac
1409 2527 1648 2581 proverbiali
1678 2526 1760 2581 hy?

320 2580 484 2635 perbole
512 2585 637 2621 utitur
666 2597 746 2622 non
776 2600 880 2625 raro.
935 2587 1049 2625 Licet
1077 2587 1197 2625 etiam
1227 2585 1392 2625 reddere
1413 2597 1636 2638 pronuper,
1679 2597 1753 2621 nu-

317 2638 516 2691 perrime,
545 2639 668 2692 paulo
696 2648 806 2689 ante,
834 2643 930 2680 heri.
962 2656 1137 2681 rou-mu.

435 2691 536 2744 Pag.
565 2706 633 2742 αι,
667 2692 729 2743 14.
763 2693 1130 2747 προσκυνούμενος.
1168 2695 1342 2734 Verbum
1366 2694 1624 2745 προσκυνεῖν,
1652 2691 1756 2743 αόἶιο-Ὗ

322 2760 425 2796 rare,
452 2748 493 2785 in
522 2749 779 2787 sacrosanctis
819 2751 1071 2806 profanisque
1103 2751 1243 2791 litteris
1270 2748 1511 2789 ereberrime
1541 2746 1591 2787 ad
1620 2747 1750 2794 homi-‚-
