1794 3158
390 149 464 189 AD
517 147 891 198 CANTACUZENJ
929 148 1028 190 121ss.
1054 150 1089 190 1.
1361 131 1399 197 4
1411 150 1429 185 1
1443 149 1473 205 7

44 267 74 292 f·-
138 250 255 303 Pag.
281 249 371 300 164,
394 251 458 290 13.
488 248 628 297 αἰτίας
653 250 925 291 scribendum.
1179 269 1184 274 ·

147 304 254 356 Pag.
283 304 372 356 164,
393 319 462 345 22.
491 306 770 360 stipendia
807 319 1093 348 mercenar.
1159 305 1317 360 Duplex
1351 320 1476 360 genus

34 358 234 399 militum:
265 360 427 413 quidam
457 361 717 411 mercenarii,
757 362 828 414 qui
856 375 938 401 non
965 362 1046 401 suis
1079 361 1286 414 stipendiis
1324 362 1475 402 milita-

34 413 160 454 bant:
190 414 257 453 ahi
285 429 399 468 agros
426 415 627 454 habebant
657 416 732 454 sibi
763 417 1005 467 assignatos,
1047 417 1089 454 in
1132 431 1304 470 quorum
1331 431 1476 457 nume-

34 482 140 515 rum*
161 470 216 507 ait
243 483 284 508 se
312 471 433 508 etiam
461 471 724 510 mercenarios
753 470 934 510 retulisse
952 499 964 520 ‚
1011 473 1194 524 quamvis
1222 474 1278 512 eis
1317 480 1476 512 tantum

32 525 117 575 agri
147 524 312 563 modum
346 539 426 564 non
454 527 690 578 assignarit3
733 525 801 564 sed
830 526 880 564 ad
921 526 1163 578 stipendium
1201 535 1360 567 tantum
1399 542 1475 567 au-

30 578 219 630 gendum.
277 579 399 632 Apud
436 581 636 620 Romanos
665 581 864 619 veteranis
892 580 1086 619 militibus
1113 589 1152 620 et
1179 582 1372 632 ducibus,
1406 597 1470 633 ne,

31 641 235 672 senectute
268 635 421 674 viribus
454 635 650 674 exhaustis
679 642 718 673 et
755 649 923 688 corpore
951 634 1158 674 debilitato
1175 666 1187 687 ‚
1215 652 1308 676 cum
1338 640 1476 678 uxori—-

31 685 108 727 bus
139 695 179 727 et
206 688 340 728 liberis
372 704 486 742 egere
514 697 766 742 cogerentur,
795 691 900 742 capti
929 691 980 729 ab
1007 690 1188 730 hostibus
1216 694 1301 744 agri
1333 693 1470 733 distri-

29 740 270 791 buebantur,
303 744 366 783 vel
393 744 546 797 aliquot
574 750 726 797 iugera,
757 744 822 783 vel
849 752 1047 798 quantum
1073 748 1162 798 quis
1192 761 1275 785 uno
1305 748 1369 786 die
1399 749 1473 788 cir-

29 810 237 837 cumarare
269 807 415 851 posset.
469 799 574 839 Cum
616 801 737 852 igitur
764 800 1122 851 Cremonensium,
1166 802 1237 853 qui
1280 816 1304 841 a
1334 802 1473 843 Cassio

29 859 70 901 et
97 853 221 892 Bruto
245 861 450 903 steterant,
475 856 559 907 agri
591 868 672 893 non
701 853 942 907 sufficerent,
962 857 1166 909 Augustus
1192 857 1319 895 victor
1350 859 1474 897 Man-

27 912 242 947 tuanorum
269 916 476 962 tamquam
508 909 732 949 vicinorum
763 910 857 948 addi
889 912 1018 960 iussit,
1049 911 1089 948 in
1122 910 1267 963 quibus
1295 919 1335 951 et
1362 912 1471 965 agel-

27 958 91 1000 lus
115 964 294 1002 Maronis
323 972 422 1004 erat.
478 965 584 1003 Hinc
611 964 710 1003 illud
742 964 893 1019 Ecloga
920 979 985 1021 9.:
1015 965 1186 1005 Mantua
1205 979 1286 1007 vae
1304 968 1470 1007 miserae

28 1018 196 1057 nimium
236 1019 377 1058 vicina
411 1019 641 1063 Cremonae.
670 1033 837 1062 ΡΟΝΤΑΝ.

138 1073 244 1124 Pag.
266 1073 358 1124 166,
382 1087 415 1113 ι.
444 1071 574 1126 αὐτῆς
602 1076 660 1118 Μ.

137 1127 244 1179 Pag.
282 1128 369 1183 167,
401 1129 441 1169 8.
468 1132 555 1175 τοῖς
584 1127 726 1176 αὐτοῖς
755 1125 963 1175 τοιούτοις
988 1128 1050 1168 Μ.

136 1182 243 1234 Pag.
282 1183 371 1237 167,
416 1197 476 1227 ιο.
522 1198 620 1239 pro
662 1185 913 1236 familia
967 1184 1081 1223 eius
1135 1190 1183 1222 et
1227 1186 1466 1236 coniuge.

26 1235 112 1275 cur
143 1245 300 1289 separat
331 1239 568 1291 coniugem?
597 1254 647 1278 an
677 1241 771 1292 quia
798 1241 958 1293 reginae
986 1239 1028 1276 in
1057 1238 1253 1289 mundum
1280 1245 1320 1278 et
1347 1253 1470 1280 orna-

21 1299 158 1330 menta
217 1299 256 1331 et
299 1293 627 1346 pedissequarum
667 1308 804 1347 greges
863 1292 1053 1347 peculiari
1102 1301 1265 1346 sumptu
1317 1298 1468 1346 egent?

21 1344 147 1385 Unde
178 1348 297 1386 etiam
325 1349 372 1386 iis
400 1349 548 1401 oppida
574 1351 616 1387 in
639 1348 746 1387 hunc
771 1363 888 1387 usum
917 1347 1112 1386 attributa
1140 1348 1262 1386 fuisse
1282 1346 1471 1401 legimus.

22 1400 109 1440 Cic.
142 1403 182 1440 in
211 1402 246 1440 F
247 1406 518 1443 rumentaria:
575 1403 711 1443 Solere
737 1404 854 1443 aiunt
894 1403 1090 1442 barbaros
1123 1417 1229 1455 reges
1256 1402 1465 1443 Persarum

20 1469 70 1494 ac
105 1455 301 1507 Syrorum
329 1459 463 1511 plures
492 1473 635 1498 uxores
672 1460 841 1498 habere.-
875 1459 934 1495 his
972 1467 1101 1496 autem
1138 1457 1327 1496 uxoribus
1364 1459 1467 1498 civi-

19 1518 117 1549 tates
145 1513 357 1551 attribuere
399 1515 470 1552 hoc
496 1515 640 1553 modo:
689 1516 791 1552 haee
818 1515 960 1552 civitas
993 1512 1154 1551 mulieri
1182 1513 1465 1552 redimiculum.

48 1566 231 1617 raeheac,
258 1568 359 1606 haec
388 1568 432 1606 in
463 1569 605 1607 collum
625 1598 635 1615 ‚
666 1569 766 1607 haec
799 1570 842 1606 in
871 1568 1000 1607 crines
1029 1574 1106 1606 etc.
1147 1580 1322 1607 ΡοΝΤΑΝ-

130 1621 443 1675 Pag.167,17.
481 1637 642 1677 nepos
681 1624 745 1661 ab
787 1636 917 1677 equo
950 1621 1188 1660 desiluit.
1248 1622 1364 1660 Hanc
1396 1620 1466 1660 hi-

19 1676 183 1714 storiam
218 1675 306 1728 lego
336 1677 444 1729 apud
469 1679 689 1730 Gregoram
728 1677 788 1716 his
830 1676 978 1716 verbis.
1035 1676 1152 1715 Intra
1189 1690 1337 1728 paucos
1364 1691 1463 1715 vero

46 1731 101 1767 ies
126 1739 166 1769 et
189 1732 271 1785 ipse
299 1745 386 1769 cum
412 1746 489 1770 avo
520 1734 758 1785 imperatore
795 1741 886 1770 ante
915 1731 1022 1770 urbis
1065 1730 1222 1769 moenia
1258 1731 1464 1782 congredi-

79 1814 91 1833 ,
122 1800 211 1824 sene
239 1786 428 1825 insidente
454 1801 551 1842 equo
568 1816 579 1837 ‚
609 1801 695 1825 cum
723 1788 806 1841 ipse
836 1786 1007 1839 amplius
1036 1800 1112 1824 uno
1137 1785 1264 1824 stadio
1291 1799 1347 1823 ex
1363 1799 1463 1840 equo

66 1841 271 1890 scendisset
287 1870 299 1891 ,
332 1855 380 1879 ac
393 1871 405 1892 ‚
445 1843 627 1895 quamvis
661 1855 739 1880 avo
766 1842 927 1879 multum
964 1841 1188 1893 refragante
1217 1848 1255 1878 et
1282 1849 1459 1889 vetante,

60 1907 149 1934 men
162 1896 286 1949 pedes
313 1898 483 1947 accessit,
511 1898 664 1952 eiusque
687 1910 784 1950 equo
801 1895 1003 1934 insidentis
1030 1904 1067 1934 et
1083 1909 1245 1933 manum
1270 1903 1309 1933 et
1319 1895 1464 1948 pedem

35 1951 209 1990 ,calatus
239 1960 307 1993 est.
362 1951 521 1991 Deinde
561 1965 658 2006 equo
698 1965 829 1989 rursus
855 1964 1055 1990 conscenso
1071 1979 1084 1999 ,
1125 1964 1211 1988 eum
1251 1950 1464 2003 amplexus

57 2013 74 2042 t
114 2013 152 2044 et
196 2007 434 2045 osculantem
468 2021 615 2060 parum
657 2007 880 2046 osculatus:
929 2006 1135 2060 statimque
1166 2018 1300 2058 pauca
1342 2012 1464 2058 atque

41 2058 142 2098 biter
182 2061 362 2100 collocuti
399 2061 653 2100 discesserunt
671 2090 682 2111 ‚
731 2075 818 2099 sene
852 2062 894 2099 in
926 2061 1057 2098 urbem
1097 2073 1275 2107 reverso,
1324 2058 1464 2097 adole-

33 2123 138 2153 cente
163 2129 260 2155 vero
292 2118 407 2155 iuxta
434 2117 570 2155 aedem
597 2125 864 2155 sacrosanctae
891 2115 976 2154 Dei
998 2115 1197 2168 genitricis
1228 2113 1360 2166 Pegae
1393 2127 1463 2152 ca-

35 2177 250 2213 trametato.
313 2170 393 2211 Ubi
417 2171 501 2209 dies
536 2172 672 2226 plures
700 2179 970 2218 commoratus,
1014 2169 1184 2208 interdiu
1211 2170 1329 2208 etiam
1357 2167 1463 2207 Con-

0 2259 2 2261 .
33 2226 308 2280 tantinopolim
336 2227 632 2278 ingrediebatur
656 2235 694 2265 et
720 2240 854 2264 rursus
881 2224 1166 2278 egrediebatur.
1228 2223 1332 2262 Tum
1353 2223 1462 2261 enim

39 2280 135 2318 tiam
166 2290 292 2319 mater
322 2283 402 2320 eius
418 2310 429 2331 ,
466 2283 618 2335 partim
661 2281 709 2320 ob
750 2280 1020 2336 1Ttfirnzitatcm
1048 2279 1270 2334 quandam,
1309 2279 1463 2332 partim.

45 2343 180 2387 ropter
206 2335 402 2374 carissimi
422 2336 518 2390 filii
551 2335 859 2375 consuetudinem
890 2335 949 2374 ad
983 2335 1149 2373 eandem
1176 2334 1316 2372 aedem
1353 2345 1463 2371 com-

42 2389 251 2431 zor-abatur.
307 2390 376 2428 Ibi
407 2405 496 2429 cum
526 2392 600 2429 illa
627 2393 746 2430 etiam
764 2390 936 2429 Simonis
959 2390 1099 2442 agebat
1126 2389 1350 2436 Cralaena‚
1383 2388 1464 2425 im-

64 2446 206 2483 ratoris
219 2445 323 2500 filia
336 2475 347 2494 ,
379 2446 496 2484 modo
524 2461 545 2484 e
572 2446 716 2484 Servia
752 2445 931 2496 defuncto
959 2445 1101 2483 marito
1140 2456 1324 2493 reversa,
1361 2454 1463 2495 quae

0 2520 3 2532 ι
43 2499 124 2536 atri
155 2513 202 2538 ea
220 2528 232 2550 ‚
272 2514 371 2555 quae
410 2502 499 2539 hinc
535 2501 626 2539 inde
656 2500 976 2548 susurrabantur‚
1023 2499 1184 2553 planius
1222 2496 1458 2551 exponebat.

51 2552 207 2593 onserat
234 2562 369 2594 nostra
398 2570 494 2594 cum
538 2555 600 2594 his
630 2554 779 2605 lector,
823 2555 974 2594 videbit
1014 2555 1235 2606 Gregoram
1275 2551 1461 2601 tacuisse,

74 2621 120 2647 ae
147 2607 199 2646 ad
229 2610 395 2648 iunioris
424 2610 645 2650 Andronici
677 2610 873 2650 honorem
900 2609 1115 2648 faciebant.
1147 2620 1320 2646 ΡοΝΤΑΝ.

127 2663 346 2714 Pag.168‚
369 2666 407 2704 3.
452 2666 696 2718 α’ντιφιλεῖν.
775 2665 884 2718 Ergo
926 2663 1029 2702 filius
1075 2676 1144 2701 seu
1184 2661 1316 2699 iunior
1352 2658 1462 2711 prior

19 2716 284 2758 osculabatur.
341 2719 416 2758 Vel
445 2734 516 2773 pro
545 2735 592 2760 eo
623 2719 732 2776 quod
771 2720 973 2760 dexteram
1006 2718 1137 2756 iunior
1177 2714 1462 2770 complectere-

71 2793 343 2830 Cantacuzenus
369 2794 433 2829 111.
1153 2802 1194 2837 27
