1800 3164
314 159 424 214 238
844 172 1214 215 CANTAcqum

107 281 360 326 A.c.1352‹5„2·
388 277 531 333 ὀλίγας
558 279 716 333 ἡμέρας
742 277 1032 332 Διδυμοτείχῳ
1063 275 1339 330 ἐνδιατρίψας
1358 310 1371 329 ,
1401 277 1566 332 ἄπῆρεν
1597 278 1761 322 ἐκεῖθεν

312 347 371 395 εἰς
399 343 633 396 Βυζάντιον
680 345 752 383 καί
788 343 1083 395 συνδιέτριψεν
1120 343 1195 382 οὐκ
1224 343 1362 396 ὀλίγον
1405 343 1559 399 χρόνον
1594 348 1764 398 βασιλεῖ

312 414 368 468 τῷ
386 412 571 466 κηδεστῇ,
602 407 785 460 μάλιστα
815 404 1068 458 ἀκμάζοντος
1087 406 1178 448 τότε
1204 409 1282 448 τοῦ
1299 411 1537 451 Λατινικοῦ
1563 411 1756 461 πολέμου.

310 474 510 531 βασιλεύς
553 475 598 514 δὲ
638 473 661 514 ὅ
692 470 1046 526 Καντακουζηνὸς
1085 470 1207 521 εἰδώς
1250 475 1308 530 τῷ
1347 489 1392 515 τε
1420 474 1499 533 υἱῷ
1538 477 1754 537 Ματθαίῳ

264 542 382 586 Duae*
407 545 579 595 βασιλεῖ
599 540 658 596 τῷ
702 540 879 595 γαμβρῷ
921 537 1131 594 διαφοράς
1176 554 1293 587 τινας
1324 535 1454 589 οἶῖσας
1498 541 1603 597 πρὸς
1633 544 1784 599 ἄλλη-5

309 612 430 657 λους,
464 608 550 647 δεῖν
579 603 685 658 ἔγνω
713 601 901 645 κᾶκεῖνον
923 603 1314 659 μεταπεμψάμενος,
1345 604 1530 649 διαλύειν
1558 608 1635 658 τὰς
1662 610 1756 652 δια-

308 671 445 729 φοράς
477 671 615 719 αὐτοῖς
643 668 774 712 πάντα
805 668 1043 720 ἐξανιόντας
1072 673 1137 712 ἐπ’
1168 673 1300 714 αΰτοῦ
1315 706 1326 724 ,
1357 669 1435 715 ὅσα
1465 673 1659 729 α’λλήλοις
1695 676 1756 717 οἴ·-

306 755 424 780 ονται
478 738 869 793 προσκεκρουκέναι.
925 738 998 777 καί
1044 737 1114 779 τόν
1160 754 1206 779 τε
1247 737 1342 781 υἱόν
1380 744 1643 792 μετεκαλεῖτο
1685 744 1760 784 καί

300 804 479 859 βασιλέα
507 802 580 845 τὸν
606 802 797 857 γαμβρὸν
826 809 1146 858 παρακατεῖχεν,
1176 803 1234 854 ὦς
1260 805 1436 859 βεβαίας
1453 806 1598 857 αὐτοῖς
1622 806 1755 864 θησό-

303 886 425 924 μενος
455 868 530 919 τὰς
574 866 803 917 διαλύσεις.
863 867 886 910 ὅ
913 871 991 921 μὲν
1032 865 1108 912 οὖν
1144 869 1236 921 υἱός
1281 867 1379 927 ἄρτι
1418 870 1495 928 τὴν
1530 873 1784 929 Ἀδριανοῧι

303 934 573 991 παρειληφώς
606 934 678 975 καί
703 933 778 983 τὰς
807 936 906 989 περί
924 933 1058 990 αὐτὴν
1089 935 1301 990 πολίχνας,
1329 937 1537 990 βασιλέως
1564 942 1643 981 τοῦ
1671 957 1753 983 πα-

303 1000 403 1054 τρὸς
431 997 757 1055 ἐγκεχειρικότος
775 1032 787 1053 ,
820 1002 894 1042 καί
918 999 1016 1055 περὶ
1044 999 1120 1055 τὴν
1148 1003 1315 1044 ἐκείνων
1343 1000 1540 1058 πρόνοιαν
1569 1006 1752 1061 η’σχολη-

303 1070 427 1120 μένος
450 1099 461 1120 ,
503 1067 705 1122 ὑστέρησε
734 1065 838 1108 κατοὶ
869 1064 914 1108 τὸ
958 1068 1166 1120 βασιλέως
1203 1068 1450 1125 πρόσταγμα
1496 1072 1556 1120 εἰς
1586 1071 1751 1123 Βυζάν-

303 1149 393 1174 τιον
422 1131 584 1187 ἐλθεῖν,
636 1131 805 1188 γνώμην
853 1131 962 1187 ἔχων
1005 1130 1061 1182 ὥς
1107 1135 1352 1190 ἀφιξόμενος
1394 1134 1519 1194 ὄλίγῳ
1561 1134 1751 1193 ὕστερον.

302 1199 507 1251 βασιλέως
537 1199 583 1240 δὲ
615 1200 693 1240 τοῦ
712 1201 805 1240 νέου
836 1197 943 1253 πρὸς
970 1196 1044 1247 τὰς
1080 1201 1447 1256 ἐγκεχειρισμένας
1473 1201 1610 1253 πόλεις
1637 1199 1750 1259 ἥκειν
1767 1226 1781 1251 1

302 1266 569 1319 ἐπειγομένου
588 1297 599 1318 ,
634 1266 858 1320 ἐπέτρεπεν
890 1264 911 1306 ὃ
938 1264 1139 1318 βασιλεὺς
1177 1266 1252 1320 τὴν
1280 1264 1451 1322 ἔξοδον,
1490 1275 1582 1317 ταῖς
1607 1271 1753 1326 προτέ-

306 1347 400 1385 ραις
436 1333 628 1384 πόλεσιν,
675 1328 726 1380 ἃς
765 1331 880 1388 αὐτῷ
916 1333 1069 1386 ἐφῆκεν
1110 1326 1288 1387 ἄρχειν,
1336 1333 1411 1375 καί
1444 1334 1755 1388 Διδυμότειχον·

171 1402 207 1437 Ρ.
220 1404 287 1449 839
300 1398 512 1451 προσθείς·
562 1397 726 1452 Ἑλένην
757 1413 801 1438 τε
828 1398 1028 1449 βασιλίδα
1055 1397 1130 1451 τὴν
1162 1398 1343 1453 γαμετὴν
1372 1401 1596 1456 ἐπέτρεπεν
1635 1402 1750 1459 αὐτῷ

299 1465 572 1515 συνέπεσθαι,
602 1461 818 1518 ,Μανουὴλ
845 1461 916 1503 τὸν
943 1462 1142 1518 νεώτερον
1164 1462 1344 1517 ἔχουσαν
1371 1468 1454 1507 τῶν
1482 1465 1600 1508 υἱῶν.
1658 1468 1750 1510 Ἀν-

299 1526 486 1584 δρόνικον
517 1529 562 1569 δὲ
612 1530 790 1582 βασιλέα
838 1526 913 1569 τὸν
951 1526 1046 1569 υἱόν
1090 1530 1164 1570 καί
1195 1529 1376 1585 Εἰρήνην
1414 1529 1489 1585 τήν
1529 1535 1783 1588 θνγατέραα

295 1593 411 1649 παρὰ
439 1596 629 1648 βασιλίδι
657 1594 958 1647 κατελιμπανεν
986 1593 1268 1650 ἐκτρέφεσθαι
1304 1594 1356 1653 τῇ
1392 1594 1546 1655 μάμμῃ
1586 1600 1746 1654 φιλοτί-

295 1677 398 1715 μως,
454 1664 645 1715 μέλλοντι
699 1662 745 1702 δὲ
782 1656 978 1716 οἷπαίρειν
1006 1655 1088 1716 ἤδη
1142 1663 1200 1718 τῷ
1245 1663 1322 1720 νέῳ
1350 1666 1524 1716 βασιλεῖ
1558 1659 1664 1706 ἄλλα
1703 1679 1748 1706 τε

295 1727 478 1785 παρῄνει
522 1725 724 1781 βασιλεύς
753 1724 776 1766 ὅ
806 1725 1004 1782 κηδεστὴς
1042 1726 1114 1768 καί
1147 1726 1254 1782 πρὸς
1292 1727 1366 1770 τὸν
1402 1728 1597 1783 γυναικὸς
1625 1731 1754 1772 οἶδε).-Δ

299 1793 380 1851 φόν
407 1796 567 1850 μηδένα
592 1792 770 1847 πόλεμον
801 1798 949 1848 κινεῖν,
981 1794 1088 1848 μηδὲ
1117 1799 1258 1843 κακοῖς
1286 1794 1533 1848 πειθόμενον
1557 1794 1745 1851 συμβού-

300 1919 510 1953 civitatibus
536 1919 724 1957 universis.
775 1918 903 1964 Itaque
941 1917 1041 1951 Aeno
1079 1919 1284 1952 venientem
1318 1918 1478 1953 libenter
1515 1922 1744 1964 acceperunt.

302 1965 391 1999 Cum
422 1965 551 1999 diebus
577 1965 702 2011 paucis
728 1963 978 2008 Didymotichi
1002 1964 1235 2006 substitisset,
1265 1966 1350 2000 inde
1377 1967 1584 2009 Byzantium
1610 1965 1746 1999 disces-

302 2012 369 2046 sit:
394 2012 458 2046 ubi
486 2023 565 2045 cum
591 2023 714 2046 socero
739 2012 970 2057 imperatore,
991 2011 1089 2045 bello
1120 2012 1248 2044 Latino
1278 2018 1364 2046 tunc
1388 2015 1544 2047 maxime
1569 2013 1744 2053 fervente,

302 2058 440 2091 diutius
468 2060 569 2092 vixit.
619 2061 888 2094 Cantacuzenus
921 2057 1021 2091 haud
1045 2060 1213 2098 nescius,
1251 2060 1346 2092 inter
1370 2059 1594 2092 matthaeum
1629 2059 1746 2092 filium

303 2109 340 2138 et
373 2116 542 2149 generum
580 2106 806 2141 intercedere
846 2105 1059 2146 dissidium,
1094 2105 1195 2137 illum
1223 2116 1369 2151 quoque
1404 2105 1679 2146 accersendum,
1707 2111 1747 2140 et

306 2150 499 2185 edentibus
524 2154 621 2197 apud
654 2164 691 2186 se
717 2152 918 2191 ambobus,
959 2154 999 2185 in
1027 2162 1098 2197 quo
1137 2153 1230 2185 alter
1262 2151 1307 2184 ab
1344 2153 1458 2186 altero
1494 2164 1532 2186 se
1569 2156 1745 2186 offensum

303 2204 475 2243 putaret,
500 2199 604 2232 litem
632 2200 703 2234 sibi
733 2199 972 2234 dirimendam
999 2205 1052 2232 est
1089 2198 1293 2232 arbitratus.
1344 2199 1505 2233 Advocat
1537 2199 1647 2245 igitur
1673 2200 1746 2232 ffli-

309 2255 389 2284 um,
424 2249 563 2279 retento
597 2257 715 2280 secum
743 2258 894 2292 genero,
929 2251 970 2279 ut
1001 2246 1052 2279 ita
1086 2247 1250 2290 utrisque
1283 2247 1557 2291 praesentibus,
1601 2245 1744 2282 stabilis

307 2291 411 2324 fieret
431 2293 644 2334 pacificatio.
697 2296 742 2328 At
777 2294 873 2326 enim
908 2292 1026 2333 filius,
1063 2293 1126 2337 qui
1164 2303 1308 2332 recens,
1343 2298 1445 2337 patre
1475 2295 1766 2335 committente,'

306 2337 582 2382 Adrianopolim
617 2340 845 2386 finitimaque
883 2339 1015 2372 circum
1043 2339 1176 2383 oppida
1202 2340 1240 2372 in
1272 2339 1380 2373 fidem
1406 2352 1507 2373 suam
1533 2347 1742 2386 receperat,

308 2394 507 2429 eorumque
532 2387 786 2429 procuratione
812 2386 1074 2426 distinebatur,
1111 2386 1223 2419 serius
1253 2397 1360 2432 quam
1385 2397 1449 2431 pro
1477 2386 1647 2421 mandato
1671 2388 1745 2431 By-

309 2431 468 2464 zantium
502 2433 611 2465 venit.
674 2433 812 2466 Iuniori
845 2433 1056 2478 imperatori
1096 2433 1141 2466 ad
1168 2433 1274 2466 urbes
1305 2433 1375 2466 sibi
1405 2433 1603 2478 descriptas
1640 2434 1745 2467 festi-

307 2478 432 2518 nanti,
457 2478 577 2511 senior
603 2478 743 2512 abitum
774 2481 967 2514 concessit:
995 2480 1085 2526 quin
1111 2480 1219 2513 etiam
1246 2480 1540 2523 Didymotichum
1565 2485 1650 2514 ante
1677 2480 1745 2514 da-

306 2525 354 2558 tis
378 2524 644 2568 superaddidit,
672 2526 910 2568 acHelenam,
934 2537 1082 2560 uxorem
1108 2528 1198 2566 eiu-⁴1,
1222 2537 1298 2559 cum
1312 2527 1387 2560 filio
1412 2528 1572 2567 iuniore,
1599 2529 1657 2561 cui
1675 2538 1744 2561 no-

307 2581 392 2604 men
421 2570 578 2604 inditum
602 2571 769 2612 Manuel,
794 2576 897 2619 sequi
923 2574 1107 2618 permisit,
1141 2574 1254 2607 altero
1280 2573 1355 2606 filio
1384 2573 1590 2607 Andronico
1628 2574 1745 2620 impe-

305 2622 425 2650 ratore
450 2622 486 2650 et
510 2628 734 2660 successore,
761 2619 920 2665 itemque
947 2621 1050 2653 Irene
1075 2620 1150 2653 filia
1186 2619 1283 2665 apud
1308 2622 1423 2652 aviam
1445 2621 1605 2661 relictis,
1639 2623 1743 2655 cuius

304 2663 426 2697 studio
454 2669 492 2697 et
517 2663 707 2709 diligentia
734 2664 986 2700 educarentur.
1031 2667 1240 2701 Discessuro
1277 2667 1346 2699 iam
1376 2672 1412 2700 et
1447 2668 1517 2700 alia
1548 2673 1743 2713 praecepta
1785 2699 1790 2702 .

302 2721 405 2743 socer
428 2710 529 2742 dedit
553 2715 589 2743 et
614 2722 660 2744 ne
688 2711 856 2745 adversus
882 2713 1027 2746 fratrem
1055 2725 1138 2746 suae
1175 2714 1335 2756 coniugis
1362 2714 1436 2746 ulla
1463 2714 1604 2747 ratione
1643 2725 1741 2748 arma
1784 2736 1789 2741 r

303 2757 511 2797 moliretur,
537 2768 656 2804 neque
681 2758 937 2793 susurronibus
966 2760 1159 2801 credulus,·
1179 2766 1260 2794 eu‘m
1285 2760 1400 2794 hostis
1424 2761 1505 2795 loco
1530 2759 1693 2803 haberet,
1718 2770 1750 2794 a:
