1800 3164
369 126 480 182 336
810 172 812 174 ,
905 140 1274 184 CANTAcqum

1767 248 1782 264 2

164 254 205 290 A.
218 250 459 300 Οιὸῦῦμετ·
501 247 721 299 εὐβουλίας
754 242 825 284 καί
857 243 1077 298 φροντίδος
1108 243 1294 295 δοκῶμεν
1332 242 1467 286 πάντα
1494 244 1719 301 πράττειν,
1753 265 1787 289 α·

367 311 482 367 νήσω
530 313 611 353 τῶν
645 310 823 362 δεσμῶν.
875 310 1048 350 τοιαῦτα
1091 310 1170 362 μὲν
1210 309 1499 364 Παλαιολόγος
1548 308 1570 351 ὅ
1605 313 1787 366 βασιλεῦ.

367 377 473 433 πρὸς
507 378 682 430 βασιλέα
715 373 787 417 τὸν
834 373 1035 430 κηδεστὴν
1077 376 1346 431 ἐπηγγείλατο
1394 375 1466 418 ἐπὶ
1510 374 1556 419 τὸ
1607 379 1787 421 ἅπολύειι

366 443 432 488 τὸν
470 442 571 485 υἱόν.

319 524 352 557 1)
412 525 419 535 ³
487 509 570 563 μς’.
630 505 978 562 Καντακουζηνὸς
1020 508 1066 549 δὲ
1111 506 1134 547 ὃ
1164 506 1363 561 βασιλεύς
1404 503 1556 563 ἥδιστα
1600 511 1785 552 διατεθεί

362 577 468 633 πρὸς
491 575 863 630 τάςζέπαγγελίας,
893 574 1068 627 ,,πρώ’τα
1094 574 1218 627 μὲν,”
1254 569 1342 615 εἶπε
1374 573 1477 630 πρὸς
1511 577 1686 628 βασιλέα
1731 574 1786 618 τὸς

362 641 580 698 γαμβρὸν,
621 639 806 694 ,,πολλοὶς
843 637 971 688 αὐτός
999 655 1066 681 σοι
1092 638 1274 695 χάριτας
1305 639 1521 695 ὁμολογῶ,
1550 637 1641 694 ὅτι,
1668 644 1785 684 καίτο

361 708 523 750 πολλῶν
547 707 814 759 ἐπικειμένων
844 704 915 747 καί
945 705 1264 760 παραινούντων
1283 706 1584 762 ἐκτυφλώττειν
1615 706 1688 749 τὸν
1713 705 1785 749 υἱὸ;

361 775 435 815 καί
459 772 615 828 πολλήν
639 787 735 813 τινα
773 769 972 825 ἐχούσαις
997 770 1072 826 τὴν
1103 769 1238 812 πειθώ
1270 772 1498 826 χρωμένων
1526 773 1786 824 α’ποδειξεσιν

361 836 431 889 αἷς
463 838 536 881 καί
568 836 704 879 πάντα
748 835 934 878 ὁντινοῦν
979 831 1032 878 ιῖν
1066 834 1235 878 ἔπεισαν
1279 843 1372 885 ταῖς
1398 837 1694 892 παραινέσεσιν
1730 833 1784 879 αὖ

215 910 251 945 Ρ.
281 910 347 954 895
359 908 444 950 ταῖν
481 904 729 960 προσέχειν,
780 901 905 951 αὐτὸς
935 904 1135 960 ἐπιεικείᾳ
1164 904 1296 960 πολλῇ
1333 901 1596 957 χρησάμενος
1628 905 1702 945 καί
1733 903 1784 944 εύ-

360 973 509 1029 βουλία
538 972 613 1012 καί
635 971 800 1012 συνέσει
821 1000 833 1022 ,
876 969 983 1011 σῶον
1013 966 1289 1024 διετηρήσας,
1334 964 1470 1025 ὥσπερ
1513 964 1566 1011 ἂν
1594 966 1702 1025 ὖπὲρ
1731 975 1784 1026 φί

361 1043 435 1080 λου
485 1035 589 1093 πρὸς
632 1036 850 1084 πλείστους
891 1034 988 1084 τούς
1034 1036 1457 1088 α’ντικαθισταμένους
1496 1033 1781 1089 ἆγωνισάμενο

361 1106 467 1161 ὑπὲρ
499 1106 671 1146 ἐκείνου.
731 1099 876 1143 ἔπειτα
917 1102 962 1142 δὲ
993 1100 1068 1142 καί
1091 1103 1166 1155 τῆς
1196 1102 1417 1150 ἐπιεικείας
1442 1100 1598 1156 ταύτης
1628 1099 1702 1142 καί
1729 1102 1782 1156 τῆ

360 1167 609 1226 ἡμερότητος
643 1165 743 1216 θεός
779 1183 826 1208 τε
853 1163 1013 1208 ἄνωθεν
1044 1162 1272 1220 ἀμείψεται
1310 1167 1446 1217 α’ξίαις
1486 1167 1690 1221 δωρεαῖς,
1731 1181 1782 1207 κα

361 1239 461 1291 παρ’
486 1235 583 1288 ἐμοὶ
611 1232 685 1288 τήν
711 1230 842 1288 χάριν
869 1234 972 1283 ἕξεις
1005 1231 1270 1287 α’νάγραπτον
1298 1234 1342 1281 ἐς
1373 1232 1454 1274 αἐί.
1493 1230 1589 1286 ,ἐγώ
1622 1233 1669 1274 δὲ
1697 1230 1778 1287 πρό

340 1302 478 1357 ’τερον
512 1303 602 1354 μὲν,
646 1299 767 1354 ἡνίκα
809 1297 908 1351 ὗμῐν
942 1295 963 1339 ὅ
993 1297 1100 1353 πρὸς
1128 1295 1333 1353 α’λλὴλους
1361 1296 1546 1352 πόλεμος
1574 1295 1771 1354 α’νῆπτετο

359 1372 532 1416 πολλαῖς
561 1365 796 1420 ἐβαλλόμην
824 1363 1031 1420 ὁσημέραι
1056 1370 1150 1411 ταῖς
1180 1365 1374 1420 φροντίσι
1414 1366 1484 1406 καὶ
1513 1366 1664 1414 δεινοῖς
1691 1380 1776 1406 τισι

359 1434 594 1488 ἀνηκέστοις
619 1429 866 1473 ὑπώπτευον
889 1433 1210 1486 περιπεσεῖσθαι
1230 1426 1474 1484 ἀναγκαίως.
1529 1432 1600 1472 ἐπί
1619 1432 1698 1484 μὲν
1717 1427 1780 1484 γὰι

358 1501 439 1542 τῶν
465 1493 600 1540 ἄλλων
628 1494 847 1547 ἁπάντων,
874 1493 1088 1548 ὅποτέροις
1119 1492 1170 1534 ἂν
1199 1493 1466 1548 πρόσθωνται
1493 1497 1575 1536 τῶν
1599 1493 1702 1550 πρὸς
1726 1491 1779 1536 aa

359 1562 511 1619 λη’λους
539 1563 856 1615 πολεμούντων,
889 1555 918 1614 ἢ
949 1558 1208 1614 συνήδεσθαι
1237 1561 1484 1612 συμβαίνει,
1527 1555 1580 1601 ἂν
1608 1562 1778 1601 νικῶσιν

321 1625 388 1686 1337x
416 1629 657 1671 τούναντίον
686 1627 966 1679 συμμετέχειν
1007 1626 1081 1678 τῆς
1128 1624 1410 1679 κακοπραγίας
1430 1658 1442 1677 ,
1489 1619 1540 1666 ἂν
1583 1624 1779 1680 ἡττῶνται

359 1694 488 1750 πατρί
514 1695 576 1747 δὲ,
605 1691 895 1746 πολεμούντων
922 1688 1030 1746 πρὸς
1058 1687 1262 1745 ἆλλήλους
1296 1692 1381 1732 τῶν
1417 1688 1544 1745 υἱῶν,
1587 1691 1666 1744 μία
1691 1687 1773 1744 μόν

359 1760 614 1817 παραμυθία
642 1758 688 1801 τὸ
723 1756 1040 1804 καταλύσαντας
1067 1757 1254 1798 λείπεται
1294 1754 1367 1798 τὸν
1391 1755 1570 1810 πόλεμον
1587 1787 1600 1811 ,
1638 1755 1778 1812 εἰρήνη

454 1862 482 1885 ι.
509 1848 612 1883 δοκῶ
633 1847 705 1894 μὲν
729 1846 762 1879 Ρ.
866 1857 917 1891 ¹9·
943 1842 1016 1890 μὲν
1044 1855 1114 1879 om.
1139 1843 1176 1882 Ρ,

360 1934 509 1965 teretur.
559 1926 669 1960 Paulo
695 1929 789 1970 post,
813 1927 855 1956 ut
879 1926 1020 1955 maturo
1043 1921 1194 1954 consilio
1231 1924 1267 1954 et
1294 1920 1418 1955 debita
1448 1931 1531 1956 eura
1569 1923 1691 1958 omnia
1723 1924 1777 1959 fici

360 1979 546 2023 appareat,
568 1973 723 2010 vinculis
749 1970 1011 2004 absoluturum.
1034 1968 1131 2001 Haec
1143 1967 1376 2013 Palaeologus
1397 1979 1519 2003 socero
1543 1969 1589 2004 de
1607 1970 1685 2006 filio
1707 1971 1776 2007 lib(

362 2023 474 2058 tando
499 2021 685 2068 pollicitus
711 2023 774 2052 est.
1375 2032 1379 2036 ·

431 2070 485 2114 46.
514 2070 782 2103 Cantacuzenus
797 2064 853 2097 his
876 2063 1062 2108 promissis
1082 2062 1313 2103 laetissimus,
1340 2062 1515 2100 „Primum
1541 2062 1723 2110 quidem‚''
1743 2065 1776 2098 in

363 2118 445 2162 quit
473 2116 517 2149 ad
544 2125 727 2161 generum,
757 2110 913 2156 „amplas
939 2110 1008 2143 tibi
1032 2110 1161 2154 gratias
1185 2119 1273 2153 ago,
1302 2108 1413 2155 quod,
1439 2121 1653 2156 quamquam
1677 2112 1775 2146 mult:

364 2163 600 2196 suadentibus
625 2166 662 2195 et
686 2158 980 2205 impellentibus,
1018 2162 1059 2190 ut
1095 2156 1209 2188 filium
1233 2166 1352 2189 meum
1390 2157 1502 2190 oculis
1528 2157 1673 2192 orbares
1702 2164 1739 2193 et
1761 2159 1774 2191 i

362 2210 403 2243 id
428 2208 646 2253 argumentis
671 2207 717 2240 ad
740 2204 1030 2251 persuadendum
1054 2202 1163 2234 firmis
1189 2203 1390 2242 utentibus,
1411 2208 1450 2236 tu
1471 2204 1650 2249 sapientia
1671 2210 1708 2240 et
1731 2204 1775 2238 bo

363 2256 479 2288 nitate
504 2261 564 2287 tua
588 2254 688 2286 velut
720 2263 785 2297 pro
814 2252 926 2284 amico
961 2249 1127 2293 plurimis
1165 2248 1244 2282 eius
1277 2250 1487 2283 adversariis
1519 2256 1556 2284 te
1591 2263 1774 2298 opponens

364 2302 503 2335 salvum
530 2301 821 2343 incolumemque
846 2297 1077 2333 conservaris.
1124 2295 1268 2329 Deinde
1289 2301 1325 2329 et
1338 2296 1434 2328 Deus
1451 2296 1495 2330 de
1520 2298 1622 2332 coelo
1647 2299 1695 2332 ob
1711 2299 1774 2333 hat

365 2350 587 2394 aequitatem
613 2352 649 2380 et
671 2343 984 2379 mansuetudinem
1010 2353 1075 2386 pro
1103 2352 1216 2383 eo,ac
1244 2342 1404 2384 mereris,
1431 2348 1466 2376 te
1492 2346 1774 2379 remunerabitm

367 2401 406 2430 et
428 2395 520 2428 mihi
546 2394 625 2426 imis
651 2403 791 2436 semper
822 2391 993 2425 medullis
1018 2389 1169 2422 infixum
1207 2390 1277 2422 erit
1311 2389 1381 2423 hoc
1405 2389 1631 2424 beneficium.
1687 2393 1773 2438 Equi

366 2442 462 2482 dem,
477 2441 575 2474 bello
601 2441 696 2472 inter
719 2450 780 2473 vos
805 2439 990 2482 gliscente,
1015 2436 1140 2468 multis
1166 2436 1329 2469 iactabar
1343 2436 1652 2472 sollicitudinibus
1677 2443 1773 2484 quot

367 2489 428 2522 die
454 2492 490 2521 et
513 2487 553 2518 in
591 2484 817 2519 incommoda
849 2483 1027 2529 quaedam
1070 2482 1277 2526 gravissima
1303 2484 1502 2517 necessario
1538 2483 1773 2520 devolvendm

365 2546 424 2569 me
457 2532 642 2567 timebam.
702 2533 791 2565 Nam
829 2532 868 2563 in
901 2529 1029 2564 ceteris
1064 2527 1231 2561 omnibus
1265 2530 1500 2574 utriscunque
1535 2530 1632 2566 inter
1668 2542 1706 2564 se
1731 2542 1773 2575 pu

366 2581 554 2627 guantium
578 2578 786 2619 adhaereas,
809 2583 872 2611 aut
896 2577 1067 2622 gratulari
1092 2575 1215 2616 datur,
1248 2576 1278 2608 si
1302 2576 1474 2616 vicerint,
1511 2582 1576 2610 aut
1607 2577 1770 2612 infortuni

367 2639 445 2662 esse
469 2625 694 2671 participem,
722 2625 751 2656 si
780 2625 866 2656 victi
895 2623 1042 2659 fuerint.
1088 2622 1135 2654 At
1159 2632 1242 2654 vero
1265 2623 1369 2666 patri,
1395 2622 1481 2657 filiis
1496 2623 1592 2657 inter
1614 2634 1652 2657 se
1678 2624 1772 2658 decer

366 2673 542 2714 tantibus,
567 2671 711 2704 unicum
735 2670 829 2702 illud
845 2671 1014 2703 solatium
1037 2668 1268 2712 relinquitur,
1292 2669 1335 2709 si,
1359 2669 1465 2703 armis
1487 2669 1650 2711 abiectis,
1676 2670 1721 2703 ad
1739 2681 1772 2716 ρι

369 2732 445 2756 cem
468 2731 506 2755 se
536 2717 625 2753 dent
663 2721 700 2750 et
731 2717 821 2751 alter
857 2716 960 2750 alteri
997 2716 1092 2750 bene
1128 2714 1226 2750 velit.
1277 2715 1340 2749 Sin
1377 2726 1438 2750 eos
1475 2716 1591 2751 redire
1619 2717 1771 2752 secumi
