1832 3198
178 370 551 428 ῙΩΑΝΝΟΥ
581 370 732 427 TOY
764 366 1482 428 KANTAKOYZHNOY

485 486 782 531 ΙΣΤΟΡΙΩΝ
807 488 1077 531 ΒΙΒΛΙΟΝ
1111 487 1165 530 Λ.

235 637 638 700 IOANNIS
683 584 1422 700 CANTACUZENJ

474 757 871 800 HISTORIARUM
900 757 1064 797 LIBER
1092 757 1166 798 IV.

613 1057 1024 1095 PERIOCHA.

191 1198 421 1247 Testificatur
446 1197 655 1239 historicus,
682 1209 732 1239 se,
762 1209 858 1246 quae
876 1206 978 1243 gesta
1001 1197 1088 1237 sint,
1104 1195 1277 1244 fideliter
1293 1196 1548 1235 narraturum.

89 1245 314 1292 Imperatr-ix
341 1244 529 1293 cumfiliis
541 1254 624 1278 ante
642 1246 835 1290 imaginem
845 1246 914 1278 Dei
927 1246 1120 1290 genitricis
1141 1246 1339 1284 consistens
1356 1244 1550 1283 sit-'tacite

37 1324 41 1333 A
85 1291 249 1327 'victoris
282 1291 575 1326 misericordiam
601 1293 783 1338 implorat.
835 1293 941 1327 Iurat
964 1290 1095 1325 ibidem
1123 1292 1428 1334 Cantacuzenus,
1462 1307 1498 1329 se
1525 1308 1551 1330 a

93 1341 245 1374 crimine
280 1340 452 1373 alienum.
511 1339 646 1373 Filiam
681 1340 856 1372 Helenam
890 1341 1027 1372 loanni
1068 1339 1553 1384 imperatori·adolescenti

91 1386 301 1433 despondet.
350 1389 596 1433 luy-amentum
623 1386 776 1420 subditis
790 1385 962 1432 defertur.
1012 1385 1161 1419 Nobiles
1186 1386 1419 1431 refragantes
1453 1390 1575 1423 utri—s

91 1446 160 1482 que
197 1434 412 1478 imperatori
443 1442 712 1467 sacramentum
737 1432 858 1467 dicere
887 1441 1096 1477 coguntur:
1130 1431 1174 1466 de
1213 1433 1318 1466 bonis
1360 1435 1555 1470 mobilibus

88 1492 157 1527 per
180 1481 309 1514 bellum
335 1481 510 1514 alienatis
535 1482 692 1522 sanctio.
741 1481 884 1513 Helena
911 1480 1128 1526 imperatrix
1149 1479 1344 1514 salutatur.
1393 1482 1554 1528 Nuptiae

91 1536 334 1574 apparantur.
395 1529 440 1562 In
474 1529 625 1573 imperio
651 1540 674 1561 a
705 1526 946 1560 seditionibus
971 1535 1006 1561 et
1030 1528 1143 1560 armis
1171 1539 1310 1562 summa
1334 1530 1556 1575 tranquilli-

90 1583 159 1608 tas.
208 1574 379 1608 AIarclzio
410 1586 428 1608 e
463 1573 685 1608 lombardia
721 1575 953 1617 Byzantium,
984 1573 1299 1614 Thessalonicam,
1327 1577 1480 1616 Aenum,
1514 1584 1555 1610 ut

90 1622 161 1654 sibi
194 1622 272 1655 iure
306 1630 461 1667 paterno
487 1621 641 1661 debitas,
672 1633 852 1666 occupare
882 1622 1022 1666 cogitat
1048 1621 1152 1666 (Cap.
1185 1621 1227 1665 ι).
1277 1622 1555 1657 Bar-tholomaei

88 1669 207 1714 legati
230 1667 325 1702 duae
351 1668 554 1714 epistolae,
580 1681 656 1702 una
682 1668 734 1702 ad
748 1669 964 1703 Clementem
991 1667 1063 1707 VI.,
1099 1669 1300 1702 Romanum
1322 1670 1553 1717 pontificem,

90 1717 212 1750 altera
238 1713 289 1748 ad
310 1716 496 1760 Delfinum
525 1716 780 1755 Viennensem,
809 1714 852 1748 de
873 1714 1047 1748 laudibus
1073 1714 1329 1749 Cantacuzeni
1353 1718 1553 1761 imperato-

89 1764 142 1796 ris
168 1763 232 1806 (a).
281 1763 456 1796 Ioannem
488 1762 742 1807 patriarcham
774 1763 1022 1800 conveniens,
1056 1763 1091 1795 ei
1114 1763 1254 1795 scelera
1279 1765 1487 1807 praeterita
1511 1762 1554 1796 in.

89 1820 127 1842 se
151 1817 185 1842 et
212 1820 285 1842 rem
304 1809 488 1853 publicam
514 1821 591 1843 cum
617 1807 825 1854 dogmatum
854 1809 1039 1853 impietate
1064 1808 1249 1842 obiectat.-
1276 1809 1502 1844 Patr-iarcha
1522 1822 1552 1843 a

89 1854 238 1898 Synoclo
268 1854 491 1894 damnatur,
528 1855 630 1889 cuius
655 1858 775 1889 locum
801 1853 969 1888 Isidorus
994 1855 1159 1898 capessit.
1209 1855 1304 1887 Eius
1327 1857 1421 1889 laus.
1469 1858 1552 1890 Mo-

90 1902 201 1936 nacla
231 1901 274 1935 de
304 1902 504 1936 ambitione
527 1903 810 1947 patriarchatus
838 1901 1169 1946 reprehenduntur.
1218 1901 1451 1936 Ab Isidoro
1480 1905 1551 1936 im-

86 1958 239 1995 perator
262 1949 406 1994 publice
441 1948 674 1982 anathemate
706 1949 916 1982 absolvitur
938 1949 1004 1991 (3).
1060 1947 1111 1980 Ab
1139 1946 1306 1981 Orchane
1333 1958 1369 1982 et
1390 1951 1471 1982 eius
1483 1951 1553 1996 fiz-

88 1995 195 2029 mitia
229 1997 375 2032 visitur.
438 1995 580 2028 Iterum
618 1996 659 2028 in
693 1995 910 2030 Blaclzernis
945 1996 1063 2028 iustas
1101 1995 1144 2027 ob
1180 2004 1312 2028 causas
1337 2005 1550 2031 coronatur.

87 2042 228 2076 Ioanni
252 2042 471 2087 imperatori
495 2054 590 2075 uxor
614 2044 793 2086 iungitur.
846 2043 898 2075 De
923 2042 1089 2088 collapsa
1107 2052 1278 2087 magnam
1295 2051 1438 2086 partem
1460 2040 1551 2077 aede

75 2087 245 2135 JSopliiae
271 2091 447 2135 illiusque
473 2090 758 2124 instauratione.
814 2089 940 2123 Crales
969 2088 1077 2122 semel
1102 2097 1136 2122 et
1165 2090 1296 2122 iterum
1323 2091 1550 2134 appellatus,

89 2137 193 2170 urbes
222 2146 307 2178 post
343 2138 453 2170 ictum
484 2135 620 2180 foedus
660 2137 805 2170 ablatas
840 2137 1093 2170 restituturum
1125 2144 1250 2181 negat.
1303 2137 1442 2170 Contra
1468 2149 1549 2170 eum

89 2185 218 2226 copiae
252 2195 330 2217 cum
354 2183 511 2217 Persicis
546 2184 713 2217 auxiliis.
766 2182 908 2229 Oppida
933 2183 1181 2228 imperatoris,
1208 2184 1384 2227 quoniam
1411 2195 1433 2215 a
1460 2185 1548 2217 Tri-

89 2229 200 2263 ballis
224 2231 459 2269 tenebantur,
491 2228 713 2275 depraedati
732 2231 878 2268 Persae,
904 2229 944 2263 in
965 2228 1067 2263 sedes
1083 2241 1169 2262 suas
1185 2238 1440 2271 rever1untur,
1467 2242 1547 2264 cum

90 2277 275 2311 Triballos
293 2277 490 2311 devastare
506 2289 550 2310 ac
574 2276 735 2322 diripere
761 2276 970 2312 debuissent
993 2276 1037 2319 (4
1052 2278 1075 2317 ).
1122 2278 1328 2322 Imperator
1352 2285 1547 2322 utrumque

81 2322 208 2370 silium
235 2332 268 2357 ει
282 2325 430 2371 fratres
455 2324 582 2357 uxoris
608 2324 820 2358 muneribus
850 2332 972 2358 ornat.
1022 2323 1208 2358 Pecuniae
1234 2324 1373 2357 viritim
1393 2325 1548 2369 exigen-

89 2368 160 2404 dae
186 2372 379 2405 consilium
405 2372 528 2416 capit.-
556 2370 677 2405 denuo
703 2383 739 2405 se
766 2373 808 2404 in
833 2372 1013 2405 concione
1042 2379 1172 2405 contra
1201 2370 1448 2415 sycophantas
1469 2379 1549 2405 tue-

74 2425 166 2456 tur,
190 2416 233 2452 de
261 2419 391 2464 quibus
416 2419 586 2463 graviter
610 2418 876 2465 conqueritur:
902 2416 944 2451 de
971 2417 1142 2451 barbaris
1161 2417 1322 2451 subsidio
1342 2419 1489 2451 vocatis
1508 2428 1546 2452 se

89 2473 247 2508 purgat:
287 2466 429 2510 culpam
455 2466 496 2496 in
521 2463 763 2498 adversarios
777 2465 923 2498 reiicit:
948 2463 990 2497 de
1013 2463 1152 2498 tuenda
1174 2476 1212 2498 re
1227 2465 1379 2511 publica
1397 2473 1547 2498 senten-

90 2512 164 2544 tias
185 2514 303 2555 poscit
326 2512 390 2556 (5).
443 2512 588 2545 Civium
611 2513 876 2556 primariorum
903 2522 1128 2556 responsum,
1153 2523 1226 2558 quo
1244 2523 1362 2550 suum,
1389 2514 1549 2557 impera·

92 2557 207 2598 toris,
243 2559 393 2598 militis,
427 2558 669 2598 mercatoris,
708 2559 855 2606 opificis
880 2558 1040 2604 officium
1067 2556 1276 2592 declarant.
1329 2559 1451 2591 Causa
1482 2571 1547 2592 ex-

92 2605 251 2638 actionis
278 2605 530 2651 pecuniariae-
583 2606 631 2638 In
655 2605 911 2650 imperatorem
935 2606 1168 2639 inimicorum
1186 2605 1401 2650 malignitas
1421 2613 1456 2639 et
1475 2605 1548 2640 cri-

96 2650 264 2693 minatio,
315 2652 389 2685 Cur
405 2652 481 2686 illis
503 2654 707 2698 pepercerit
733 2653 989 2699 negotiumque
1015 2651 1231 2686 deseruerit.
1280 2650 1447 2685 Insidiae
1481 2663 1547 2684 no-

95 2707 166 2729 vae
202 2697 439 2743 quorumdam
463 2710 655 2743 procerum
682 2707 714 2733 et
746 2700 990 2745 cogitationes
1014 2698 1105 2732 belli
1127 2698 1344 2743 reparandi.
1394 2698 1547 2731 Dantur

95 2743 137 2776 in
162 2743 373 2786 custodiam,
399 2746 621 2792 ignoscitur,
643 2747 815 2793 pristinis
829 2745 1092 2792 functionibus
1110 2745 1319 2781 redduntur
1333 2745 1397 2791 (6).
1447 2744 1544 2787 Que-
