1800 3164
323 150 427 202 292
834 146 1208 190 CANTACUZENI

109 253 151 288 A.
167 251 203 286 C.
221 253 307 299 ι354
320 246 431 290 ὅσων
458 249 536 300 μὲν
565 244 617 290 ἂν
646 249 800 289 δέοιντο
826 244 926 300 πρός
957 261 998 286 τε
1026 243 1071 287 τὸ
1104 244 1414 302 μισθοφορικὸν
1458 247 1529 302 τῆς
1555 249 1755 302 στρατιᾶς

317 315 390 355 καί
415 315 497 355 τῶν
525 315 728 368 τριηρέων
754 310 1026 367 παρασκευὴν
1070 310 1144 353 καὶ
1182 312 1256 361 τάς
1285 310 1462 361 δεούσας
1499 311 1644 368 ἐτέρας
1670 315 1745 368 δη-

314 381 465 433 μοσίας
495 378 731 432 διοικήσεις,
766 376 845 418 ὑπὸ
877 380 958 419 τῶν
996 375 1264 432 πρυτάνεων,
1297 375 1433 434 ὥσπερ
1466 377 1587 431 ἔθος,
1617 381 1752 421 ταῦτα

316 446 632 487 ἀναλίσκεσθαι·
693 441 720 484 οἳ
761 446 796 484 δ’
843 442 894 485 ἄν
942 444 1182 485 ὑπολίποιτο
1224 445 1412 486 ἐπέκεινα
1458 447 1532 499 τῆς
1575 447 1723 499 χρείας
1742 478 1754 496 ,

316 513 448 551 ταῦτα
485 509 821 563 συμμερίζεσθαι
858 508 955 558 τούς
1001 511 1200 562 βασιλέας
1240 511 1321 552 τῶν
1357 509 1461 565 πρὸς
1497 509 1575 559 τοὶς
1622 508 1790 560 οἰκιάςᾶ

316 578 435 617 ἕνεκα
471 573 760 628 οἷναλωμοίτων
790 574 933 629 ἐπίσης
961 572 1196 630 ἑκατέρους.
1251 572 1408 618 τούτων
1448 577 1495 618 δὲ
1531 578 1583 618 ου’
1611 577 1758 628 δεόμε-

317 656 384 689 νος
425 639 624 693 βασιλεὺς
674 641 694 680 ὁ
725 639 1077 695 Καντακουζηνὸς
1114 641 1261 698 α’πῄτει
1302 640 1402 690 τούς
1439 638 1614 696 ὅρκους,
1645 639 1758 700 (ᾔδει

274 704 391 761 cyrio
423 703 711 760 οἶναχωρήσων
737 708 818 748 τῶν
847 704 1113 761 πραγμάτων
1131 705 1310 760 τάχιστα
1325 708 1358 763 ,)
1387 709 1512 763 τιμῆς
1554 709 1602 750 δὲ
1626 706 1758 762 μόνης

312 772 431 813 ἕνεκα
459 773 536 813 τοῦ
563 770 622 826 μή
653 775 899 825 νομίζεσθαι
931 772 1101 814 ἔλαττον
1126 775 1202 814 τοῦ
1227 774 1322 815 νέου
1350 774 1555 827 βασιλέως
1585 775 1756 829 ἐσχηκέ-

310 854 396 879 ναι.
452 843 540 886 τοῖς
569 854 613 879 τε
641 837 949 893 πεπολεμηκόσι
977 837 1083 893 πρὸς
1111 837 1270 888 αὐτούς
1310 837 1417 893 ὑπὲρ
1460 838 1649 894 ἀλλήλων
1673 855 1754 895 μη-
1773 851 1788 878 t

312 902 459 956 δεμιάν
489 904 746 959 εἰσπράττειν
785 905 912 959 δίκην,
940 904 1046 959 μήτε
1075 903 1425 960 Καντακουζηνὸν
1463 903 1535 947 τόν
1561 906 1754 959 βασιλέα,

311 969 414 1023 μήτε
443 967 513 1010 τὸν
538 968 743 1024 γαμβρὸν,
767 971 1055 1023 ἀμυνομένους
1081 973 1150 1025 τῆς
1169 971 1227 1018 εἰς
1257 969 1415 1020 αὐτούς
1443 969 1754 1026 ἀγνωμοσύνης,

311 1036 419 1089 μήτε
450 1034 616 1085 ζεόντων
646 1032 900 1091 ἀμφοτέρων
927 1038 1150 1090 βασιλέων,
1179 1035 1277 1090 μήτ’
1306 1038 1347 1079 εἰ
1362 1040 1550 1092 συμβαίη
1576 1036 1647 1079 τὸν
1673 1035 1763 1078 ἕτε-

314 1117 386 1156 ρον
417 1103 616 1155 γενέσθαι
643 1103 686 1152 ἐξ
715 1102 950 1157 ἀνθρώπων
971 1135 982 1155 ,
1042 1101 1149 1144 α’λλὰ
1178 1103 1318 1144 πᾶσαν
1360 1102 1590 1158 οἷμνηστιάν
1630 1105 1763 1158 παρέ-

311 1183 403 1221 χειν
442 1165 526 1208 τῶν
553 1169 880 1222 ζτετολμημένων
920 1168 994 1210 καί
1017 1166 1122 1222 μήτε
1153 1167 1372 1223 προσόδων
1393 1202 1406 1221 ,
1451 1168 1557 1224 μήτε
1586 1170 1670 1211 τῶν
1696 1181 1786 1210 ’τι-ἰ

311 1233 405 1285 μῶν
437 1232 700 1286 ἀποστερεῖν,
725 1231 778 1282 ἂς
798 1233 962 1287 ἔχουσι.
1018 1237 1251 1276 Ματθαῖον
1280 1236 1326 1276 δὲ
1342 1234 1523 1288 βασιλέα
1548 1232 1620 1276 τὸν
1640 1237 1761 1276 Καν-

316 1297 568 1352 τακουζηνὸν
595 1301 773 1351 μένοντα
803 1299 874 1341 ἐπὶ
898 1301 974 1341 τοῦ
1005 1298 1248 1354 σχήματος,
1277 1299 1354 1355 τήν
1383 1299 1764 1355 Ἀδριανοῧκατέ-

170 1374 213 1413 V,
236 1377 302 1420 693
314 1379 408 1416 χειν
436 1363 508 1404 καί
534 1363 612 1412 τὰς
640 1363 746 1406 κατὰ
780 1364 856 1419 τὴν
870 1363 1073 1419 Ῥοδόπην
1100 1371 1183 1415 τοῖς
1210 1366 1433 1418 Ῥωμαίοις
1450 1365 1659 1421 ὑπηκόους
1685 1363 1760 1407 πό·-

272 1434 413 1482 Βλεις,
447 1427 517 1469 διοὶ
538 1431 633 1482 βιόυ
666 1427 893 1483 αὐτόνομον
925 1424 1026 1472 ὄντα
1055 1429 1126 1471 καί
1156 1431 1387 1473 α’νεύθυνον
1416 1435 1664 1487 κεκτημένον
1683 1430 1759 1485 τήν

317 1490 469 1550 ᾇρχὴν,
483 1493 555 1535 καί
579 1496 757 1547 βασιλέα
786 1496 858 1537 τὸν
878 1498 967 1537 νέον
995 1495 1187 1550 Ἰωάννην
1206 1496 1387 1550 πόλεμον
1413 1500 1618 1552 μηδέποτε
1654 1498 1784 1552 πρὸςς

315 1562 469 1602 ἐκεῖνον
485 1562 584 1614 περί
606 1562 687 1601 τῶν
713 1562 992 1614 ἐνδεδομένων
1008 1559 1173 1617 πόλεωνι
1184 1568 1326 1604 κινεῖν.
1353 1564 1426 1605 ἐπὶ
1449 1561 1615 1612 τούτοις
1637 1564 1684 1605 δὲ
1711 1564 1762 1605 ἅ-

314 1626 514 1666 ποδοῦναι
534 1625 884 1680 Καντακουζηνόν
911 1625 980 1667 τὸν
999 1628 1177 1680 βασιλέα
1206 1629 1265 1684 τῷ
1284 1629 1361 1686 νέῳ
1391 1628 1463 1670 καί
1484 1628 1529 1671 τό
1561 1627 1664 1671 κατὰ
1686 1624 1763 1684 τὴν

316 1692 495 1745 Χρυσῆν
523 1691 780 1746 καλουμένην
809 1693 943 1746 πύλην
964 1689 1183 1747 φρούριον,
1215 1691 1442 1748 ὃκατεῐχεν
1469 1694 1599 1744 αὐτὸς
1630 1710 1764 1751 φρου-

321 1759 377 1814 ρᾷ
409 1759 634 1813 Λατινικῇ,
663 1755 977 1813 καρτερώτατον
1006 1752 1052 1799 ὂν
1088 1760 1161 1800 καί
1188 1757 1397 1802 α’νιὶλωτον
1428 1758 1581 1815 σχεδὸν
1611 1763 1658 1803 ἐκ
1690 1762 1764 1816 τῆς

317 1890 358 1918 ut
385 1890 490 1918 antea
508 1910 517 1926 ‚
543 1887 688 1920 coleret.
740 1887 793 1920 De
825 1889 979 1932 pecunia
1003 1897 1206 1922 annuorum
1237 1891 1468 1935 vectigalium
1485 1915 1494 1932 ,
1519 1895 1694 1936 quantum
1720 1894 1760 1923 et

317 1931 365 1964 ad
389 1932 572 1975 stipendia
613 1934 787 1967 militaria
826 1940 863 1968 et
889 1935 935 1968 ad
962 1935 1164 1968 triremium
1200 1943 1410 1981 apparatum
1435 1943 1472 1971 et
1497 1937 1542 1970 ad
1583 1938 1760 1982 reliquam

316 1979 462 2022 imperii
479 1977 832 2013 administrationem
858 1982 1079 2022 sufficeret,a
1095 1984 1346 2027 quaestoribus
1370 1989 1629 2019 numeraretur.
1653 1982 1766 2028 Quod

318 2030 482 2065 restaret,
507 2026 546 2058 id
570 2027 802 2071 imperatores
828 2027 872 2060 ad
898 2028 1113 2061 domesticos
1139 2035 1300 2074 sumptus
1326 2040 1370 2063 ex
1391 2041 1508 2077 aequo
1529 2033 1762 2076 partirentur.

321 2071 590 2104 Cantacuzenus
619 2084 838 2120 quamquam
863 2075 920 2108 his
944 2086 1019 2108 non
1053 2080 1184 2120 egeret,
1215 2077 1414 2122 (cogitabat
1445 2079 1540 2111 enirn
1565 2089 1603 2111 se
1627 2078 1764 2122 'prope-

321 2116 418 2149 diem
444 2117 701 2152 monachorum
726 2121 848 2154 ordini
875 2121 1107 2167 adscribere‚)
1146 2128 1268 2156 tamen
1292 2123 1402 2157 solius
1439 2123 1589 2158 honoris
1628 2124 1766 2169 gratia,

320 2174 369 2196 ne
395 2164 538 2197 iuniore
574 2166 789 2209 imperatore
831 2168 983 2201 inferior
1008 2174 1214 2213 putaretur,
1251 2171 1493 2204 iuramentum
1530 2170 1762 2215 postulabat:

322 2213 366 2242 ut
391 2213 522 2243 neuter
546 2211 589 2243 ab
617 2212 676 2252 iis,
702 2214 765 2258 qui
794 2220 918 2249 eontra
944 2226 982 2248 se
1006 2225 1071 2259 pro
1101 2216 1216 2249 altero
1241 2223 1484 2261 pugnassent,
1518 2218 1674 2251 iniuriae
1705 2217 1766 2249 ul-

325 2255 513 2288 ciscendae
541 2267 676 2300 poenas
702 2267 918 2305 reposceret,
941 2271 1060 2306 neque
1088 2263 1264 2296 ambobus
1291 2263 1521 2304 viventibus,
1553 2275 1673 2308 neque
1697 2263 1764 2296 de-

324 2302 451 2335 functo
487 2303 624 2344 altero,
661 2306 723 2339 sed
755 2307 969 2341 delictorum
1004 2308 1231 2342 immemores
1258 2310 1446 2351 funditus,
1474 2321 1541 2344 nec
1582 2310 1763 2343 reditibus

327 2360 402 2387 eos,
426 2358 493 2380 nec
518 2348 767 2393 dignitatibus,
796 2366 884 2397 quas
911 2359 1087 2399 gererent,
1112 2357 1290 2401 privatum
1329 2359 1445 2392 irent:
1493 2361 1534 2390 ut
1557 2355 1762 2390 Matthaeus

327 2395 599 2428 Cantacuzenus
637 2398 771 2431 cultum
807 2402 1078 2445 imperatorium
1126 2408 1162 2436 et
1185 2403 1460 2448 Adrianopolim
1496 2415 1576 2436 cum
1609 2403 1763 2437 urbibus

326 2440 534 2485 Rhodopes,
559 2443 681 2487 quoad
705 2446 862 2487 viveret,
891 2448 1077 2488 retineret,
1104 2449 1198 2482 liber
1231 2451 1336 2493 plane
1367 2456 1404 2483 et
1438 2452 1476 2483 in
1501 2450 1642 2483 ratione
1677 2449 1763 2482 red-

329 2487 447 2519 denda
474 2487 657 2521 subiectus
691 2492 845 2526 nemini:
883 2500 996 2539 utque
1029 2495 1182 2529 Ioannes
1219 2497 1414 2541 imperator
1447 2501 1594 2541 propter
1627 2495 1762 2540 oppida

328 2533 462 2566 tradita
490 2545 677 2579 nunquam
699 2538 731 2569 ei
757 2537 896 2572 bellum
924 2541 1084 2575 faceret:
1132 2549 1174 2575 ut
1197 2543 1466 2577 Cantacuzenus
1489 2543 1683 2587 imperator
1705 2542 1764 2575 iu-

329 2581 426 2613 niori
451 2583 760 2625 propugnaculum
788 2591 911 2628 portae
938 2587 1076 2621 Aureae
1104 2591 1336 2630 restitueret,
1358 2589 1457 2634 quod
1482 2590 1665 2634 praesidio
1690 2589 1762 2621 La-

329 2627 408 2659 tino
434 2626 595 2668 tenebat,
624 2629 865 2664 firmissimum
891 2643 976 2666 sane
1007 2636 1045 2667 et
1070 2634 1115 2668 ob
1141 2641 1350 2669 structuram
1378 2635 1636 2681 propemodum
1658 2636 1763 2668 inex-

330 2673 545 2717 pugnabile:
575 2676 632 2708 cui
657 2679 773 2709 turres
800 2683 902 2712 erant
925 2678 1034 2712 binae
1060 2692 1103 2714 ex
1129 2682 1172 2716 iis
1191 2707 1201 2723 ,
1239 2693 1332 2729 quae
1356 2687 1440 2715 sunt
1462 2683 1500 2716 in
1529 2681 1667 2716 ambitu
1698 2691 1762 2714 seu

334 2720 380 2753 ad
403 2721 545 2754 moenia
572 2722 755 2764 Byzantii,
793 2725 832 2757 in
858 2734 1010 2770 quarum
1035 2728 1154 2762 medio
1190 2739 1255 2775 per
1278 2734 1419 2776 portam
1444 2729 1544 2763 inam
1582 2728 1700 2762 aditus
1722 2729 1763 2763 in
