1800 3164
473 175 850 220 HISTORIARUM
888 179 959 218 iv.
988 179 1031 222 8.
1412 159 1488 234 49

48 277 275 338 ἧμερότητι
302 278 483 336 κεράσας
509 278 583 320 τὸν
612 278 764 333 θυμὸν,
795 274 906 336 (ᾔδει
922 278 1003 335 γὰρ
1021 278 1217 337 ἐπιεικείᾳ
1240 278 1341 336 ῥᾷον
1360 282 1541 336 προσ-Α.
1556 280 1592 315 C.
1613 281 1694 327 ¹347

28 346 241 400 ·-αξο’μενος
279 343 354 387 τὸν
392 343 516 400 υἱὸν,)
556 342 735 399 Εἰρήνην
781 347 979 399 βασιλίδα
1017 343 1092 399 τήν
1136 345 1292 386 ἐκείνου
1329 348 1491 401 μητέρα

29 412 205 464 ;ἐ’πεμπε
239 408 545 460 διαλλάξουσαν
576 411 730 451 ἐκεῖνον
764 412 820 466 τῷ
860 413 993 467 πατρί
1018 412 1092 452 καί
1117 411 1200 452 ταῖν
1229 406 1394 452 ἀτόπων
1421 410 1493 464 ἔρ-

35 491 131 532 Ἴγων
158 473 491 531 ἆποστήσουσαν.
534 475 560 530 ἦ
589 476 636 517 δὲ
665 474 850 531 ὀφθεῖσα
876 474 1002 529 μόνον
1027 478 1084 533 τῷ
1104 474 1196 532 υἱῷ,
1229 474 1364 533 ῥᾷστα
1388 473 1493 517 πάν-

12 541 102 584 5τα
137 541 188 584 τὰ
228 541 534 597 προσκόμματα
577 541 716 582 διέλυε
754 540 826 583 καί
867 541 944 590 τὰς
982 541 1183 595 ὑποψίας,
1250 537 1300 597 ἦν
1328 540 1408 597 γὰρ
1439 537 1488 582 οὗ

48 606 198 663 συνετή
227 606 356 661 μόνον
387 607 459 649 καί
501 605 616 661 δεινή
649 607 898 661 χρήσασθαι
936 607 1151 662 πράγμασι
1189 608 1385 662 μεγάλοις
1422 605 1496 648 καί

46 674 343 728 μεταποιῆσαι,
379 667 409 729 ᾗ
436 672 647 726 ἐβούλετο,
678 671 786 715 ἄλλα
815 672 889 714 καί
919 676 1150 714 Ματθαῖον
1180 672 1254 715 τὸν
1282 672 1377 715 υἱὸν
1408 672 1492 724 ‹2336-
1507 681 1627 725 P.730

46 756 135 794 χως
161 740 243 780 τῶν
272 735 407 795 ἄλλων
433 741 593 790 μᾶλλον
623 740 807 794 φιλοῦσα
837 740 999 780 παίδων
1042 741 1114 780 καί
1150 741 1383 794 φιλουμένη
1425 740 1495 781 ὑπ’

50 805 195 846 αὐτοῦ’.
250 802 351 846 ὅθεν
379 801 479 846 οὐδὲ
509 802 643 858 λόγων
671 805 826 859 ἐδεήθη
854 803 959 860 πρὸς
1002 803 1160 856 αὐτὸν,
1203 800 1296 846 ἄλλ’
1335 807 1500 847 ἐκέλευε

0 884 37 915 to
47 870 187 924 μόνον,
215 871 288 912 καί
314 869 436 913 πάνθ’
467 869 675 924 ὑπήκουεν
694 871 862 918 ἐκεῖνος.
939 868 1084 911 ἔπειτα
1103 868 1203 918 τούς
1219 872 1289 925 τῆς
1313 868 1500 919 στάσεως

49 939 210 986 αἰτίους
236 932 373 990 λόγοις
400 935 660 991 ἐπιπλήξασα
687 937 760 978 καί
785 933 1050 991 οἷπειλήσασα
1078 934 1128 977 τὰ
1174 936 1421 989 δεινότατα,
1462 939 1503 979 εἰ

49 1004 220 1046 τοιαῦτα
248 998 376 1051 αὖθις
403 1002 770 1058 πανουργεύοιντο,
803 998 931 1058 (ἦσαν
962 999 1040 1058 γὰρ
1072 1001 1178 1059 αὐτῇ
1207 1004 1288 1044 τῶν
1317 1006 1416 1044 καθ’
1434 999 1502 1044 αἶ-

48 1086 109 1122 μα
137 1065 473 1124 προσηκόντων,)
501 1070 574 1110 καί
607 1066 683 1110 τὸν
709 1066 819 1121 υἱὸν,
854 1064 992 1124 ὥσπερ
1028 1069 1103 1109 καί
1128 1066 1341 1124 πρότερον,
1372 1066 1499 1110 πάνθ’

51 1133 275 1176 ὑπείκοντα
303 1132 533 1189 προθύμως
565 1129 819 1184 ἀποδείξασα
846 1136 1020 1187 βασιλεῖ’
1042 1135 1100 1191 τῷ
1131 1133 1273 1190 πατρί,
1305 1133 1502 1189 ἀνέστρε-

0 1197 122 1256 ιό-φε.
175 1201 374 1255 γενομένη
403 1202 450 1241 δὲ
480 1201 524 1241 ἐν
551 1201 797 1257 Βυζαντίῳ,
834 1198 1097 1255 Ἀνδρόνικον
1123 1195 1223 1255 εὗρε
1254 1198 1327 1241 τὸν
1357 1200 1501 1242 νεώτε-

54 1281 128 1320 ρον
149 1262 462 1320 ἄποτεθνηκότα
489 1268 572 1308 τῶν
601 1264 705 1307 υἱῶν
731 1264 812 1307 ὑπὸ
834 1267 909 1307 τοῦ
931 1265 1018 1307 τότε
1037 1264 1318 1320 ἐνσκήψαντος
1337 1268 1503 1320 λοιμοῦ,

59 1329 105 1381 ὃς
145 1333 190 1373 ἐκ
227 1334 311 1373 ταῖν
334 1330 616 1387 (Υπερβορὲων
654 1333 815 1386 πρῶτον
859 1327 1091 1387 ἀρξάμενος
1123 1334 1323 1386 Σκυθῶν,
1364 1332 1503 1374 πάντα

53 1399 264 1452 ἐπέδραμε
302 1396 455 1451 σχεδὸν
495 1396 546 1439 τοὶ
586 1398 776 1453 παράλια
813 1398 886 1451 τῆς
926 1398 1169 1452 οἰκουμένης
1210 1396 1284 1439 καί
1319 1397 1367 1439 τὸ
1397 1396 1539 1438 πολύΒ

56 1464 274 1519 διέφθειρε
309 1464 391 1504 τῶν
417 1459 708 1504 ἐνοικούντων.
773 1458 821 1503 οὗ
861 1460 942 1518 γὰρ
986 1462 1157 1504 Πόντον
1193 1461 1321 1516 μόνον
1355 1464 1504 1517 διῆλθε

0 1539 44 1567 10
56 1530 127 1571 καὶ
155 1528 322 1586 Θρᾴκην
362 1529 435 1570 καί
461 1529 755 1582 Μακεδονίαν,
796 1527 903 1570 ἀλλὰ
933 1529 1006 1569 καί
1025 1527 1304 1583 Ἑλλάδακαί
1324 1525 1503 1570 Ἰταλίαν

58 1597 130 1636 καί
170 1592 319 1649 νήσους
355 1593 543 1647 ἁπάσας,
585 1593 802 1648 Αἴγυπτόν
828 1610 871 1635 τε
901 1593 972 1635 καί
999 1593 1170 1648 Λιβύην
1200 1595 1273 1635 καί
1294 1594 1505 1637 Ἰουδαίαν

57 1658 130 1703 καί
152 1662 329 1716 Συρίαν,
359 1663 432 1703 καί
458 1659 594 1717 κύκλῳ
622 1661 763 1702 πᾶσαν
789 1657 944 1713 σχεδὸν
973 1658 1049 1714 τήν
1077 1660 1333 1714 οἰκουμένην.
1392 1657 1503 1701 οὕτω

154 1749 206 1783 16.
243 1740 318 1781 ἀπὸ
349 1748 397 1781 Μ.
510 1748 569 1781 λοι
602 1748 658 1781 οὔ.
684 1748 849 1780 Imitatur
878 1747 916 1779 in
942 1758 1043 1792 seqq.
1085 1746 1334 1791 Thucydidem
1360 1747 1434 1780 fere
1459 1746 1507 1779 a'd

149 1795 322 1834 verbum,
351 1804 471 1840 neque
506 1794 543 1826 in
595 1805 636 1827 ac
670 1793 785 1826 solum
822 1793 1054 1836 pestilentiae
1080 1793 1348 1839 descriptione,
1378 1794 1440 1826 sed
1466 1794 1506 1827 in

152 1841 240 1875 locis
266 1852 372 1886 quam
397 1841 587 1884 plurimis,
617 1845 657 1872 ut
682 1840 856 1881 exemplis
883 1839 1044 1872 ostendit
1067 1840 1281 1886 Spengelius
1308 1841 1346 1872 in
1368 1839 1506 1873 Seebo—

154 1888 206 1920 dii
233 1887 326 1921 Bibl.
352 1887 438 1920 Crit.
468 1898 498 1919 a.
531 1888 626 1930 1829.
653 1897 750 1919 num.
780 1889 834 1930 87.
861 1896 893 1929 p.
924 1886 1001 1930 384.

63 1951 162 1997 quod
192 1953 321 1989 sciret,
351 1949 504 1982 lenitate
540 1947 684 1980 facilius
718 1948 953 1981 conciliatum
982 1948 1027 1980 iri
1057 1949 1194 1987 filium,
1220 1948 1351 1980 Irenen
1376 1948 1506 1981 eoniu-

63 2010 161 2044 gem,
187 1998 264 2030 eius
292 2001 461 2036 matrem,
488 1994 614 2033 misit,
653 2006 671 2027 a
698 2005 768 2039 qua
798 2006 877 2027 cum
904 2000 1004 2038 patre
1033 1994 1071 2027 in
1098 1996 1249 2039 gratiam
1275 1995 1509 2029 reduceretur

63 2052 172 2090 atque
186 2043 230 2077 ab
251 2044 396 2088 incepto
425 2042 567 2074 nefario
594 2046 828 2074 revocaretur.
857 2042 922 2073 Illa
946 2041 1116 2085 adspectu
1145 2042 1222 2074 solo
1248 2042 1368 2074 omnia
1393 2044 1508 2076 offen-

64 2091 183 2124 dieula
216 2091 512 2135 suspicionesque
550 2088 722 2120 facillime
748 2087 905 2124 sustulit.
954 2089 1039 2120 Erat
1067 2090 1163 2121 enim
1190 2087 1324 2120 femina
1348 2099 1422 2121 non
1448 2100 1509 2121 so-

12 2157 14 2161 >
63 2139 138 2173 lum
174 2138 331 2183 prudens
373 2142 410 2169 et
440 2147 505 2167 usu
531 2145 738 2178 magnarum
765 2145 904 2174 rerum,
937 2145 1026 2179 quas
1060 2134 1105 2166 ad
1131 2134 1320 2167 arbitrium
1347 2145 1507 2168 commu-

66 2189 167 2224 taret,
193 2185 329 2229 perita,
354 2182 417 2217 sed
444 2186 481 2214 et
505 2182 617 2214 filium
634 2180 855 2214 Matthaeum
877 2187 959 2214 ante
974 2182 1065 2214 alios
1086 2182 1221 2215 liberos
1248 2182 1392 2215 amabat
1416 2184 1507 2227 ipsa,

66 2237 102 2265 et
119 2230 371 2264 redamabatur
392 2229 438 2262 ab
468 2239 510 2261 eo
535 2227 763 2260 mirabiliter.
790 2227 912 2271 Quare
929 2237 996 2259 nec
1023 2229 1128 2271 longa
1150 2229 1313 2262 oratione
1337 2228 1507 2272 indiguit,

67 2277 130 2311 sed
155 2277 264 2311 verbo
289 2282 432 2310 tantum
462 2274 669 2314 mandavit,
697 2273 834 2316 illeque
865 2274 1051 2308 mandanti
1083 2286 1215 2308 morem
1244 2275 1403 2319 perfecte
1431 2287 1508 2321 ges-

67 2325 124 2357 sit.
174 2324 316 2358 Deinde
343 2321 601 2356 discordiarum
627 2321 833 2354 auctoribus
863 2321 1062 2364 obiurgatis
1094 2333 1173 2354 cum
1201 2323 1308 2354 minis
1343 2323 1506 2367 gravissi-

67 2374 153 2411 mis,
179 2371 210 2404 si
247 2381 386 2404 rursum
415 2372 453 2403 in
489 2368 554 2400 tali
588 2368 742 2407 scelere,
781 2378 889 2412 quam
925 2373 1045 2401 essent
1077 2368 1226 2406 callidi,
1251 2368 1506 2410 ostenderent,

69 2418 184 2461 (erant
210 2417 306 2450 enim
332 2418 365 2450 ei
392 2414 704 2458 consanguinitate
727 2415 878 2458 iuncti,)
898 2419 935 2446 et
952 2415 1026 2448 filio
1056 2415 1101 2446 ad
1127 2416 1317 2458 pristinam
1342 2415 1509 2459 plenam-

71 2475 141 2509 que
167 2463 415 2498 obedientiam
444 2460 556 2506 patris
583 2460 749 2500 reducto,
775 2461 984 2503 Byzantium
1017 2472 1155 2495 reversa
1181 2467 1256 2502 est,
1293 2463 1355 2495 ubi
1394 2464 1506 2496 mini-

71 2521 167 2543 mum
200 2516 287 2543 natu
314 2509 557 2543 Andronicum
594 2507 804 2551 pestilentia
837 2507 1052 2541 exstinctum
1098 2510 1256 2552 reperit,
1293 2520 1386 2553 quae
1420 2515 1508 2542 tunc

73 2557 297 2602 grassabatur
334 2566 501 2602 quaeque
539 2565 559 2586 a
583 2553 723 2596 Scythis
753 2553 995 2598 Hyperboreis
1022 2554 1200 2599 incipiens
1217 2580 1225 2595 ‚
1251 2554 1361 2588 ferme
1383 2566 1506 2589 omnes

74 2614 154 2636 oras
179 2604 376 2637 maritimas
401 2601 560 2647 pervasit
594 2611 828 2645 magnamque
861 2600 1109 2645 indigenarum
1133 2607 1267 2644 partem
1297 2603 1506 2647 absumpsit.

71 2648 147 2684 Nec
174 2651 270 2683 enim
295 2651 442 2684 Pontum
470 2647 737 2687 tantummodo,
772 2646 986 2686 Thraciam,
1011 2647 1282 2690 Macedoniam,
1307 2649 1370 2682 sed
1399 2650 1508 2682 etiam

74 2694 281 2736 Helladem,
308 2697 472 2734 ltaliam,
506 2694 641 2727 insulas
676 2705 817 2734 omnes,
852 2694 1073 2737 Aegyptum,
1111 2694 1282 2737 Libyam,
1315 2695 1506 2734 Iudaeam,

75 2741 216 2785 Syriam
238 2747 276 2775 et
299 2742 422 2775 orbem
451 2742 524 2775 fere
552 2742 759 2788 uuiversum
794 2742 834 2775 in
853 2740 1005 2774 circuitu
1029 2752 1218 2786 permensa
1253 2753 1292 2776 ac
1319 2748 1509 2787 pervagata

126 2811 400 2864 Cancacuzenus
426 2811 492 2845 111.
678 2831 679 2834 κ
694 2803 706 2818 ’
975 2843 982 2850 ,
1223 2810 1244 2852 4
