1794 3158
304 119 423 186 444
812 138 1228 184 ANNoTAnoNEs

298 242 507 283 omnium:
551 255 632 282 non
673 241 762 282 ideo
806 242 904 283 falsa
942 242 1080 296 religio
1123 244 1199 284 erit
1237 260 1357 296 vera,
1388 246 1455 287 :iut
1486 260 1579 287 vera
1607 246 1738 296 falsa,

298 311 392 336 cum
423 298 572 338 donum
606 298 682 337 hoc
710 312 734 337 a
754 298 841 337 Deo
867 312 948 337 non
971 299 1212 340 concedatur
1245 315 1292 340 eo
1326 302 1505 350 consilio,
1535 310 1580 342 ut
1608 305 1737 342 errori

297 352 416 391 {idem
439 353 639 403 conciliet,
666 352 775 406 quod
805 355 1016 407 praecipue
1047 355 1140 394 inde
1174 356 1422 411 colligimus,
1465 359 1559 410 quia
1599 357 1735 397 multis

297 407 440 446 seculis
471 416 687 460 antequam
716 406 891 460 Calvini,
914 417 983 448 aut
1005 409 1190 462 Lutheri‚
1217 420 1288 451 aut
1318 413 1493 452 Wicleffi
1517 420 1623 452 secta
1659 427 1733 451 na-

295 467 484 512 sceretur,
515 463 665 501 donum
696 462 772 502 hoc
804 478 1035 504 concessum
1071 465 1146 504 fuit
1174 468 1351 520 regibus,
1387 482 1489 521 quos
1520 467 1743 507 catholicae

295 524 336 555 et
356 518 561 556 Romanae
588 517 776 558 ecclesiae
807 520 1113 559 studiosissimos
1141 528 1181 560 et
1203 523 1571 562 observantissimos
1599 523 1735 571 fuisse,

294 585 347 610 ne
383 573 455 626 ipsi
482 572 658 625 quidem,
683 575 754 627 qui
777 589 800 613 a
823 589 918 614 vera
941 575 1103 615 ecclesia
1135 576 1328 626 defecere,
1364 578 1529 617 inficiari
1551 586 1734 632 possunt.

293 626 389 676 Quo
414 628 536 681 igitur
563 628 641 667 fine
664 628 774 669 Deus
802 629 899 669 olim
922 631 1081 684 regibus
1107 632 1313 672 catholicis
1351 633 1503 673 donum
1529 633 1604 672 hoc
1636 647 1734 672 con-

294 683 426 734 cessit,
461 683 602 722 eodem
623 683 742 723 durat
768 685 914 734 adhuc,
946 689 978 725 si
1019 686 1139 726 durat
1168 688 1275 741 apud
1308 687 1550 735 haereticos,
1588 699 1740 741 nempe

291 743 339 775 ut
364 738 406 776 in
435 738 673 778 miserorum
702 739 890 779 solatium
916 747 956 780 et
986 741 1206 781 subsidium
1236 743 1377 782 cedat:
1419 744 1515 797 quid
1543 745 1574 782 si
1610 744 1649 783 in
1677 751 1743 783 te-

294 793 530 832 stimonium
562 807 682 833 verae
709 802 749 834 et
776 795 995 835 catholicae
1014 796 1229 848 religionis,
1259 800 1316 837 ita
1336 806 1383 838 ut
1410 799 1561 837 inimici
1593 801 1736 845 nostri,

291 845 384 886 licet
416 847 595 888 nolentes
635 856 674 888 et
704 850 848 901 inviti,
894 865 967 904 pro
1005 851 1123 891 nobis
1161 854 1433 893 testimonium
1471 854 1640 893 dicant?
1695 855 1739 893 Si

292 904 399 940 enim
427 905 468 942 in
503 917 594 942 eum
621 904 743 944 finem
775 905 872 945 olim
900 907 1011 945 Deus
1046 906 1197 946 donum
1226 908 1303 947 hoc
1335 910 1494 963 regibus
1528 910 1672 962 pietate
1699 917 1740 949 et

291 956 512 998 catholicae
540 958 729 999 ecclesiae
757 961 890 1000 studio
918 961 1251 1002 excellentissimis
1279 963 1443 1017 largitus
1473 972 1559 1014 est,
1599 966 1745 1018 utique

290 1012 432 1052 eodem
460 1014 539 1053 fine
565 1013 643 1053 hoc
668 1016 790 1054 etiam
816 1030 916 1056 aevo
946 1017 1054 1069 apud
1081 1031 1163 1057 non
1195 1018 1424 1069 catholicos,
1451 1019 1741 1072 catholicorum

287 1073 423 1107 tamen
454 1069 496 1107 in
524 1068 624 1108 solio
654 1084 914 1119 successores,
938 1080 1193 1124 perseverat:
1228 1088 1359 1127 neque
1391 1075 1498 1113 enim
1527 1075 1647 1113 finem
1662 1078 1738 1114 mi-

287 1123 415 1162 raculi
445 1131 575 1163 mutat
601 1125 713 1164 Deus
732 1155 742 1173 ,
778 1134 825 1165 ut
858 1127 968 1180 quod
1005 1134 1123 1167 antea
1156 1136 1241 1168 erat
1268 1143 1342 1182 pro
1376 1130 1610 1169 stabilienda
1643 1129 1739 1179 fide,

286 1179 338 1217 sit
368 1186 505 1231 postea
529 1193 604 1232 pro
628 1181 821 1233 perfidia3
850 1189 896 1221 ut
927 1183 1098 1235 proinde
1136 1183 1211 1237 ipsi
1242 1199 1313 1223 sua
1345 1185 1479 1224 vineta
1502 1184 1670 1224 caedant
1699 1193 1739 1225 et

287 1233 480 1274 adversus
516 1248 557 1273 se
583 1237 857 1276 testimonium
881 1237 1025 1286 ferant,
1056 1252 1148 1277 cum
1173 1239 1269 1278 talia
1302 1253 1424 1292 opera
1447 1240 1614 1291 faciunt,
1643 1242 1737 1293 qui-

286 1287 364 1328 hus
380 1289 612 1343 religionem
633 1293 829 1330 maiorum
843 1306 1023 1343 suorum,
1044 1308 1164 1345 quam
1186 1302 1465 1348 aspernantur,
1483 1295 1737 1337 confirmant.

287 1343 474 1392 Verum,
499 1351 547 1383 ut
578 1346 685 1385 intra
719 1346 866 1386 lineam
898 1362 970 1386 nos
1002 1350 1268 1402 recipiamus,
1307 1350 1491 1390 absimile
1522 1365 1619 1390 vero
1657 1365 1739 1390 non

288 1406 348 1438 est
365 1429 377 1450 ,
409 1399 494 1438 fieri
520 1400 747 1452 interdum,
779 1404 936 1442 tametsi
967 1417 1059 1442 raro
1076 1433 1087 1454 ,
1120 1411 1166 1443 ut
1195 1419 1218 1443 a
1246 1412 1354 1444 recta
1395 1405 1586 1459 religione
1614 1405 1745 1445 alieni

287 1467 411 1508 opera
435 1455 632 1508 quaedam
669 1470 791 1510 supra
828 1465 995 1497 naturae
1027 1460 1132 1499 vires
1158 1459 1301 1509 edant,
1335 1459 1400 1499 vel
1441 1468 1637 1512 potestate
1672 1475 1738 1500 ac-

287 1517 403 1562 cepta
430 1510 482 1549 ab
503 1509 650 1561 officio,
679 1526 749 1571 per
778 1514 1064 1552 successionem
1086 1521 1155 1553 aut
1183 1514 1416 1554 electionem
1435 1515 1608 1569 legitime
1631 1530 1740 1555 com-

286 1572 459 1618 parato,
496 1566 561 1604 cui
586 1566 697 1606 Deus
738 1570 907 1620 gratiam
956 1568 1134 1622 aliquam
1172 1570 1409 1619 contulerit,
1450 1571 1515 1610 vel
1544 1572 1735 1624 peculiari

286 1627 391 1659 nutu
416 1621 509 1670 Dei,
543 1620 757 1661 dividentis
779 1623 884 1662 dona
914 1638 1000 1674 sua,
1024 1632 1145 1677 prout
1176 1624 1266 1664 vult
1291 1633 1330 1664 et
1354 1625 1500 1678 quibus
1525 1626 1639 1666 vult:
1669 1627 1740 1680 qui

286 1688 494 1728 nunquam
525 1682 659 1715 tamen
691 1678 748 1716 ita
781 1678 955 1728 dividit,
987 1687 1033 1717 ut
1065 1694 1136 1733 per
1166 1694 1211 1719 ea
1240 1694 1389 1733 pravae
1417 1680 1622 1721 doctrinae
1652 1685 1738 1722 vim

286 1730 493 1783 roburque
520 1730 643 1770 addat
661 1762 673 1783 ,
716 1740 788 1772 aut
834 1733 927 1772 addi
966 1734 1098 1774 velit:
1156 1742 1195 1774 et
1223 1737 1256 1774 si
1297 1737 1386 1788 quis
1414 1735 1638 1776 haereticus
1667 1745 1739 1777 aut

286 1785 560 1825 schismaticus
588 1786 738 1827 diceret
756 1817 769 1837 ,
818 1787 970 1827 donum
997 1789 1168 1829 faciendi
1209 1790 1401 1830 miracula
1430 1792 1507 1830 sibi
1546 1792 1741 1832 divlnitus

284 1841 470 1894 obtigisse
487 1841 539 1880 ad
558 1840 765 1882 haereseos
792 1851 863 1882 aut
888 1844 1111 1886 schismatis
1135 1845 1195 1884 sui
1223 1846 1582 1898 confirmationem,
1611 1848 1738 1901 (quod-

285 1895 545 1936 Calvinianus
575 1897 762 1937 Toocker
796 1899 847 1937 de
871 1899 1109 1939 charismate
1147 1901 1214 1939 illo
1243 1902 1410 1940 curandi
1431 1910 1604 1942 strumas
1639 1903 1739 1941 ridi-

285 1951 376 1991 cule
406 1951 529 2002 di-cit,)
574 1953 607 1991 is
640 1952 769 2005 nulli,
801 1955 877 1993 nisi
907 1955 1134 2008 improvido
1170 1963 1209 1994 et
1234 1957 1553 2007 inconsiderato,
1587 1960 1736 1998 erroris

285 2006 500 2046 discrimen
529 2016 715 2047 crearet:
749 2023 843 2048 nam
874 2010 904 2048 si
935 2011 1024 2063 quis
1054 2018 1226 2049 mentem
1260 2011 1322 2051 vel
1353 2012 1564 2064 paululum
1591 2013 1738 2052 adver-

284 2069 345 2101 tat
386 2075 550 2114 remque
580 2065 804 2103 accuratius
839 2078 974 2104 secum
1004 2066 1250 2119 perpendat,
1281 2081 1437 2119 semper
1466 2068 1739 2121 deprehendet

284 2116 516 2157 huiusmodi
539 2118 829 2158 miraculorum
860 2119 1108 2160 effectionem
1135 2121 1185 2160 ad
1214 2120 1338 2160 alium
1363 2123 1495 2172 finem,
1527 2137 1650 2176 quam
1674 2130 1737 2162 ta-

284 2172 333 2212 lis
362 2172 478 2222 ferat,
510 2172 674 2212 referri:
705 2182 775 2213 aut
808 2176 842 2214 si
867 2176 1121 2218 mendacium
1157 2177 1376 2216 abstrusius
1412 2185 1496 2228 est,
1535 2190 1657 2232 quam
1687 2185 1735 2218 ut

284 2227 391 2267 facili
420 2227 582 2280 negotio
606 2228 657 2268 ad
690 2229 774 2269 eius
808 2230 956 2270 cubilia
979 2233 1177 2285 perveniri
1211 2239 1346 2285 queat,
1386 2232 1437 2271 ad
1462 2247 1599 2286 preces
1633 2248 1733 2272 con-

285 2282 519 2336 fugiendum
554 2284 643 2331 erit,
676 2285 927 2338 petendaque
953 2286 1020 2326 lux
1048 2302 1071 2326 a
1094 2288 1207 2337 Deo,
1238 2301 1288 2325 ne
1318 2288 1586 2339 impostorum
1617 2288 1732 2328 falla-

284 2339 355 2378 ciis
375 2338 749 2381 circumveniamur.
807 2341 901 2391 Quo
928 2356 1024 2381 casu
1070 2342 1229 2381 divinae
1271 2342 1558 2395 providentiae·
1585 2353 1734 2382 munus

285 2400 357 2442 est,
391 2400 436 2431 ut
465 2399 570 2431 recte
593 2393 710 2432 docet
732 2394 972 2436 Franciscus
998 2398 1178 2447 Soaretz,
1211 2411 1292 2436 non
1317 2399 1564 2450 permittere,
1594 2406 1638 2438 ut
1661 2401 1732 2452 qui

284 2448 338 2488 ad
376 2447 484 2486 hunc
521 2448 687 2487 modum
728 2463 770 2489 se
800 2464 971 2504 suasque
1010 2455 1183 2492 rationes
1220 2454 1455 2504 componit,
1494 2453 1728 2506 decipiatur,

283 2504 391 2557 Lege
419 2503 668 2542 Soaretzium
697 2510 796 2543 tom.
834 2520 872 2548 2.
906 2508 947 2545 in
976 2508 1014 2548 5.
1041 2516 1142 2561 part.
1182 2508 1266 2548 divi
1295 2507 1478 2547 Thomae
1500 2538 1512 2557 ,
1541 2508 1640 2561 disp.
1661 2509 1730 2548 δι’.

284 2565 378 2598 sect.
400 2573 440 2597 2.
479 2558 554 2597 sub
579 2559 713 2602 finem.
770 2559 939 2600 Nullum
967 2576 1062 2616 ergo
1082 2593 1094 2614 ,
1123 2564 1228 2602 dicet
1266 2562 1435 2616 aliquis,
1465 2563 1515 2602 ad
1548 2563 1727 2616 proban-

284 2613 375 2653 dam
399 2627 536 2652 veram
573 2613 796 2653 doctrinam
836 2630 881 2654 ex
928 2620 1031 2657 veris
1078 2618 1278 2657 miraculis
1315 2626 1594 2671 argumentum
1624 2620 1728 2659 sumi

285 2676 426 2722 potest.
483 2668 570 2708 Non
594 2669 774 2722 sequitur
809 2674 977 2711 omnino
1016 2673 1203 2724 nullum,
1242 2673 1309 2712 sed
1339 2688 1418 2712 non
1451 2675 1614 2713 omnino
1654 2687 1727 2712 ne-

284 2725 499 2764 cessarium
522 2726 625 2765 sumi
655 2739 793 2779 posse,
836 2728 967 2780 inquit
997 2728 1165 2768 Ioannes
1204 2728 1459 2769 Maldonatus
1495 2732 1538 2768 in
1573 2743 1658 2784 cap.
1681 2728 1723 2768 8⁸
