1794 3158
405 138 478 179 AD
515 137 888 181 CANTAcUzEm
927 141 1024 180 Lm.
1062 142 1132 182 iv.
1372 124 1487 199 559

0 245 11 278 t
53 239 260 281 aeclesiam
281 238 526 291 diviserant,
554 240 620 290 (ut
649 239 830 279 fecerunt
857 239 1096 280 schismatici
1117 239 1283 290 Graeci,
1304 246 1316 293 )
1347 252 1385 282 et
1411 258 1499 284 cum

0 307 10 335 ι
55 309 129 346 oa,
162 295 276 349 quasi
313 294 501 334 simulata
523 295 674 334 iustitia
692 325 704 345 ‚
729 305 921 336 conantur
943 305 1037 336 ante
1066 306 1218 352 tempus
1242 311 1270 336 a
1292 299 1413 353 palea
1436 315 1501 339 se-

0 370 13 382 ι1
48 351 198 406 parari
217 347 483 402 aest-amenta
505 351 720 403 elias-falsis
744 352 1092 391 criminationibus
1116 354 1373 404 insectantur,
1403 355 1501 394 dum

0 425 11 439 -
54 405 135 460 ipsi
169 405 220 444 ab
253 419 302 444 ea
334 406 469 459 potius
487 434 499 454 ‚
531 414 723 460 tanquam
759 405 960 446 levissima
989 407 1114 462 palea
1144 409 1270 449 variis
1296 422 1502 450 rumorum

0 480 12 491 ·
38 459 210 518 flatibus
228 461 413 515 separati
427 470 529 503 sunt.
586 474 772 501 GRETSER.

169 515 275 568 Pag.
299 515 389 567 106,
411 529 443 554 ι.
472 518 714 556 thronum
745 516 933 556 annis*
961 525 1228 560 tenuerat.
1259 521 1423 560 Lacuna
1441 522 1500 561 e'st

53 569 96 609 in
126 571 308 622 Graeco,
341 569 500 624 longior
517 601 528 619 ‚
551 585 674 625 quam
702 586 803 626 opus
833 570 1031 613 videatur.
1086 573 1188 613 Nam
1226 575 1332 628 quod
1363 578 1497 629 sequi·

50 631 150 675 tur,
197 625 470 677 ἐπιδιατρίψας
507 627 614 681 [cod.
649 628 706 668 M.
742 626 1028 678 ἐνδιαπρέψας
1048 658 1060 680 ,
1099 637 1145 668 ut
1173 630 1244 684 P.]
1269 660 1280 682 ‚
1327 632 1503 671 declarat

51 680 156 720 nihil
183 683 374 720 omissum
397 711 409 732 ‚
439 689 598 735 praeter
629 697 828 722 annorum
855 697 1069 722 numerum
1086 713 1098 734 ,
1139 685 1286 738 quibus
1323 687 1503 727 Isidorus

49 736 281 790 patriarcha
309 736 442 776 sedem
476 738 740 791 Byzantinam
768 738 952 778 obtinuit.
982 753 1158 783 PONTAN.

163 792 271 844 Pag.
295 791 385 843 106,
402 793 466 832 23.
495 793 540 831 ἐκ
577 791 770 848 πατρῴου
803 790 974 845 κλήρου.
1043 795 1277 848 Legendum
1315 804 1415 851 puto
1455 796 1501 837 ἐκ

49 843 245 900 μητρῴου
274 841 453 899 κλήρους
472 847 548 886 fuit
577 849 682 887 enim
705 848 869 887 Martha
895 848 994 887 haec
1023 862 1138 890 soror
1155 851 1364 892 Michaelis
1382 853 1502 907 primi

47 900 302 955 Palaeologi‚
334 903 500 955 proavia
530 902 798 943 Cantacuzeni
826 911 1021 943 materna.
1049 919 1226 946 rouun-

162 957 265 1010 Pag.
288 971 376 1011 107,
395 958 459 998 23.
485 958 572 998 Ma
584 973 685 1013 nga
699 961 881 1002 nicam.
936 960 1126 1014 Mangani
1156 975 1321 1015 campus
1351 970 1409 1003 est
1434 978 1502 1003 ex-

0 1032 8 1046 ·
50 1017 114 1051 tra
135 1010 398 1067 Byzantium,
422 1014 462 1052 in
491 1028 572 1068 quo
602 1016 889 1054 monasterium
919 1015 1020 1054 istuc
1051 1016 1278 1056 aedificavit
1305 1018 1502 1059 Constan-

49 1068 160 1107 tinus
192 1068 484 1109 Monomachus
502 1099 514 1120 ‚
545 1071 753 1110 occasione
778 1084 924 1124 parum
945 1068 1167 1125 laudabili,
1221 1073 1270 1112 de
1298 1088 1378 1128 qua
1408 1075 1501 1115 vide

51 1123 252 1163 Zonaram
281 1123 417 1163 annal.
434 1125 474 1164 3.
502 1139 676 1167 ponus.

160 1179 265 1232 Pag.
286 1178 376 1231 108,
405 1180 464 1222 16.
501 1181 683 1221 altero
719 1181 886 1224 oculo.
955 1180 1090 1234 Vide,
1121 1181 1499 1238 Constantinopolin

51 1240 93 1274 et
109 1233 437 1274 Thessalonicam
456 1235 653 1286 Romani,
689 1237 799 1289 quod
827 1243 924 1275 tunc
955 1244 1062 1285 erat,
1093 1238 1248 1290 imperii
1279 1239 1380 1279 duos
1400 1254 1500 1279 ocu-

47 1289 110 1329 los
152 1289 347 1343 appellat3
386 1290 456 1333 lib.
498 1292 538 1331 5.
570 1306 656 1346 cap.
679 1294 749 1345 93.
792 1291 842 1331 de
866 1291 1004 1331 eadem
1032 1292 1345 1333 Thessalonica:
1385 1292 1496 1344 μετὰ

50 1340 130 1397 τήν
154 1340 339 1398 μεγάλην
360 1342 586 1396 Ῥωμαίοις
613 1343 757 1400 πρώτη
786 1343 929 1397 πόλις,
951 1356 1045 1401 post
1071 1361 1265 1401 magnam
1300 1349 1498 1400 (subaudi

49 1399 470 1455 Constantinopolim)
493 1403 636 1456 prima
664 1402 768 1441 urbs.
799 1415 977 1441 romum.

161 1456 266 1509 Pag.
294 1456 471 1506 120‚18.
508 1471 605 1497 non
643 1458 780 1496 enim
819 1466 919 1496 tam
963 1470 1088 1504 arx,
1138 1472 1285 1513 qnam
1322 1474 1499 1515 parva

47 1510 172 1551 urbs
197 1511 254 1550 in
298 1525 413 1564 mag
430 1525 506 1551 na.
562 1514 717 1552 Graece
737 1512 941 1562 festivius,
971 1519 1138 1565 propter
1169 1513 1498 1567 παρωνομασίαν

0 1590 6 1599 ·
47 1566 269 1606 nimirum:
323 1563 373 1605 οὖ
399 1563 482 1619 γὰρ
512 1565 736 1622 ἀκρόπολις
772 1559 850 1620 ἦν,
878 1566 966 1607 ἀλλ’
988 1562 1128 1621 ὥσπερ
1162 1567 1410 1624 μικρόπολις
1445 1564 1499 1624 ἦν

0 1637 6 1662 ε
47 1619 94 1661 ἐν
119 1617 294 1676 μεγάλῃ.
326 1634 503 1661 romum.

158 1677 269 1730 Pag.
292 1690 382 1728 129,
405 1674 468 1727 14.
510 1673 585 1716 καὶ
622 1672 739 1728 ἔχετο
769 1673 798 1728 ἦ
834 1671 950 1724 πόλις
979 1677 1102 1717 τοῦτο
1125 1674 1174 1731 δὴ
1207 1674 1498 1732 τὸλεγόμενον

0 1747 5 1772 ;
49 1730 276 1784 κατάκρας.
332 1732 443 1785 Ergo
471 1729 704 1785 κατάκρας,
733 1732 811 1772 hoc
840 1733 1035 1784 verbum,
1064 1734 1257 1788 inquam,
1285 1737 1497 1790 proverbi-

0 1813 5 1823 ›
47 1787 111 1827 ale
140 1794 213 1827 est.
245 1800 421 1829 PONTAN.

157 1844 262 1895 Pag.
290 1841 379 1890 156,
400 1855 460 1889 10,
490 1842 554 1882 de
584 1843 735 1882 collo
770 1856 960 1882 sacras
987 1843 1283 1898 reliquias,
1312 1845 1497 1886 Observa

45 1899 160 1953 pium
195 1911 375 1945 morem,
412 1898 527 1937 cuius
556 1898 783 1952 exemplum
811 1899 933 1937 etiam
960 1913 1080 1952 supra
1100 1898 1293 1940 habuisti.
1323 1915 1498 1942 rouun-

0 1988 1 1994 ,
158 1953 433 2006 Pag.137‚9.
462 1953 585 1992 alia
632 1953 906 2009 oppidula
950 1955 1228 2008 complura
1276 1958 1497 2012 cepisse.

0 2038 2 2043 >
47 2007 147 2048 Post
173 2008 271 2047 haec
299 2007 422 2047 verba
451 2015 510 2047 est
539 2009 579 2047 in
597 2009 734 2049 codice
753 2009 907 2048 Graeco
932 2008 1076 2048 lacuna
1097 2024 1223 2062 paene
1248 2013 1370 2052 unius
1401 2026 1495 2052 ver-

0 2089 6 2106 ,-
48 2077 128 2105 suS.
184 2063 386 2103 Videntur
413 2069 546 2102 tamen
575 2064 700 2103 verba
726 2065 934 2118 sequentia
962 2058 1230 2120 ἀνεθάρσησέ
1251 2080 1297 2106 τε
1326 2075 1401 2108 etc.
1424 2082 1496 2107 co-

46 2117 214 2159 haerere
241 2133 335 2158 cum
361 2119 645 2171 superioribus.
674 2134 850 2160 Ponun-

158 2176 267 2227 Pag.
287 2174 430 2228 173‚6.
458 2174 529 2213 ad
554 2175 761 2218 bellum.
819 2175 906 2214 Non
937 2182 1071 2216 extant
1101 2175 1200 2216 haec
1227 2176 1373 2230 scripta
1395 2179 1495 2217 Gre-

47 2243 181 2283 gorae,
211 2237 250 2269 et
270 2230 591 2269 Cantacuzenum
616 2229 733 2270 valde
764 2238 1080 2278 commoverunt,
1104 2238 1151 2270 ut
1176 2245 1239 2271 res
1271 2246 1363 2271 suas
1395 2234 1492 2287 ipse,

45 2291 186 2339 utpote
207 2285 340 2325 verius
358 2314 369 2331 ‚
399 2285 594 2325 sincerius
624 2285 942 2339 exploratiusque
973 2286 1180 2326 scriberet.
1210 2301 1382 2328 rom-Au.

158 2341 261 2392 Pag.
283 2338 373 2394 174,
394 2353 459 2379 21·
488 2340 823 2381 lamentans.
877 2343 1003 2395 Legat
1042 2343 1114 2395 qui
1153 2341 1358 2392 voluerit3
1389 2349 1496 2383 extat

46 2394 154 2435 enim
184 2395 253 2438 lib.
288 2409 346 2437 10.
390 2395 473 2434 Nos
509 2409 606 2434 vero
639 2397 831 2436 victorias
874 2405 1102 2438 cantaturos
1148 2406 1187 2437 et
1216 2397 1377 2437 lausizcm
1406 2413 1495 2453 spe-

45 2452 205 2491 ceacula
222 2450 480 2490 sacratis-simi
506 2451 754 2505 imperatoris
774 2459 850 2492 etc.
878 2466 1053 2492 romunt.

158 2508 263 2558 Pag.
288 2505 454 2560 175‚15.
490 2514 678 2546 tomum
706 2508 799 2547 sub
826 2522 896 2547 me
926 2508 1253 2559 consectum.
1292 2506 1370 2547 Vel
1399 2507 1494 2549 hinc

49 2567 179 2614 patet,
198 2561 316 2602 huius
336 2559 524 2600 historiae
551 2570 756 2614 parentem
772 2563 1097 2603 Cantacuzenum
1116 2562 1360 2614 ipsissimum
1377 2577 1460 2603 esse
1480 2594 1493 2614 ‚

48 2629 142 2655 cum
170 2615 319 2657 oblitus
354 2617 414 2655 sui
463 2617 634 2669 primam
676 2632 885 2671 personam
928 2624 1074 2671 ponat,
1115 2616 1182 2654 sub
1212 2630 1302 2668 me,
1332 2618 1490 2672 inquit,

50 2670 92 2710 id
120 2678 204 2718 est,
232 2684 296 2709 me
326 2672 565 2724 imperatore
593 2687 639 2712 ac
669 2675 861 2727 praeside.
906 2673 1013 2711 Infra
1043 2685 1224 2718 rursum,
1257 2683 1321 2711 me
1340 2682 1488 2722 autem,

51 2733 130 2768 ete.
161 2725 371 2779 aliquoties
399 2740 468 2780 per
497 2734 626 2768 totum
653 2733 786 2783 caput.
841 2729 993 2768 Tamen
1014 2727 1054 2766 in
1084 2725 1163 2766 fine
1183 2727 1234 2766 ad
1262 2727 1489 2767 dissimula-
