1800 3164
352 141 461 214 342
899 163 1270 205 CANTACUZENI

142 272 232 307 A.C.
252 275 337 309 1355
352 267 463 318 λεύς,
498 263 651 315 αὗτούς
685 266 1158 320 παρασκευασαμένους,
1197 269 1282 313 τοῖς
1324 265 1368 306 ἐν
1395 266 1623 319 βασιλείοις
1654 267 1773 308 εἠιθὲ

312 337 456 379 Βσθαι
486 337 689 389 φρουροῖς
735 330 833 385 πρίν
871 332 1114 372 αἰσθέσθαι·
1170 330 1444 380 ἐξελάσαντας
1481 332 1528 372 δὲ
1561 330 1711 381 αὐτούς
1751 347 1774 372 τ

351 398 424 441 καί
448 397 547 447 τούς
575 394 726 445 ἄλλους
756 392 945 445 ἅπαντας
968 395 1145 448 ὁμοίως,
1178 394 1334 445 αὐτοὺς
1365 395 1411 438 τό
1445 394 1649 453 φρούριον
1677 397 1774 438 κατέ

350 481 444 520 χειν
472 463 545 505 καί
574 462 814 515 ἀμύνεσθαι
842 461 937 511 τούς
966 459 1168 515 ἐπιόντας,
1192 461 1290 511 τούς
1312 463 1466 511 παῖδας
1494 465 1701 515 βασιλέως
1721 462 1775 515 μό

350 547 421 573 νον
466 529 584 571 ἔνδον
622 530 696 570 καί
731 526 914 583 γαμετὴν
949 526 1024 583 τήν
1061 529 1261 581 βασιλίδα
1311 526 1612 583 κατασχόντας.
1667 524 1720 570 ἂν
1762 531 1776 569 ι’

350 594 446 652 ε’πίῃ
473 594 672 648 βασιλεὺς
712 589 855 642 αὐτοῖς
883 596 956 635 καί
985 594 1131 651 κελεύῃ
1161 599 1449 649 προσχωρεῖν,
1494 593 1644 649 ὅρκους
1671 594 1777 635 α’παι

349 667 436 702 τεῖν
465 659 608 713 αὐτὸν,
639 654 667 714 ἦ
683 658 768 715 μὴν
797 658 950 709 αὐτούς
976 675 1021 702 τε
1045 658 1103 715 μὴ
1128 659 1376 712 ἀμύνασθαι
1395 662 1471 715 τῆς
1489 659 1642 716 τόλμης
1668 662 1778 702 ἓνεκο

352 727 446 767 ἀλλ’
471 727 652 774 α’παθεΐς
680 727 818 767 κακῶν
857 728 1098 782 διατηρεῖν,
1143 724 1216 767 καί
1246 727 1418 780 προσέτι
1443 725 1644 782 χρήματα
1673 728 1778 780 παρέ

351 808 445 847 χειν
487 790 562 834 καὶ
592 794 828 834 Ματθαῖον
857 793 1036 845 βασιλέα
1076 790 1151 835 τὸν
1177 789 1375 846 γυναικὸς
1405 791 1594 848 α’δελφόν
1633 792 1779 847 α’φιένο

351 860 428 899 τοῦ
473 858 762 912 δεσμωτηρίου
810 856 884 898 καί
932 860 1005 910 τῆς
1050 857 1204 905 πόλεως
1241 853 1470 912 Ἀδριανοῦ
1496 855 1675 899 καὶτῶν
1703 871 1779 911 περ

217 932 340 977 V.715
357 921 487 978 αὐτὴν
519 923 745 976 πολιχνίων
762 923 1003 976 ἐπιτρέπειν.
1023 923 1098 976 τὴν
1130 920 1278 978 ἀρχήν.
1313 924 1353 964 εἰ
1374 923 1420 965 δὲ
1446 921 1506 978 μὴ
1539 922 1645 978 πρὸς
1665 921 1780 965 πάντ.

268 1042 272 1047 ,
315 1000 342 1034 C
354 987 555 1044 βασιλεῦς
585 987 762 1042 ὑπείκοι,
795 990 902 1044 μηδὲ
939 991 1157 1040 πείθοιτο,
1199 988 1413 1042 α’πειλεῖν,
1452 987 1510 1037 ὥς
1537 986 1780 1031 οἷποκτενοῧο

356 1056 512 1103 παῖδας
552 1056 626 1095 καί
658 1060 853 1108 γυναῖκα.
913 1052 1042 1096 αὐτὸν
1082 1054 1127 1095 δὲ
1163 1059 1248 1102 τοῖς
1287 1050 1430 1104 ὅπλοις
1466 1052 1526 1109 μή
1574 1051 1780 1107 δυνάμενο

356 1123 676 1175 περιγενέσθαι,
707 1118 974 1175 προήσεσθαι
1005 1117 1138 1161 πάντα
1166 1119 1234 1160 ὑπ’
1264 1116 1444 1174 οἷνάγκης
1480 1121 1555 1175 τῆς
1596 1120 1677 1162 τῶν
1708 1135 1781 1160 παι

357 1189 443 1228 δων
470 1185 684 1242 σωτηρίας
716 1187 852 1228 ἕνεκα.
906 1188 1080 1227 τοιαῦτα
1110 1186 1188 1238 μὲν
1217 1189 1302 1234 τοῖς
1333 1183 1585 1238 συνομόταις
1613 1182 1781 1231 ὖπετίθε

353 1251 546 1301 Ζειανός,
603 1250 707 1304 μετὰ
738 1249 891 1307 μικρὸν
919 1252 966 1292 δὲ
992 1252 1065 1305 τῆς
1090 1252 1315 1305 ἐπιβουλῆς
1342 1254 1600 1307 μηνυθείσης
1625 1254 1782 1305 βασιλεὰ

354 1315 690 1372 συνελαμβάνετό
720 1332 764 1358 τε
791 1317 864 1358 καί
890 1318 1121 1372 α’νεκρίνετο
1136 1351 1148 1370 ,
1178 1318 1217 1359 εἰ
1252 1315 1429 1366 πολλοὺς
1457 1315 1547 1370 ἔχοι
1579 1315 1679 1367 τοὺς
1704 1333 1782 1360 συν

355 1380 538 1431 ειδότας.
594 1380 616 1422 ὅ
648 1383 694 1424 δὲ
729 1377 883 1431 ἄλλους
910 1385 957 1424 τέ
984 1398 1099 1431 τινας
1128 1380 1414 1436 συνωμολόγει
1454 1385 1529 1424 καί
1557 1386 1782 1425 Καντακου

356 1445 480 1502 ζηνὴν
506 1446 581 1502 τήν
608 1449 807 1500 βασιλίδα
825 1480 837 1501 ,
866 1446 938 1489 καί
960 1447 1144 1503 ἔφασκεν
1174 1449 1234 1496 εἰς
1263 1450 1387 1489 τοῦτο
1427 1447 1498 1489 ὑπ’
1528 1449 1685 1503 ἐκείνης
1709 1450 1782 1491 ε’να

353 1513 515 1568 χθῆναι
541 1513 703 1568 μεγάλα
733 1515 1097 1569 ἐπαγγειλαμένης·
1151 1515 1258 1568 μηδὲ
1288 1512 1368 1568 γάρ
1400 1509 1452 1555 ἂν
1467 1516 1532 1570 ἐφ’
1559 1511 1713 1556 ἑαυτὸν
1731 1531 1783 1570 τη

357 1575 563 1627 λικούτοις
591 1580 816 1635 ἐγχειρεῖν,
861 1578 1044 1636 ἀφανείᾳ
1084 1581 1216 1635 πολλῇ
1245 1580 1432 1630 συζῶντα
1462 1582 1534 1622 καί
1560 1579 1707 1638 πενίᾳ,
1745 1597 1784 1632 μ.

310 1653 463 1693 Βτινος
490 1643 591 1700 πρὸς
622 1644 673 1686 τὰ
703 1647 878 1687 τοιαῦτα
908 1642 1116 1700 ἆξιόχρεω
1158 1643 1505 1699 συμπράττοντος.
1559 1649 1734 1700 βασιλεῖ
1758 1647 1783 1687 δ

355 1708 491 1759 εὐθύς
536 1709 668 1752 ἐδόκει
713 1706 970 1764 ἑκατέρωθεν
1013 1710 1160 1752 δεινόν.
1220 1709 1328 1762 τό,τε
1367 1710 1448 1766 γὰρ
1491 1711 1563 1752 ἐπὶ
1602 1709 1782 1754 τοιούτοι

356 1777 665 1830 διαβεβλῆσθαι
695 1778 923 1830 βασιλίδα,
962 1777 1002 1817 εἰ
1027 1778 1234 1833 συνειδείη
1263 1778 1395 1832 μηδὲν
1423 1779 1565 1828 αὐτοῖς
1593 1776 1698 1834 πρὸς
1728 1775 1784 1834 rr}-

454 1877 480 1899 1.
505 1865 751 1899 ἐπιτίθεσθαι
778 1866 811 1898 Ρ.
911 1878 963 1911 ¹7·
990 1865 1067 1910 ἔχει
1091 1866 1137 1898 Μ.
1238 1879 1291 1901 21.
1318 1865 1465 1912 α’φανίᾳ
1493 1868 1527 1902 Ρ.

354 1945 448 1977 tium
474 1944 671 1989 imperator
693 1949 916 1986 versaretur,
952 1946 1022 1989 ipsi
1047 1946 1161 1989 parati
1195 1947 1231 1978 in
1258 1946 1425 1980 custodes
1457 1947 1582 1991 palatii
1608 1949 1786 1992 derepent·

354 1991 554 2025 irruerent:
581 1991 714 2036 quibus
745 1998 780 2025 et
804 1993 886 2025 aliis
911 1993 1079 2026 omnibus
1106 1993 1266 2035 expulsis
1283 2019 1292 2033 ,
1316 2005 1433 2038 aeque
1459 1995 1625 2028 custodes
1659 1999 1787 2039 ager'eu

357 2037 661 2084 adversantesque
686 2039 927 2083 repellerent,
954 2041 1181 2083 imperatoris
1210 2045 1348 2072 tantum
1376 2041 1470 2074 filios
1509 2046 1546 2074 et
1575 2053 1721 2076 uxorem
1745 2043 1785 2076 in

353 2087 413 2115 tus
443 2085 653 2118 retinentes.
703 2084 741 2118 Si
765 2087 963 2131 imperator
991 2097 1052 2119 eos
1078 2086 1330 2130 aggrederetur
1367 2091 1403 2119 et
1428 2087 1654 2122 deditionem
1678 2093 1787 2134 postu*

354 2129 463 2170 laret,
489 2135 567 2163 tum
590 2131 836 2166 iuramentum
874 2132 920 2165 ab
948 2144 991 2166 eo
1019 2137 1207 2177 peterent,
1244 2132 1413 2166 facinoris
1435 2133 1543 2166 huius
1569 2146 1704 2179 poenas
1730 2143 1788 2168 nm

355 2182 567 2210 exacturum
601 2182 638 2210 et
662 2179 851 2220 pecuniam
876 2179 1025 2223 insuper
1052 2185 1324 2213 numeraturum
1359 2180 1686 2228 Matthaeumque,
1715 2191 1787 2218 uxo

354 2222 404 2256 ris
429 2233 514 2256 suae
539 2234 768 2268 germanum,
796 2236 935 2259 carcere
961 2227 1163 2260 levaturum
1192 2231 1228 2260 ct
1252 2226 1509 2272 Adrianopolis
1548 2229 1789 2265 finitimorum

356 2279 429 2313 que
454 2268 713 2313 oppidulorum
737 2273 980 2316 principatum
1006 2274 1040 2306 ei
1065 2284 1329 2310 concessurum.
1379 2275 1417 2308 Si
1442 2276 1639 2319 imperator
1672 2275 1717 2308 de
1738 2264 1790 2320 pd

355 2314 500 2348 stulatis
525 2322 708 2350 recusaret
732 2319 886 2365 aliquid,
911 2330 1031 2366 neque
1057 2320 1337 2365 obsequeretur,
1364 2326 1407 2354 ut
1430 2325 1677 2362 minarentur,
1708 2321 1764 2354 lib

355 2371 416 2395 ros
442 2362 519 2399 eius
545 2367 582 2395 et
606 2373 754 2397 uxorem
780 2366 1058 2400 interfecturos:
1083 2367 1214 2410 ipsum,
1240 2367 1413 2411 quoniam
1439 2369 1547 2400 armis
1573 2367 1669 2401 nihil
1693 2373 1758 2413 pot

356 2408 418 2448 rit,
443 2408 553 2442 saluti
573 2408 784 2451 liberorum,
807 2413 1023 2447 necessitate
1049 2420 1210 2457 cogente,
1236 2415 1358 2447 omnia
1386 2416 1683 2459 postpositurum.
1707 2414 1771 2449 Har

357 2454 487 2488 Zianus
520 2455 717 2489 coniuratis
743 2460 964 2502 suggerebat.
1012 2461 1124 2494 Paulo
1158 2466 1241 2506 post
1265 2461 1409 2494 insidiis
1440 2461 1653 2506 compertis,
1688 2462 1773 2506 im'p‘

358 2507 458 2535 rator
482 2513 563 2535 eum
597 2503 891 2546 comprehendit,
924 2506 968 2538 de
1005 2507 1149 2541 sceleris
1174 2508 1231 2539 sui
1262 2508 1369 2540 sociis
1405 2510 1598 2542 examinat.
1664 2507 1734 2543 Ille

359 2548 450 2581 alios
475 2553 512 2582 et
545 2548 830 2582 Cantacuzenam
866 2553 1130 2596 imperatricem
1162 2555 1324 2587 nominat
1368 2560 1602 2600 autumatque
1621 2580 1630 2595 ‚
1664 2566 1768 2600 mag¹

359 2595 406 2628 ab
431 2605 473 2627 ea
498 2595 828 2639 pollicitationibus
856 2597 926 2630 huc
948 2600 1154 2633 inductum:
1191 2611 1257 2634 nec
1298 2602 1394 2634 enim
1419 2612 1484 2645 per
1510 2614 1548 2637 se
1573 2606 1710 2635 tantum
1764 2634 1767 2637 ,

359 2643 461 2675 cinus
485 2654 656 2675 ausurum
681 2642 817 2683 fuisse,
844 2643 1028 2678 hominem
1062 2647 1225 2679 infimum
1253 2652 1290 2680 et
1317 2653 1480 2692 egentem
1499 2674 1508 2688 ‚
1542 2648 1620 2681 sine
1651 2647 1742 2691 insig

359 2689 514 2722 alicuius
548 2700 655 2734 opera
694 2694 731 2724 et
764 2690 935 2732 impulsu.
986 2693 1194 2735 imperatori
1234 2706 1318 2727 mox
1352 2696 1525 2739 utrinque
1559 2704 1613 2728 res
1649 2693 1738 2727 dura

359 2741 463 2770 atrox
489 2746 670 2782 apparere.
718 2737 761 2771 In
784 2736 851 2771 tali
883 2737 1019 2782 quippe
1056 2749 1161 2773 causa
1189 2741 1380 2775 calumniis
1412 2742 1610 2787 appetitam
1641 2741 1757 2787 imper
