1800 3164
718 154 860 197 L113R1
901 156 973 195 lv.
1032 133 1036 137 ’
1545 152 1573 207 7

126 262 179 296 let
209 259 410 308 proficisci.
468 258 572 292 Duas
608 258 870 293 Galataeorum
904 257 1009 292 urbes
1045 257 1087 290 in
1110 255 1260 302 Scythia
1285 257 1495 292 Sulimanus
1518 267 1581 290 ex-

125 316 278 355 pugnat.
328 306 572 351 palaeologus
597 307 815 349 Byzantium
841 306 966 345 venit,
990 304 1152 352 populus
1175 305 1432 338 tumultuatur.
1482 303 1581 337 Can-

127 363 326 389 tacuzenus
349 365 427 387 cum
452 363 567 385 uxore
591 350 635 386 de
657 354 860 387 monastica
886 353 968 386 vita
993 350 1262 397 complectenda
1288 352 1365 398 agit
1389 351 1475 395 (38).
1507 351 1581 384 Ρα-

122 413 200 448 gna
235 412 313 434 cum
350 400 582 444 Palaeologo.
642 399 826 433 Philothei
863 399 1015 432 monitio
1051 398 1094 433 de
1127 398 1298 432 barbaris
1326 397 1376 431 ad
1400 397 1580 431 auxilium

124 460 201 482 non
225 446 423 481 vocandis:
447 454 557 491 paret
584 446 782 490 imperator
795 447 883 491 (39).
931 444 1180 480 Redaccensus
1196 446 1324 491 populi
1337 445 1467 492 furor.
1491 443 1582 478 Phi-

121 494 261 528 lotheus
290 506 325 527 se
350 494 510 527 occulit.-
536 493 645 526 certis
674 492 947 528 conditionibus
976 494 1133 526 iuratur.
1180 491 1502 538 Propugnaculum
1533 488 1583 523 ad

123 549 268 588 portam
293 552 442 574 auream
468 539 695 574 describitur.
747 540 801 573 De
826 540 995 572 barbaris
1025 539 1185 573 Thracia
1208 538 1404 588 pellendis,
1431 539 1470 570 in
1492 548 1583 584 quos

127 589 258 621 bellum
283 586 469 621 dissuadet
491 587 780 621 Cantacuzenus.
830 587 1027 620 Diversum
1046 585 1089 620 de
1109 587 1186 620 eius
1205 587 1374 620 oratione
1395 583 1582 620 iudicium.

122 635 311 670 Iuniarum
335 634 553 667 obtrectatio
583 633 670 679 (4ο).
722 631 895 667 Custodes
927 632 977 666 ad
1009 640 1152 678 portam
1189 644 1340 667 auream
1376 630 1508 666 dedere
1545 641 1582 665 se

123 683 345 726 Palaeologo
365 680 583 714 abhorrent:
607 688 707 713 astus
727 680 938 713 Italicorum
957 681 1123 714 militum.
1172 681 1300 714 Minae
1321 678 1581 713 Cantacuzeni.

129 729 277 763 Veniam
298 736 448 774 petunt,
487 739 605 760 arcem
633 726 780 772 dedunt.
828 727 1073 772 Palaeologus
1099 727 1139 759 in
1162 727 1342 772 palatium
1369 727 1583 759 invitatur:

124 774 176 810 ad
200 776 325 822 epulas
359 785 522 808 socerum
554 774 629 820 ipse
668 774 818 807 invitat.
868 774 989 808 Plebis
1015 774 1188 807 tumultus
1211 781 1364 819 propter
1395 774 1585 807 Cantacu-

122 833 249 857 zenum
272 820 424 855 sedatur
448 822 538 865 (41).
588 823 699 855 Socer
722 832 858 866 genero
882 821 1110 854 voluntatem
1129 819 1332 866 profitendi
1346 819 1587 853 monachismi

123 868 272 914 detegit,
301 877 334 902 et
359 879 436 903 cum
461 879 574 901 uxore
592 867 648 917 sit
675 867 898 901 monachus:
919 870 1060 901 mutant
1088 878 1131 900 ue
1154 866 1256 901 ambo
1278 868 1442 900 nomina.
1490 866 1587 900 Petit

121 916 383 961 Palaeologus,
415 923 455 948 ut
480 918 580 948 inter
613 916 728 959 ipsum
754 923 789 948 et
807 914 937 960 filium
963 915 1059 948 Matt
1088 925 1192 948 aeum
1217 915 1403 948 resarciat
1432 925 1587 947 concor-

123 962 232 997 diam.
282 961 462 996 Redditur
492 961 626 995 throno
658 963 845 996 Callistus.
895 961 1126 1006 Nicephorus
1153 960 1304 1007 despota
1326 960 1446 1009 fidem
1459 959 1585 1006 fallit.

123 1008 265 1045 Foedus
301 1011 399 1043 inter
429 1010 678 1054 imperatores.
743 1010 942 1054 Optimates
973 1009 1130 1044 Ioannis
1159 1009 1414 1054 impostores:’
1432 1015 1586 1053 propter

124 1069 184 1092 eos
225 1056 357 1090 bellum
389 1054 638 1090 recrudescit.-
675 1055 869 1090 Matthaeo
906 1067 942 1089 se
974 1064 1113 1102 purgat
1134 1054 1222 1102 (42).
1285 1055 1411 1088 Obitus
1451 1054 1584 1088 Cralis.

122 1104 265 1137 Helena
299 1103 488 1136 Cralaena
527 1104 694 1149 imperat.
766 1103 963 1136 Factiones
994 1102 1184 1137 nobilium.
1241 1102 1472 1147 Nicephorus
1494 1099 1586 1134 ‘dux

124 1150 353 1185 Thessaliam
387 1149 539 1183 obtinet.
599 1149 746 1183 Famuli
780 1151 861 1183 eiu-s
892 1150 1045 1184 scelera.
1093 1150 1236 1195 Regina
1261 1160 1358 1182 uxor
1382 1147 1588 1192 Nicephori

122 1193 358 1239 Byzantium,
384 1194 516 1230 deinde
543 1195 595 1229 ad
618 1197 741 1230 virum
769 1208 805 1230 se
831 1197 1005 1242 confert:
1039 1196 1080 1229 in
1106 1197 1394 1242 Peloponnesum
1428 1194 1479 1228 ad
1490 1194 1588 1241 fra-

122 1253 213 1278 trem
237 1243 413 1288 perfugit.
461 1244 626 1276 Maritus
659 1245 701 1277 in
731 1244 930 1277 certamine
965 1243 1010 1277 ab
1038 1243 1195 1278 Albanis
1218 1242 1472 1289 interficitur:
1504 1243 1587 1288 ipsa

123 1290 301 1334 Byzantii
325 1302 403 1324 cum
429 1298 546 1324 matre
570 1290 788 1324 monacham
815 1291 894 1336 agit
913 1289 1000 1335 (43).
1053 1289 1235 1324 Orchanis
1247 1289 1379 1337 filium
1405 1302 1428 1323 a
1447 1289 1588 1334 piratis

124 1345 281 1382 captum,
306 1337 494 1382 persoluta
513 1336 652 1381 grandi
668 1338 845 1382 pecunia,
872 1338 1010 1371 liberat
1026 1337 1286 1382 palaeologus.
1336 1337 1588 1371 Triballorum

121 1384 342 1430 principum
367 1384 535 1418 amicitia
557 1395 637 1417 cum
662 1385 923 1419 Cantacuzeno
949 1393 986 1419 et
1019 1384 1099 1417 eius
1121 1383 1224 1430 filio.
1272 1384 1318 1417 1η
1338 1391 1499 1429 quantas
1519 1396 1589 1417 an.—

121 1433 264 1477 gustias
293 1429 466 1465 redactus
485 1430 698 1465 ,Matthaeus
714 1431 803 1476 (44).
856 1431 961 1465 Urbis
978 1430 1078 1464 Phili
1100 1441 1230 1476 porum
1249 1429 1460 1477 descriptio.
1513 1431 1587 1465 Ca-

117 1477 225 1523 pitur
258 1477 473 1511 Matthaeus
507 1490 530 1510 a
568 1477 864 1523 Philippensibus
895 1479 936 1511 in
963 1443 1112 1525 paludll’.
1174 1478 1473 1523 Gratianopolim
1505 1490 1586 1512 cum

121 1525 201 1558 eius
225 1536 337 1558 uxore
377 1532 413 1558 et
443 1524 570 1557 liberis
606 1526 708 1569 capit
729 1526 990 1572 Palaeologus.
1039 1527 1069 1558 A
1097 1524 1265 1559 Boiclma
1293 1525 1462 1559 Triballo
1485 1526 1588 1559 Mat-

121 1570 250 1605 thaeus
283 1571 444 1617 pecunia
485 1571 708 1617 Palaeologo
746 1571 938 1609 venditur.
1003 1570 1128 1605 Utrum
1165 1572 1268 1606 oculi
1302 1572 1338 1606 ei
1370 1571 1584 1618 effodiendi.

118 1615 315 1652 Laudatur
342 1618 565 1664 palaeologi
589 1619 629 1651 in
654 1617 806 1654 eundem
832 1617 1119 1653 misericordia.-
1142 1619 1300 1653 libertas
1323 1619 1473 1664 captivo
1496 1631 1587 1665 pro-

119 1665 282 1698 mittitur
307 1665 392 1709 (45).
453 1665 735 1700 Cantacuzenus
766 1667 913 1712 gratias
941 1666 1021 1712 agit
1054 1673 1091 1698 et
1114 1677 1193 1700 eum
1219 1677 1236 1699 e
1262 1664 1432 1699 custodia
1469 1665 1590 1701 studet

120 1711 319 1757 impetrare
345 1711 431 1755 (46).
483 1713 600 1745 Ziani
625 1714 664 1746 in
691 1713 898 1758 Eugeniam
923 1711 1154 1754 monacham,
1183 1712 1439 1748 Cantacuzeni
1472 1722 1586 1748 antea

122 1760 327 1801 coniugem,
356 1758 535 1804 pestifera
563 1759 765 1796 calumnia,
817 1758 999 1802 Quiddam
1031 1772 1055 1792 a
1078 1760 1271 1794 Matthaeo
1299 1759 1498 1794 liberando
1517 1774 1588 1805 po-

123 1806 311 1839 stulatur:
351 1804 581 1844 ambitiosius
616 1804 812 1850 respondet
834 1807 924 1850 (47).
994 1806 1290 1840 Prudentisst’ma
1321 1807 1470 1848 aratio,
1511 1819 1588 1853 qua

121 1861 234 1899 pater
247 1851 377 1899 filium
405 1863 427 1884 a
454 1851 656 1897 cupiditate
682 1852 828 1898 imperii
855 1852 1074 1899 detorquere
1099 1854 1236 1886 nititur
1258 1853 1347 1898 (48).
1398 1854 1587 1900 Obtempe-

125 1907 189 1932 rat
217 1898 433 1932 Matthaeus
461 1907 496 1932 et
522 1900 639 1935 iurat.
689 1899 933 1943 Palaeologus
953 1901 1067 1933 amice
1090 1912 1167 1934 cum
1183 1911 1225 1933 eo
1245 1908 1432 1934 versatur.
1485 1901 1586 1935 Can-

122 1954 327 1980 tacuzenus
356 1957 436 1979 cum
485 1943 615 1978 eodem
657 1954 809 1992 totaque
845 1948 924 1980 eius
945 1946 1104 1992 finzilia
1138 1945 1191 1980 ad
1221 1958 1359 1980 novum
1393 1946 1586 1982 dissidium

122 1993 225 2026 inter·
258 1993 365 2025 illum
398 1999 433 2025 et
467 2003 639 2037 generum
654 1991 878 2038 fugiendum
904 1995 1192 2039 Peloponnesum
1215 1994 1322 2038 petit,
1353 1993 1477 2040 ibique
1503 2007 1584 2028 eum

106 2038 234 2086 sratri
262 2039 432 2072 Manueli
454 2039 646 2084 praesecto
676 2039 926 2074 commendat:
959 2049 994 2074 et
1018 2039 1165 2074 tandem
1191 2041 1402 2074 Manuelem
1428 2041 1469 2074 in
1497 2053 1533 2076 se
1562 2053 1586 2074 a

121 2086 456 2119 calumniatoribus
481 2086 669 2119 irritatum
692 2088 821 2131 placat
846 2087 932 2133 (49).
986 2087 1162 2121 Callistus
1181 2087 1400 2132 patriarcha
1422 2087 1475 2121 ad
1493 2089 1587 2122 Cra-

119 2133 268 2167 laenam
309 2133 453 2176 legatus
493 2133 728 2173 imperatoris
765 2146 844 2168 cum
884 2134 994 2169 sociis
1031 2133 1166 2168 ibidem
1216 2134 1303 2167 obit.
1364 2135 1457 2168 Eius
1501 2147 1585 2169 cor-

118 2191 187 2225 pus
218 2179 407 2213 monachis
437 2179 481 2211 ab
514 2179 606 2213 Atho
638 2189 758 2214 monte
785 2190 967 2223 negatur:
1003 2181 1226 2215 Alesembria
1258 2179 1457 2216 obsidetur.
1491 2184 1584 2217 Pax.

121 2226 340 2260 philotheus
375 2227 416 2258 in
450 2226 748 2271 patriarchatum
782 2227 887 2261 redit.
949 2228 1143 2262 Historiae
1168 2229 1282 2262 totius
1307 2229 1470 2273 epilogus
1496 2229 1584 2274 (50).

125 2273 268 2307 Notata
292 2274 470 2318 imprimis
495 2272 610 2317 digna
637 2275 677 2307 t'n
702 2275 770 2308 hoc
795 2284 955 2309 extremo
980 2275 1077 2308 libro
1100 2283 1209 2308 sunt.-
1243 2274 1412 2309 Secunda
1447 2277 1586 2310 Canta—

123 2322 256 2354 cuzeni
290 2321 486 2354 coronatio
516 2321 864 2366 Constantinopoli;
888 2323 996 2367 prior
1018 2323 1115 2356 enim
1140 2321 1391 2367 Adrianopoli
1414 2325 1584 2368 contigit.

124 2367 266 2413 Templi
300 2366 463 2413 Sophiae
498 2367 602 2406 lctus,
638 2369 836 2413 collapsio,
876 2369 1115 2404 instauratio.
1163 2369 1324 2413 Nuptiae
1349 2371 1584 2413 imperatoris

120 2413 342 2458 Palaeologi
376 2426 453 2447 cum
490 2414 648 2455 Helena,
684 2415 1056 2463 Cantacuzenisilia.
1113 2416 1276 2450 Litterae
1308 2424 1343 2449 et
1377 2417 1583 2457 legationes

123 2460 223 2494 inter
254 2461 469 2494 Clementem
496 2462 553 2494 VI.
579 2462 792 2508 pontificem
817 2471 853 2496 et
883 2464 1182 2498 Cantacuzenum
1208 2475 1317 2508 super
1333 2463 1502 2498 barbaris
1519 2477 1584 2510 op-

118 2507 333 2552 pugnandis
358 2516 392 2541 et
420 2507 624 2542 concordia
649 2509 901 2546 ecclesiarum.
954 2511 1094 2544 Bellum
1114 2511 1252 2544 navale
1278 2521 1357 2543 cum
1379 2511 1583 2545 Galataeis.

126 2553 236 2588 Chius
271 2556 396 2588 insula
435 2566 457 2587 a
493 2556 745 2589 Genuensibus
784 2566 944 2603 recepta.
1007 2557 1075 2590 Res
1098 2565 1220 2598 gestae
1247 2558 1288 2590 in
1317 2558 1583 2603 Peloponneso.

122 2600 277 2646 Legatio
307 2602 561 2635 Cantacuzeni
595 2601 645 2635 ad
673 2604 866 2637 Sultanum
898 2604 1051 2651 Aegypti
1087 2612 1122 2637 et
1152 2604 1229 2637 eius
1265 2607 1466 2648 responsio.
1515 2606 1584 2639 Res

125 2646 484 2682 Thessalonicenses,
537 2649 675 2682 Contra
698 2651 933 2685 Barlaamum
961 2661 997 2685 et
1027 2648 1259 2693 Acindynum
1291 2650 1465 2694 synodus.
1514 2652 1587 2684 Ni-

126 2693 277 2737 cephori
305 2696 491 2736 Gregorae
513 2696 724 2730 insectatio.
775 2699 882 2732 Inter
913 2710 1076 2732 socerum
1102 2706 1136 2731 et
1162 2709 1333 2740 generum
1354 2698 1587 2743 repullulans

126 2739 273 2780 bellum,
296 2740 497 2785 prudentia
522 2751 557 2776 et
584 2744 807 2778 auctoritate
835 2745 1082 2790 imperatricis
1107 2744 1242 2778 Annae
1275 2757 1488 2789 repressum.
1540 2746 1585 2778 In

130 2786 331 2824 catalanos
350 2789 567 2826 vulneratos
587 2798 620 2827 et
648 2802 778 2837 aegros
804 2794 1067 2838 Byzantiorum
1094 2790 1230 2827 civium
1251 2790 1454 2827 laudabilis
1483 2792 1584 2827 cari-
