1794 3158
349 117 462 187 480
746 146 752 148 -
850 135 1262 180 ANNOTATIONES

347 248 428 282 tur.
482 238 574 294 Ipse
614 239 721 278 enim
762 251 802 277 se
844 239 973 292 ipsum
1011 239 1240 293 episcopatu
1271 238 1477 292 indignum
1522 238 1783 283 demonstrat·

348 294 433 333 C-ur
459 293 537 333 hoc
566 293 630 333 vel
657 291 776 331 simili
804 293 1059 346 emplasmate
1086 308 1166 332 non
1197 301 1338 332 curant
1365 295 1501 333 itidem
1517 295 1659 334 Gracci
1687 310 1779 336 suos

345 350 581 396 sacerdotes,
615 348 804 386 diaconos
831 355 871 387 et
897 348 1183 397 subdiaconos,
1211 349 1243 387 si
1272 349 1431 402 quando
1459 357 1568 388 extra
1595 350 1793 390 honesta-·

345 405 397 442 tis
429 405 573 443 limites
601 407 846 455 evagentur?
903 403 944 441 Si
979 402 1273 442 Graecitotam
1312 405 1586 456 antiquitatem
1614 419 1781 459 respue-

345 458 468 507 bant,
502 472 575 511 par
602 457 740 496 saltem
773 465 857 497 erat
878 488 888 504 ‚
932 465 978 496 ut
1007 458 1192 497 audirent
1228 473 1344 498 suum
1374 460 1661 510 Iustinianum,
1711 460 1782 514 qui

346 521 520 552 mentem
560 527 670 552 suam
708 513 756 550 de
803 512 1000 552 caelibatu
1037 515 1315 552 ministrorum
1365 513 1550 554 ecclesiae
1586 514 1657 553 diu
1690 517 1783 554 ante

342 569 530 607 Trullani
558 567 810 607 conciliabuli
838 576 1017 621 tempora
1046 568 1260 622 explicarat
1289 569 1351 608 his
1379 569 1511 609 verbis
1542 569 1701 610 Novell.
1719 570 1777 610 6.=

345 624 462 663 Nihil
485 624 541 662 sic
573 624 614 661 in
636 624 762 662 sacris
789 624 1098 662 ordinationibus
1130 624 1354 676 diligimus,
1393 638 1511 678 quam
1544 637 1632 664 cum
1665 627 1783 664 casti·

344 689 423 718 tate
448 680 644 726 viventes,
689 687 757 716 auc
788 693 875 717 cum
907 679 1094 717 uxoribus
1124 693 1203 717 non
1227 680 1487 718 cohabitantes
1506 708 1518 730 ,
1568 688 1640 719 aut
1673 682 1784 720 ιιηίιιε

346 736 484 773 uxoris
515 735 644 772 virum
659 762 671 781 ‚
703 733 772 787 qui
796 735 879 772 sive
896 734 1031 785 fuerit
1040 762 1055 779 ,
1091 734 1174 772 sive
1200 734 1327 772 adhuc
1361 735 1422 782 sit,
1454 743 1493 773 et
1515 735 1598 788 ipse
1622 737 1786 774 castita·

346 798 425 828 tem
452 790 575 841 eligat
608 788 814 827 secundum
852 788 1011 827 divinas
1047 789 1226 840 regulas,
1263 790 1441 842 primum
1469 790 1713 844 principium
1748 799 1787 830 ec

346 846 598 896 manifestum
624 843 938 894 ficudamentum
984 843 1164 882 residuae
1190 844 1350 882 virtutis
1381 845 1643 886 constitutam.
1705 843 1786 884 Sed

345 907 487 939 venter
514 912 630 938 aures
659 899 740 936 non
770 897 904 945 habet,
936 898 1063 937 multo
1093 898 1227 937 minus
1251 897 1376 937 libido
1396 912 1409 937 ε
1451 906 1492 938 et
1518 898 1621 939 forte
1647 906 1786 953 patro-

347 955 497 994 cinium
528 968 551 992 a
581 953 803 992 Iustiniano
832 960 1054 1005 quaerent,
1104 954 1178 992 etsi
1209 953 1483 1005 imprudenter
1505 982 1518 1005 ‚
1563 967 1614 994 ne
1653 954 1785 994 dicam

346 1010 614 1063 impudenter.
674 1008 779 1046 Nam
807 1008 978 1047 Photius
1007 1009 1048 1046 in
1068 1008 1353 1047 Nomocanone
1383 1008 1502 1048 titulo
1532 1009 1652 1048 XIII.
1680 1009 1786 1049 hanc

345 1079 393 1104 ex
426 1063 599 1104 Novellis
629 1063 843 1103 Iustiniani
872 1063 1116 1101 sanctionem
1146 1064 1264 1102 citat:
1308 1063 1453 1102 Nullus
1486 1063 1678 1112 clericus,
1717 1066 1788 1119 qui

344 1134 514 1159 uxorem
541 1133 619 1157 non
648 1118 773 1166 habet,
804 1118 948 1156 habeat
976 1119 1018 1156 in
1051 1117 1168 1156 domo
1195 1131 1270 1156 sua
1301 1118 1635 1168 introductitium,
1655 1132 1784 1173 prae-

344 1185 529 1230 terquam
558 1181 727 1212 matrem
759 1181 797 1210 et
810 1172 958 1226 filiam
977 1181 1017 1211 ec
1043 1186 1217 1211 sororem
1237 1181 1278 1210 et
1304 1174 1415 1212 alias
1443 1187 1522 1213 non
1552 1182 1750 1228 suspectas
1765 1188 1783 1224 ,⁶

345 1230 417 1269 ubi
444 1232 662 1282 imperator
689 1227 865 1266 indicare
884 1227 1057 1275 videtur,
1089 1241 1171 1266 esse
1191 1226 1345 1270 clericis
1372 1229 1670 1268 matrimonium
1693 1242 1788 1282 per-

345 1286 529 1335 missum,
562 1282 888 1336 quandoquidem
920 1290 1069 1332 monet,
1102 1290 1147 1321 ut
1165 1284 1235 1335 qui
1262 1296 1403 1322 uxores
1431 1297 1511 1322 non
1541 1282 1704 1335 habent,
1733 1283 1786 1323 ab

342 1335 604 1384 ἐπεισάκτοις
632 1338 869 1377 abstineant.
924 1338 1016 1387 Quo
1042 1339 1129 1390 ipso
1156 1338 1394 1388 skexistimare
1421 1339 1510 1391 quis
1540 1346 1702 1391 posset,
1734 1338 1788 1378 ab

342 1409 393 1434 eo
421 1394 698 1447 significatum,
728 1391 907 1443 clericos,
936 1394 970 1430 si
999 1392 1233 1442 voluissent,
1263 1395 1436 1445 potuisse
1462 1407 1606 1433 uxores
1629 1393 1789 1434 ducere.

343 1450 501 1489 Verum
533 1450 565 1488 si
591 1449 679 1501 quis
712 1448 865 1501 integra
891 1447 1016 1487 verba
1044 1447 1269 1498 Iustiniani,
1298 1461 1379 1486 non
1410 1455 1456 1487 ut
1485 1462 1508 1487 a
1535 1448 1684 1488 Photio
1712 1448 1784 1488 de-

344 1512 500 1544 curtata
518 1511 627 1552 sunt,
657 1503 894 1552 consideret,
923 1503 1042 1542 aliam
1070 1502 1187 1555 longe
1214 1506 1389 1541 'mentem
1414 1503 1637 1543 Iustiniano
1664 1503 1784 1543 fuisse

344 1561 555 1612 intelliget.
612 1558 749 1597 Verba
793 1558 912 1596 edicti
950 1558 1048 1596 haec
1090 1564 1183 1596 sunt
1229 1556 1391 1596 Novell.
1426 1558 1545 1599 123.:
1609 1559 1703 1605 Τοῖς
1739 1557 1789 1598 δὲ

342 1614 640 1667 πρεσβυτέροις
679 1610 752 1651 καί
783 1609 993 1658 διακόνοις
1030 1611 1103 1651 καί
1130 1607 1420 1658 ὖποὸιακόνοις
1451 1611 1524 1652 καὶ
1561 1612 1667 1653 πᾶσι
1704 1616 1790 1659 τοῖς

345 1663 489 1715 ἄλλοις
521 1672 606 1714 τοῖς
645 1666 689 1707 ἐν
720 1666 856 1721 κλήρῳ
901 1666 1158 1718 τεταγμένοις
1193 1662 1252 1718 μὴ
1285 1662 1430 1717 ἔχουσι
1467 1663 1650 1719 γαμετὰς
1680 1664 1794 1707 κατὰ

343 1720 443 1770 τούς
476 1725 620 1768 θείους
650 1717 827 1767 κανόνας
857 1718 1170 1774 ἀπαγορεύωμεν
1209 1719 1280 1760 καί
1313 1719 1431 1773 ἡμεῖς
1463 1718 1568 1761 κατὰ
1608 1719 1682 1774 τὴν
1705 1722 1794 1788 ’τῶνῖ

346 1778 478 1832 ἁγίων
503 1774 682 1817 κανόνων
715 1776 892 1827 δύναμιν
925 1775 1101 1827 γυναῖκά
1129 1790 1220 1815 τινα
1249 1775 1294 1815 ἐν
1325 1775 1383 1830 τῷ
1406 1774 1496 1832 idue
1527 1773 1624 1833 οἴκῳ
1647 1775 1788 1816 ἐπείσ-

345 1847 469 1874 ακτον
505 1829 630 1884 ἔχειν.
706 1832 800 1882 Quo
843 1831 1032 1885 loquendi
1072 1831 1191 1870 modo
1234 1831 1441 1871 manifeste
1472 1831 1588 1871 docet
1620 1833 1788 1885 impera-

344 1897 428 1940 tor,
457 1882 723 1942 presbytef’os,
751 1886 941 1926 diaconos
958 1916 970 1938 ,
1003 1886 1269 1925 subdiaconos
1299 1885 1491 1926 caelibem
1519 1887 1645 1926 vitam
1673 1900 1788 1940 agere

342 1944 547 1994 debuisse,
578 1943 700 1981 sacris
731 1942 951 1981 canonibus
980 1942 1022 1980 id
1061 1943 1116 1980 ita
1145 1941 1506 1994 praecipientibus:
1554 1941 1646 1981 licet
1690 1956 1787 1982 non-

344 1999 470 2039 nullis
496 2012 543 2038 ex
571 1997 807 2036 clericorum
835 2010 1005 2036 numero
1046 1997 1210 2049 nuptiae
1237 1997 1449 2048 permissae
1477 2004 1608 2036 essent
1624 2027 1637 2047 ,
1666 1995 1787 2036 lecto-

328 2055 460 2094 vribus
487 2054 679 2092 nimirum
706 2059 748 2091 et
777 2053 1024 2102 cantoribus,
1054 2051 1104 2091 de
1136 2051 1282 2104 quibus
1313 2050 1584 2103 apostolorum
1615 2066 1688 2091 can
1720 2052 1786 2091 25.

343 2109 428 2158 vel,
455 2110 564 2147 iuxta
592 2107 763 2147 aliorum
791 2107 1044 2155 divisionem,
1076 2106 1141 2147 26.
1169 2113 1211 2145 et
1238 2107 1401 2159 ipsemet
1430 2106 1674 2145 Iustinianus
1703 2106 1786 2146 No-

343 2163 441 2206 vell.
468 2162 508 2203 6.
535 2169 576 2202 et
606 2163 710 2213 123„
742 2164 811 2215 qui
842 2163 1051 2202 mulierem
1072 2192 1084 2213 ‚
1115 2175 1235 2215 quam
1261 2162 1438 2200 Nicaena
1469 2161 1646 2214 synodus
1672 2167 1786 2201 vocat

342 2215 630 2269 ovva'oaxwv,
662 2217 801 2256 eadem
829 2219 992 2257 notione
1022 2213 1260 2256 ἐπείσακτον
1288 2215 1464 2268 appellat
1507 2229 1637 2268 eoque
1667 2230 1785 2257 voca-

343 2273 444 2315 bulo
474 2272 596 2319 idem,
627 2273 739 2325 quod
765 2273 942 2312 Nicaena
971 2272 1173 2325 synodus,
1202 2270 1402 2325 intelligit.
1436 2285 1618 2312 cursen.

454 2327 560 2380 Pag.
583 2326 681 2377 434,
703 2342 744 2381 9.
777 2324 942 2380 εἴρηται
971 2329 1032 2366 Μ.

456 2382 560 2435 Pag.
584 2381 681 2432 434,
712 2383 770 2424 13.
801 2381 1080 2434 λειτουργειάς
1109 2381 1169 2420 Μ.

457 2438 562 2490 Pag.
583 2437 678 2486 454,
699 2449 764 2478 21.
796 2436 843 2476 ἐκ
872 2437 951 2475 τοῦ
977 2435 1131 2487 ταμίου
1159 2436 1204 2476 Μ

457 2493 563 2545 Pag.
588 2490 686 2541 434,
710 2492 775 2530 25.
825 2492 1134 2546 aequaliter
1186 2492 1403 2544 gratiae
1440 2493 1783 2547 participes.

346 2547 550 2588 Potestate
576 2545 727 2587 ordinis
755 2559 870 2598 pares
902 2554 994 2585 sunt
1021 2560 1160 2585 omnes
1187 2547 1384 2600 episcopi,
1420 2561 1502 2585 non
1545 2548 1783 2588 iurisdictio-

346 2604 436 2642 nis:
472 2617 517 2640 ea
545 2602 652 2640 enim
681 2600 1010 2654 metropolitanus
1039 2602 1252 2654 episcopo,
1283 2610 1322 2641 et
1351 2602 1575 2655 patriarcha
1606 2604 1761 2657 utrisqu

345 2656 561 2698 antecellit.
593 2669 760 2695 romunt.

455 2711 563 2754 Ibid.
594 2710 716 2763 Quod
731 2710 1032 2751 Cantacuzenus
1061 2711 1130 2761 ait,
1161 2724 1299 2750 omues
1324 2711 1530 2767 episcopos
1560 2725 1674 2767 pares
1702 2725 1724 2752 e
