1800 3164
337 138 446 210 370
838 148 1254 194 ANNOTATmNEs

334 254 520 307 Legimus
547 265 708 306 quoquc
732 247 840 301 τύχη
872 242 1058 301 εὔριπος,
1089 249 1196 303 quod
1210 248 1381 288 Ovidius
1409 248 1484 289 hoc
1510 248 1679 290 disticho
1698 249 1766 290 de-

333 310 524 348 claravit:
582 307 765 346 Passihas
785 304 976 356 ambiguis
996 305 1174 357 jbrcuna
1198 305 1381 344 volubilis
1407 314 1532 354 errat,
1567 305 1625 345 Ec
1650 318 1767 344 mane.

334 366 376 403 in
399 365 506 403 nullo
531 371 634 402 certa
663 370 859 413 tenaxque
887 360 986 401 loco.
1044 360 1146 398 Item
1175 352 1344 411 εὔριπος
1371 355 1562 409 διάνοια,
1593 360 1768 399 humanit
1798 383 1800 394 ι

335 421 481 473 qujppe
511 414 816 470 cogitationibus
846 413 947 452 nihil
976 414 1163 454 mobilius
1197 428 1243 454 ac
1275 413 1522 454 variabilius.
1553 428 1725 455 ronna.

444 473 549 524 Pag.
585 484 646 517 10,
673 483 713 522 9.
756 468 878 507 odio
916 478 1004 507 aut
1038 469 1231 522 gratia.
1291 469 1384 508 Non
1410 469 1534 508 solum
1557 470 1629 524 qui
1650 470 1700 509 de
1717 483 1770 508 re-

334 528 401 566 bus
429 528 555 566 dubiis
585 524 802 564 consultant
829 527 889 572 (ut
916 524 971 562 ait
999 524 1106 576 apud
1119 523 1351 563 Sallustium
1375 523 1546 575 Caesar),
1569 524 1640 564 sed
1659 525 1771 564 etiam

333 584 402 637 qai
430 595 566 620 rerum
595 588 791 632 gestarum
823 580 1056 618 memoriam
1086 579 1267 634 prodant
1280 609 1292 630 ‚
1331 593 1395 618 eos
1427 579 1478 617 ab
1515 579 1631 630 odio,
1669 582 1772 619 ami-

333 638 440 687 citia,
465 637 544 682 ira,
578 632 849 673 misericordia
869 647 1015 673 vacuos
1039 649 1118 673 esse
1144 635 1337 675 convenit.
1393 633 1527 673 Haud
1539 634 1673 686 facile
1689 635 1773 674 ani-

333 706 415 729 mus
441 705 581 729 verum
609 688 823 742 providet,
868 689 935 726 ubi
976 689 1050 728 illa
1080 687 1270 741 officiunt.
1339 689 1511 729 Notatus
1547 695 1606 730 est
1633 689 1682 729 T.
1711 689 1775 728 Li-

332 747 439 795 vius,
469 744 578 798 quod
604 743 796 783 Romanis
824 743 1062 796 quibusdam
1089 746 1258 783 nimium
1290 744 1453 784 faverit.
1510 743 1678 784 Notatus
1691 744 1775 784 Sal-

333 799 503 848 lustius,
533 800 603 853 qui
633 800 673 838 in
707 797 940 836 Catilinaria
967 800 1244 839 coniuratione
1265 829 1275 847 ‚
1318 813 1422 853 quae
1456 799 1638 839 Ciceroni
1667 813 1776 839 sena-

333 863 397 894 tus
425 854 649 894 honorifice
688 852 1035 907 perbenevoleque
1076 854 1334 902 decreverat,
1378 869 1471 894 cum
1498 853 1777 895 malevolentia

333 911 581 949 subticuerit.
638 909 812 947 Peccant
839 909 992 960 gratia,
1026 910 1095 961 qui
1122 923 1164 949 se
1192 910 1363 948 nimium
1390 911 1432 949 in
1463 909 1602 949 laudes
1633 911 1778 963 prinei-

333 979 430 1018 pum
468 964 692 1006 effundunt.
748 962 927 1012 Audivi,
974 963 1165 1003 Carolum
1195 965 1247 1006 V.
1275 965 1485 1004 historiam
1521 964 1699 1006 Sleidani
1726 965 1778 1006 le-

334 1028 493 1073 gentem
522 1020 690 1069 dixisse,
739 1019 870 1070 ipsum
908 1018 958 1057 de
991 1033 1033 1058 se
1073 1020 1199 1059 multa
1230 1021 1408 1060 mentiri.
1464 1020 1638 1060 Peccant
1673 1020 1779 1071 odio,

335 1076 408 1128 qui
437 1074 699 1113 immoderate
731 1080 771 1111 et
798 1087 914 1126 saepe
943 1074 1258 1127 reprehendunt.
1326 1076 1516 1114 Timaeus
1553 1076 1780 1123 historicus,

336 1129 451 1182 quod
475 1136 577 1169 esset
608 1127 812 1176 acerbior,
852 1129 1102 1182 Epitimaeus
1130 1130 1260 1169 dictus
1288 1137 1373 1182 est3
1413 1138 1553 1170 auctor
1583 1131 1781 1171 Diodorus

333 1184 405 1225 lib.
428 1185 467 1225 5.
497 1198 586 1237 cap.
616 1197 654 1222 1.
712 1184 888 1222 Licitum
932 1191 990 1223 est
1018 1193 1154 1224 autem
1181 1200 1318 1225 rerum
1344 1187 1531 1239 scriptori
1568 1193 1608 1225 et
1645 1200 1782 1240 repre-

336 1239 515 1278 hendere
544 1253 589 1278 ea
613 1267 624 1286 ,
653 1252 757 1291 quae
784 1240 1053 1292 vituperanda
1082 1241 1224 1292 ducet,
1254 1249 1294 1281 et
1319 1255 1424 1293 quae
1450 1241 1610 1294 placent
1627 1272 1639 1293 ‚
1666 1255 1782 1295 expo-

337 1294 480 1333 nendis
509 1294 736 1333 rationibus
765 1295 1041 1348 comprobare,
1078 1296 1281 1350 quomodo
1314 1296 1366 1335 ad
1395 1297 1612 1336 Lucceium
1645 1298 1784 1338 Cicero

336 1350 521 1403 scripsit,
549 1350 664 1402 epist.
691 1362 755 1387 12.
781 1348 853 1389 lib.
879 1350 934 1397 5.,
968 1351 1037 1390 sed
1065 1359 1282 1406 utrumque
1310 1351 1478 1394 modice.
1505 1365 1680 1398 ronna.

448 1405 549 1456 Pag.
581 1418 644 1455 10,
673 1403 735 1446 15.
764 1407 850 1451 τοῖς
879 1413 985 1445 recte
1014 1421 1095 1445 om.
1129 1409 1190 1447 M.

447 1459 558 1511 Pag.
597 1472 661 1510 10,
699 1457 759 1509 14.
816 1474 1065 1514 praesens
1126 1462 1355 1503 omnibus
1408 1463 1654 1516 interfui.
1737 1463 1785 1503 In

339 1513 447 1553 calce
491 1521 626 1553 tamen
660 1513 850 1554 historiae
878 1517 1051 1569 fatetur,
1081 1532 1123 1557 se
1157 1518 1354 1571 quaedam
1382 1518 1435 1557 ab
1459 1518 1547 1557 aliis
1576 1519 1787 1572 accepisse,

340 1583 444 1622 quae
471 1569 663 1608 nimirum
694 1569 736 1607 in
772 1571 1095 1612 adversariorum
1127 1587 1293 1614 suorum
1322 1573 1613 1613 conventiculis
1641 1576 1788 1628 agitata

340 1626 446 1663 sint:
479 1632 518 1663 et
550 1624 628 1663 alia
658 1626 814 1678 utique,
841 1627 988 1678 quibus
1017 1629 1152 1669 adesse
1179 1641 1367 1683 praesens
1393 1643 1476 1668 non
1506 1630 1649 1682 potuit.
1704 1629 1788 1668 Nec

340 1679 468 1718 lulius
497 1679 647 1718 Caesar
675 1681 876 1731 omnibus,
910 1697 1012 1734 quae
1038 1692 1177 1723 narrat
1194 1714 1206 1735 ‚
1235 1697 1371 1722 coram
1404 1682 1542 1723 affuit:
1575 1683 1690 1723 affuit
1717 1697 1788 1723 au-

342 1741 425 1772 tem
451 1733 650 1786 plurimis,
682 1742 721 1773 et
752 1750 856 1788 quae
889 1751 964 1790 pro
986 1738 1056 1778 illo
1078 1747 1187 1794 gesta
1214 1745 1321 1786 sunt,
1353 1740 1438 1778 eius
1465 1740 1615 1778 virtute
1649 1738 1790 1789 multa,

344 1797 383 1827 ct
413 1791 600 1841 auspiciis
629 1797 738 1842 gesta
769 1799 864 1830 sunt
902 1795 1051 1836 omnia.
1107 1793 1227 1835 Valet
1255 1793 1307 1833 ad
1337 1793 1630 1833 conciliandam
1662 1793 1791 1833 histo-

342 1846 425 1883 riae
453 1844 572 1882 fidem
609 1844 783 1884 scribere
826 1860 930 1899 quae
959 1849 1133 1899 videris,
1179 1863 1263 1888 non
1296 1862 1399 1902 quae
1425 1849 1624 1888 audieris:
1663 1848 1792 1889 oculis

345 1898 542 1950 siquidem
580 1900 726 1938 certior
764 1900 862 1941 fides
893 1909 976 1951 est,
1017 1917 1138 1956 quam
1172 1905 1351 1946 auribus.
1408 1904 1545 1954 Quare
1585 1903 1792 1955 nonnulli,

345 1967 428 2005 quo
468 1951 735 2006 exploratiora
777 1964 817 1995 et
858 1957 1147 1998 indubitatiora
1186 1965 1350 2012 possent
1388 1958 1561 1998 scribere
1576 1988 1590 2011 ,
1633 1959 1794 2012 ipsimet

345 2015 472 2070 tei-ras
498 2016 539 2047 et
577 2010 761 2062 regiones
787 2020 1053 2066 peragrarunt
1069 2042 1083 2067 ,
1119 2020 1166 2054 ut
1191 2014 1397 2054 Diodorus
1427 2013 1588 2055 Siculus
1605 2043 1619 2068 ‚
1659 2012 1794 2055 Sallu-

349 2069 461 2101 stius.
488 2076 664 2104 PONTAN.

457 2117 558 2169 Pag.
585 2132 650 2169 11,
680 2120 721 2159 3.
778 2118 817 2159 δ’
847 2113 904 2159 αὖ
934 2123 996 2163 Μ.

391 2223 399 2232 ⁸
459 2171 563 2223 Pag.
605 2187 665 2222 11,
697 2189 738 2228 7.
786 2176 1041 2218 intercisa
1083 2181 1465 2233 propagatione
1508 2178 1795 2233 imperato—

351 2237 449 2271 ma.
505 2227 677 2266 Michael
706 2229 970 2284 Palaeologus
1012 2233 1206 2272 Ioannem
1245 2248 1441 2287 puerum,
1485 2233 1693 2273 Theodori
1719 2232 1798 2272 fili-

352 2292 423 2316 um
437 2308 448 2325 ‚
477 2278 634 2320 Ioannis
652 2283 834 2324 Batatzae
864 2294 1064 2340 nepotem,
1087 2288 1290 2337 Theodori
1309 2289 1494 2328 Lascaris
1518 2294 1798 2342 pronepotem,

352 2332 542 2395 heredem
571 2335 805 2387 legitimum,
834 2343 947 2381 cuius
965 2350 1077 2383 tutor
1103 2351 1187 2383 erat
1204 2345 1424 2394 institutus,
1445 2344 1594 2383 nefiarie
1613 2342 1799 2382 exocula-

353 2394 448 2450 v1t7
479 2388 560 2438 vel,
589 2398 634 2429 ut
663 2392 729 2432 alii
759 2396 997 2449 retulerunt,
1026 2399 1251 2438 interfecit:
1282 2399 1798 2453 imperiumtconstantino-

354 2441 578 2494 politanum
606 2446 778 2507 ¹circiter
814 2465 941 2492 annos
978 2468 1043 2493 sex
1088 2461 1128 2493 et
1161 2455 1450 2508 quinquaginta
1476 2456 1505 2493 a
1530 2454 1706 2504 Latinis,
1746 2451 1800 2491 ab

356 2510 464 2534 anno
495 2497 660 2538 Domlni
694 2504 805 2543 1203.
834 2507 886 2545 ad
921 2510 1036 2564 1259.
1067 2523 1165 2560 seu,
1195 2517 1242 2549 ut
1272 2510 1369 2560 alii,
1407 2509 1458 2548 ad
1488 2521 1612 2547 annos
1640 2507 1800 2546 circiter

356 2558 437 2613 tres
467 2558 505 2590 et
532 2556 732 2606 sexaginta
743 2566 765 2607 ‚'
784 2573 807 2598 a
836 2561 993 2616 Belgis,
1027 2565 1219 2617 inquam,
1248 2571 1515 2617 occupatum,
1550 2562 1668 2616 pulso
1706 2561 1799 2601 Bal-

358 2605 485 2643 dumo
513 2609 704 2660 secundo,
739 2613 898 2656 Graecis
924 2619 1096 2659 restituit
1137 2620 1291 2673 sibique
1318 2619 1542 2671 usurpavit.
1597 2617 1702 2656 Vide
1723 2617 1799 2655 Ni-

360 2659 579 2724 cephorum
612 2664 830 2718 Gregoram
857 2671 926 2715 lib.
955 2674 995 2713 5.
1030 2682 1069 2714 et
1093 2674 1148 2726 4.,
1180 2675 1349 2714 Petrum
1390 2675 1573 2713 Bizarum
1607 2671 1657 2711 de
1693 2671 1800 2711 bello

359 2714 516 2755 Veneto
544 2716 648 2756 hbro
676 2722 818 2772 primo.
875 2726 1002 2769 Docet
1041 2729 1148 2769 idem
1177 2730 1373 2784 Gregoras
1415 2729 1516 2768 libro
1544 2734 1653 2767 sexto
1671 2757 1682 2775 ‚
1715 2739 1797 2780 quo
