1794 3158
331 172 404 213 An
453 170 826 213 muri-ieiumi
863 175 959 215 Lm.
989 177 1021 214 1.
1351 160 1464 233 437

25 273 149 328 gaitio
171 274 322 314 editum
348 274 641 329 κεφαλατώςιον
665 278 821 331 exponit
850 276 1062 331 ἡγεμονία.
1118 277 1326 319 Hactenus
1342 281 1462 320 Gret-

27 344 155 370 serus.
187 344 359 369 romum.

134 383 241 437 Pag.
261 387 358 435 235,
379 385 441 427 15.
473 382 670 438 δεύτερον
696 387 752 427 Μ.
790 393 829 426 et
860 386 933 426 lin.
969 400 1031 442 ¹9·
1065 377 1126 427 ὧν
1152 380 1204 427 ἂν
1230 386 1434 443 ἔνετέθης.

135 439 352 492 Pag.234‚
380 454 441 494 ¹9·
470 439 673 493 κατέργου
696 442 754 484 Μ.

133 494 242 548 Pag.
259 496 358 546 255,
382 509 441 535 10.
471 489 698 548 ὑφηγεῖται
722 497 778 536 Μ.
809 503 930 548 recte.

134 549 359 602 Pag-z36,
381 551 423 590 3.
452 551 506 588 in
538 552 758 604 puclccm
789 552 1127 590 coniecimus.
1161 553 1269 604 Quid
1289 554 1468 602 ποῦ’κλος

24 609 95 645 aut
120 605 301 644 ποῧκλον
329 607 396 656 sit,
425 604 660 644 divinemus.
717 606 914 658 Gregoras
941 606 1102 659 quidem
1125 622 1246 660 supra
1273 610 1467 663 quasdam

23 659 169 700 linteas
198 658 353 699 litteras
377 660 553 700 vestibus
581 659 882 699 tabellariorum
913 660 1063 701 insutas
1103 664 1269 702 scribit.-
1327 665 1467 704 Noster

24 715 235 754 Gretserus
262 715 401 755 mallet
432 713 561 767 legere
602 713 662 761 εἰς
689 712 762 754 τὸν
790 711 1017 769 κούκουρον
1035 717 1119 756 sive
1152 719 1337 771 κοῦκρον.
1396 721 1468 760 Est

25 777 160 809 autem
187 767 410 820 κούκουρος
432 770 539 823 apud
570 771 810 809 recentiores
841 772 1015 811 Graecos
1040 771 1228 824 pharetra
1244 804 1254 822 ,
1293 775 1359 814 ein
1381 776 1468 815 Κὸ-

23 826 126 866 cher.
182 824 412 879 Usurpatur
439 839 463 863 a
485 824 668 864 cedreno
701 824 767 864 fol.
787 825 881 868 363.
910 834 1104 880 notatque
1136 828 1360 882 Xylandcr‚
1392 845 1468 870 no-

23 886 150 920 strum
178 879 279 920 illud
307 881 591 920 Germanicum
638 887 708 919 aut
746 895 769 919 a
799 883 953 921 Graeco
982 880 1053 920 illo
1088 882 1350 932 descendere,
1397 893 1468 925 aut

23 935 224 975 Graecum
249 949 272 975 a
296 937 547 976 Germanico.
606 933 700 974 Alia
720 938 949 976 coniectura
972 938 1164 976 occurrit.
1223 939 1334 987 Quid
1353 941 1385 978 si
1406 941 1468 978 le-

23 990 197 1044 gendum
242 990 444 1030 κοῦκλονῗ)
488 988 615 1030 facilis
652 991 758 1030 enim
796 991 930 1044 lapsus
964 1007 987 1031 a
1016 1006 1040 1030 κ
1062 993 1104 1030 in
1135 1007 1179 1034 π.
1236 993 1309 1032 Est
1334 1002 1468 1034 autem

22 1041 264 1085 κουκούλιον
299 1059 371 1098 per
403 1059 608 1100 syncopen
632 1045 821 1097 κοῦκλον,
856 1047 1052 1096 cucullus,
1086 1046 1271 1090 cucullio.
1328 1049 1471 1089 Utitur

21 1099 265 1140 Sozom'enus
294 1099 363 1140 lib.
381 1102 419 1144 3.
441 1115 527 1154 cap.
552 1101 612 1139 15.
645 1101 811 1140 Latinae
833 1102 1031 1152 editionis,
1063 1102 1239 1141 Graecae
1268 1116 1359 1156 cap.
1380 1106 1467 1154 14:

49 1155 242 1205 κέπασμα
271 1156 343 1208 τῆς
370 1154 554 1208 κεφαλῆς
575 1185 586 1207 ,
629 1150 654 1193 ὃ
681 1154 924 1195 κουκούλιον
952 1156 1142 1196 καλοῦσι.
1202 1157 1262 1196 Ut
1299 1161 1470 1212 proinde

21 1208 196 1249 &eluerit
222 1209 388 1250 Cocalus
421 1211 572 1250 litteras
601 1210 804 1250 abdendas
847 1211 972 1250 fuisse
1013 1212 1053 1250 in
1097 1211 1254 1251 cucullo
1297 1227 1368 1253 seu
1396 1229 1470 1253 cu-

45 1264 210 1304 ullione.
266 1265 408 1305 Fuisse
457 1274 592 1305 autem
636 1265 816 1304 cucullos
859 1266 1310 1321 Constantinopolitanis
1349 1270 1472 1308 etiam

49 1322 201 1369 sitatos‚
231 1319 357 1373 liquet
386 1335 430 1359 cx
463 1319 721 1374 Curopalata‚
752 1322 822 1373 qui
848 1322 1028 1360 nominat
1056 1320 1243 1361 uanaot'a
1273 1337 1296 1361 a
1327 1337 1468 1376 cappa,

45 1383 184 1429 ratque
212 1377 399 1428 proprius
429 1376 589 1415 habitus
617 1377 864 1422 Tzaconum,
896 1377 1165 1430 eumdemque
1192 1377 1336 1418 tribuit
1367 1380 1468 1417 Cor-

39 1432 175 1470 inariis
205 1431 326 1470 etiam
354 1438 462 1470 extra
490 1430 624 1470 aulam
667 1445 705 1484 p.
737 1445 803 1484 71.
861 1430 1113 1471 Glossarium
1146 1431 1308 1484 Rigaltii
1343 1435 1470 1472 inter-

47 1493 201 1526 retatur
231 1483 460 1538 κου’κουρον
486 1500 569 1526 non
597 1486 722 1524 modo
747 1486 1004 1538 pharetram,
1034 1487 1104 1526 sed
1132 1488 1253 1526 etiam
1286 1487 1468 1542 bulgam,

57 1543 263 1594 arsupium
284 1555 296 1579 e
337 1555 441 1594 quae
468 1544 580 1580 notio
613 1555 666 1580 an
698 1540 792 1580 huic
818 1541 907 1580 loco
935 1543 1109 1591 serviat,
1145 1541 1364 1582 videndum
1393 1551 1466 1582 est.

59 1611 128 1636 aec
155 1595 276 1647 idem,
306 1610 427 1649 quem
456 1596 579 1649 paulo
608 1603 701 1635 ante
726 1597 932 1635 nominavi
961 1604 1000 1635 et
1026 1599 1140 1636 cuius
1168 1610 1243 1648 ope
1272 1598 1469 1636 subsidia-

41 1652 78 1691 ia
104 1665 168 1690 me
195 1651 332 1690 multis
359 1650 457 1690 locis
483 1652 691 1700 adiutum,
738 1651 855 1689 initio
882 1652 1113 1690 testificatus
1146 1665 1235 1690 sum
1282 1653 1467 1691 candide.

52 1713 204 1746 eterum
232 1707 345 1745 notio
374 1706 442 1744 ilia
471 1707 586 1746 verbi
618 1703 845 1757 κου’κουρος
873 1720 946 1758 pro
988 1706 1110 1760 bulga
1154 1720 1224 1745 seu
1264 1708 1470 1760 marsupio

35 1761 111 1801 deo
140 1761 204 1801 hic
246 1760 378 1800 locum
408 1761 557 1800 habere
594 1760 693 1798 mihi
726 1774 807 1798 non
838 1761 998 1799 videtur
1017 1791 1027 1809 ‚
1074 1761 1184 1814 quod
1225 1765 1396 1800 maxime
1425 1763 1468 1800 in

77 1815 152 1870 lgis
178 1823 218 1855 et
250 1817 461 1869 marsupiis
500 1815 656 1855 litterae
693 1822 966 1867 quaeruntur:
1012 1823 1051 1854 et
1079 1817 1303 1868 superiores
1334 1818 1468 1855 notio-

49 1886 90 1911 es
118 1871 273 1911 tamdiu
304 1871 534 1923 amplectar,
566 1871 694 1909 donec
723 1870 864 1908 melius
907 1885 952 1909 ac
981 1872 1114 1910 verius
1143 1878 1211 1909 aut
1240 1878 1347 1910 certe
1373 1886 1470 1924 pro-

50 1925 208 1989 abilius‘
225 1926 276 1966 de
304 1923 467 1981 πούκλῳ
498 1927 700 1967 invenero,
740 1939 916 1965 rorum.
969 1922 1178 1979 προύκλου
1209 1927 1294 1978 Μ.,
1333 1926 1466 1966 deleto

37 1995 153 2021 amen
183 1995 206 2034 ρ
240 1995 263 2020 a
293 1995 415 2020 manu
446 1996 485 2025 2.

130 2037 238 2088 Pag.
261 2036 353 2087 236,
373 2036 411 2076 8.
442 2030 645 2089 ἄρχοντες
686 2032 760 2073 καί
784 2030 1116 2085 α’ρχοντόπουλω.
1171 2036 1377 2074 Sententia
1398 2050 1466 2075 co-

44 2091 75 2131 ‘t
105 2091 318 2131 discrimen
349 2092 492 2143 facere,
525 2093 680 2131 tametsi
715 2090 863 2143 alioqui
902 2090 1127 2129 recentibus
1155 2092 1319 2130 Graecis
1358 2091 1465 2131 idem

42 2147 72 2186 it
98 2141 458 2199 ἄρχοντόπουλον,
506 2146 613 2199 quod
653 2139 810 2196 ἄρχων.
867 2145 977 2195 Quid
1020 2153 1154 2184 autem
1193 2146 1335 2184 melius
1379 2148 1461 2197 sit,

47 2211 50 2214 ⁴
76 2215 141 2240 am
169 2201 282 2240 daces
302 2210 340 2240 ec
359 2203 570 2256 prafstoti,
594 2208 640 2240 ut
661 2214 734 2238 nos
762 2201 946 2246 fecimus,
989 2200 1097 2239 haud
1122 2201 1253 2240 video.
1285 2215 1462 2244 PONTAN.

127 2257 231 2310 Pag.
251 2256 346 2307 236,
367 2270 406 2310 9.
434 2253 542 2307 μετὰ
577 2258 631 2296 Μ.
662 2269 739 2309 pro
766 2250 846 2293 ὑπὸ
875 2262 914 2294 et
938 2254 1009 2293 lin.
1027 2268 1086 2298 12.
1116 2251 1287 2301 αὐτούς.

130 2311 343 2364 Pag.236‚
364 2313 422 2351 13,
452 2309 583 2351 αὐτοῦ
612 2311 702 2351 add.
731 2311 788 2352 M.
822 2317 912 2363 post
937 2314 1086 2364 χεῖρας
1114 2318 1154 2350 et
1181 2325 1259 2351 om.
1289 2310 1313 2350 l.
1351 2309 1414 2362 14.

128 2367 231 2419 Pag.
251 2366 343 2416 238,
363 2379 428 2405 22.
458 2366 517 2412 εἰς
546 2366 744 2404 τοσοῦτον
779 2366 836 2407 Μ.

130 2420 230 2474 Pag.
246 2422 339 2476 239,
356 2420 393 2459 3.
424 2419 581 2474 α’ποζῇν
611 2422 666 2461 Μ.
696 2435 775 2474 mg.
804 2433 877 2473 pro
905 2414 1150 2472 ἐκπορίζειν.

130 2475 232 2529 Pag.
252 2477 345 2530 239,
368 2474 427 2524 ¹4·
455 2471 594 2514 ἔπειτα
624 2474 670 2514 δὲ
697 2474 771 2514 καί
795 2477 857 2514 Μ.

130 2530 233 2583 Pag.
251 2532 342 2585 239,
360 2530 426 2569 23.
458 2530 813 2581 βεβουλευμένους
840 2531 897 2574 Μ.

130 2584 231 2638 Pag.
248 2587 342 2636 240,
358 2585 397 2626 6.
426 2583 699 2635 ἐπιορκοῦντα
729 2587 786 2624 Μ.

128 2639 233 2691 Pag.
255 2639 351 2692 240,
371 2655 383 2679 1
400 2654 433 2680 1.
466 2639 537 2679 τοῦ
564 2639 791 2693 στρατικοῦ
817 2648 856 2681 et
884 2638 1133 2692 Καβάσιλοες
1169 2641 1225 2684 Μ.

131 2693 233 2747 Pag.
252 2693 342 2748 260,
370 2694 432 2736 15.
468 2693 528 2741 εἰς
557 2696 614 2734 Μ.

130 2749 229 2802 Pag.
248 2749 339 2800 240,
358 2762 425 2790 21.
454 2750 680 2791 modeste
706 2750 841 2790 risit.
902 2751 1056 2790 Fatuus
1094 2750 1136 2789 in
1185 2750 1268 2789 risu
1299 2749 1454 2788 exaltat·
