1800 3164
396 151 469 192 AD
507 151 880 194 CANTACUZENJ
919 153 1016 193 Lm.
1055 155 1088 193 1.
1360 134 1470 209 375

33 246 207 289 Moesiae
252 248 449 291 inferioris
478 251 665 305 populos,
695 252 952 306 intelligunt,
994 255 1064 307 qui
1093 246 1259 292 Nicetae
1287 253 1478 293 dicuntur

31 298 183 354 Servii,
214 302 436 358 dequibus
467 307 650 346 similiter
689 309 732 346 in
773 308 850 347 hac
877 308 1045 348 historia
1073 309 1303 361 saepissime
1331 312 1475 362 agitur.

32 353 138 405 Cum
165 365 300 399 autem
331 360 544 402 historicus
586 370 722 402 noster
759 370 950 416 perpetuo
993 370 1034 403 et
1064 371 1294 403 constanter
1331 365 1478 404 scribat

32 407 217 476 leqmic
245 421 287 454 et
318 415 524 467 ΙΠυσίαν,
574 431 648 471 ego
675 419 832 459 Moesos
878 425 918 457 et
949 419 1143 459 Moesiam
1170 420 1303 473 potius
1343 421 1475 458 existi-

34 477 151 510 mavt.
187 481 363 509 romum.

141 521 246 575 Pag.
278 525 341 572 13,
372 527 434 566 13.
459 526 532 566 καί
555 541 637 566 om.
658 528 717 567 M.
743 541 920 582 quoqne,
950 542 1081 581 neque
1109 543 1220 568 nunc
1249 528 1447 570 desidero.

137 577 241 631 Pag.
278 581 342 630 13,
371 594 434 634 ¹9·
465 581 509 621 οἳ
536 582 627 625 add.
657 583 714 621 M.
742 589 832 635 post
859 580 1065 634 ἀγγελίας.

60 671 63 674 .
139 632 241 685 Pag.
268 634 329 686 13,
358 648 423 678 20.
465 636 756 676 Manuelem
797 640 982 676 vivere
1023 638 1270 680 desiisse.
1327 639 1391 678 De
1416 654 1477 692 ge-

31 699 127 726 nere
156 690 295 728 mortis
341 691 426 730 eius
453 691 650 744 Gregoras
682 693 724 731 in
761 691 899 731 limine
931 691 1026 732 libri
1058 697 1207 732 octavi.
1264 694 1305 732 Si
1335 708 1476 733 verum

31 747 115 789 est,
164 744 273 796 quod
318 752 480 791 narrat,
523 746 803 786 miserabiliter
850 748 1003 785 interiit
1056 748 1187 787 bonus
1229 747 1475 789 adolescens.

31 795 253 837 Confirmat
298 801 417 840 etiam
445 800 511 839 hic
550 800 662 840 locus
700 803 906 841 notionem
946 803 1054 841 vocis
1082 803 1287 856 Despota,
1319 803 1369 842 de
1395 818 1476 857 qua

28 862 148 904 supra
177 854 354 905 egimus,
393 855 463 894 ubi
492 855 803 908 Constantinus,
831 857 1056 896 Andronici
1086 859 1250 897 senioris
1282 858 1386 897 filius
1415 874 1476 898 se-

29 906 204 946 cundum
245 909 484 949 Michaelem
532 918 679 957 natus,
719 912 775 951 sic
811 912 1110 952 nominabatur.
1174 913 1474 966 Primogenitus

31 963 137 1002 enim
165 962 372 1003 dicebatur
395 962 613 1015 βασιλεὺς,
657 973 702 1005 ut
732 966 990 1006 Andronicus
1017 982 1177 1021 quoque
1206 969 1364 1020 iunior,
1395 969 1479 1008 fra-

29 1021 90 1062 ter
120 1018 335 1070 Mmuelis,
365 1033 520 1072 semper
547 1021 707 1064 dicitur.
737 1035 908 1061 ΡΟΝΤΑΝ.
939 1018 1010 1062 τὸν
1039 1020 1243 1074 δεσπότην
1269 1024 1328 1062 Μ.

138 1073 242 1126 Pag.
262 1073 381 1126 14‚2.
410 1076 471 1115 ab
504 1076 624 1115 orbe
665 1077 868 1117 condito
899 1079 1072 1117 sexies
1102 1079 1289 1117 miltes.
1316 1078 1475 1119 octin-

29 1135 156 1178 gent.
178 1129 327 1169 vices.
356 1143 500 1174 nono.
560 1131 641 1182 Qui
659 1132 849 1171 tandem?
878 1132 1010 1171 Hodie
1027 1133 1079 1172 ab
1093 1133 1192 1172 orbe
1213 1133 1378 1172 condito
1394 1148 1475 1174 non

30 1179 162 1234 plures
192 1182 312 1235 5564.
345 1193 636 1238 numerantur3
666 1187 871 1240 quomodo
900 1189 1022 1241 igitur
1052 1195 1146 1227 ante
1174 1202 1301 1228 annos
1330 1189 1476 1229 abhinc

28 1234 120 1289 plus
148 1237 342 1279 ducentos
373 1242 597 1294 sexaginta,
645 1255 738 1281 cum
781 1244 857 1282 ista
894 1250 1128 1296 gererentur
1149 1272 1161 1293 .,
1210 1244 1335 1283 sexies
1365 1244 1477 1283 mille

30 1293 247 1347 octingenti
292 1307 438 1334 novem
486 1303 526 1334 et
558 1296 699 1348 viginti
727 1298 930 1336 numerari
962 1303 1183 1351 poterant?
1240 1299 1326 1337 Hac
1353 1299 1405 1337 de
1433 1314 1479 1339 re

28 1358 123 1388 cum
160 1348 448 1389 consuluissem
476 1351 527 1393 D.
552 1352 737 1390 Marcum
766 1352 977 1392 Velserum
995 1383 1006 1401 ‚
1051 1353 1171 1392 huius
1199 1354 1258 1392 rei
1291 1353 1389 1406 pub.
1419 1354 1477 1397 ill,

30 1402 164 1442 virum
192 1410 232 1443 et
267 1407 398 1444 omnis
440 1407 691 1459 antiquitatis
731 1409 1040 1461 peritissimum,
1084 1410 1140 1448 sic
1174 1408 1275 1447 mihi
1301 1409 1352 1447 ad
1384 1423 1476 1448 ver·-

21 1454 130 1497 ÷bum
157 1459 381 1513 rescripsit:
421 1461 477 1501 Re
510 1463 730 1501 accuratius
755 1477 973 1518 perpensa,
1004 1464 1314 1502 Cantacuzenum
1339 1477 1477 1504 eorum

29 1525 169 1552 aeram
193 1517 302 1569 sequi
314 1515 441 1564 video,
461 1517 534 1571 qui
557 1517 748 1557 Christum
773 1533 880 1557 anno
906 1519 1047 1558 mundi
1077 1519 1196 1558 5508.
1223 1527 1358 1558 natum
1383 1520 1477 1558 exi«

28 1569 199 1608 stimant.
255 1570 379 1609 Ilanc
415 1581 547 1610 antem
577 1585 647 1610 usu
681 1573 731 1610 ab
770 1574 936 1613 ecclesia
967 1583 1160 1628 receptam
1192 1589 1271 1612 esse
1301 1575 1360 1612 ait
1386 1573 1476 1613 An-

27 1624 154 1663 tonius
183 1623 342 1664 Contius
367 1626 410 1664 in
451 1627 554 1665 notis
580 1626 768 1666 Chronol.
798 1628 1118 1682 Nicephorianae
1167 1643 1258 1682 cap.
1283 1643 1322 1682 9.
1356 1637 1394 1666 et
1422 1638 1477 1667 te-

27 1679 217 1718 :timoniis
246 1680 482 1734 comprobat
496 1710 512 1727 ,
542 1690 585 1719 ut
613 1682 749 1721 videre
775 1692 833 1722 est
861 1683 904 1721 in
938 1683 1111 1722 secunda
1142 1684 1309 1722 editione
1334 1683 1476 1722 biblio-

28 1734 160 1772 thecae
191 1743 410 1774 sanctorum
438 1735 620 1783 Patr-um,
660 1745 761 1776 tomo
784 1752 821 1791 7.
861 1738 1005 1776 colum.
1034 1736 1130 1790 984.
1176 1737 1316 1777 Annus
1346 1739 1475 1792 itaque

29 1787 170 1843 6829„
196 1801 273 1843 quo
298 1790 476 1828 Michael
504 1800 674 1830 mortuns
706 1801 783 1843 est,
815 1793 891 1830 erit
921 1793 1065 1831 Christi
1101 1792 1231 1842 1321„
1273 1806 1348 1846 quo
1375 1806 1475 1832 sane

29 1844 209 1884 cut-mbae
245 1844 407 1884 indic-tio
438 1854 580 1900 quarta
598 1875 610 1896 ‚
651 1861 771 1900 quam
805 1847 1091 1886 Cantacnwnus
1130 1849 1172 1886 in
1206 1848 1312 1886 calce
1344 1844 1412 1887 lib.
1443 1861 1477 1888 1.

29 1907 207 1940 annotat.
268 1900 388 1954 Quod
425 1900 518 1939 inde
544 1909 674 1955 potest
703 1901 864 1942 ostendi.
930 1902 1051 1941 Datis
1079 1903 1194 1941 annis
1230 1903 1403 1952 Christi,
1442 1904 1479 1940 si

32 1968 158 1995 annos
185 1954 280 1994 312.
305 1955 522 2006 atfin'mns
552 1965 590 1994 et
609 1956 776 2011 reliquos
796 1971 875 2011 per
904 1955 966 1997 15.
1004 1957 1223 1996 dividimus
1237 1987 1248 2006 ‚
1283 1957 1480 2012 quidquid

23 2010 228 2064 provenit,
255 2010 478 2050 indictionis
504 2025 707 2050 munerum
738 2012 899 2050 indicat.
962 2012 1054 2050 Iam
1083 2013 1120 2050 si
1145 2026 1172 2050 a
1212 2013 1328 2054 1321.
1364 2012 1484 2062 cuffe-⁴

31 2077 97 2104 ras
114 2065 221 2115 312„
251 2074 451 2105 remanent
477 2067 576 2106 anni
603 2081 731 2120 1009.,
757 2068 827 2121 qui
843 2080 921 2121 per·
941 2067 1162 2121 quindecim
1188 2067 1325 2115 divisi,
1348 2075 1475 2105 osten-

30 2118 130 2159 dunt
159 2121 291 2160 orbem
320 2121 574 2160 indictionum
613 2123 793 2175 sexagies
830 2124 967 2176 septies
996 2123 1216 2162 absolutum
1246 2131 1284 2162 et
1309 2131 1481 2176 quatuor·

31 2188 155 2214 annos
186 2175 410 2215 indictionis
439 2178 705 2228 sexagesimae
740 2186 901 2216 octavae
929 2192 1008 2216 esse
1049 2178 1234 2233 reliquos-
1291 2176 1383 2215 IIoe
1406 2185 1473 2226 esc,

29 2230 138 2284 quod
151 2231 383 2285 ponebatur,
413 2232 665 2270 imliccionem
691 2241 872 2271 (nat-tam
903 2234 1118 2273 numerari.
1171 2231 1311 2272 Annus
1346 2231 1474 2271 6835.

30 2293 87 2324 est
108 2285 253 2325 Christi
285 2287 399 2340 1327.
424 2296 462 2325 et
487 2287 649 2326 inda-tio
674 2288 843 2334 cecima,
869 2288 977 2342 quod
1007 2302 1092 2326 cum
1120 2288 1315 2343 superiori
1329 2302 1476 2341 suppu-

31 2340 176 2380 tatione
213 2341 476 2381 demonstran·
507 2351 634 2396 potest
648 2372 658 2389 ,
707 2351 789 2381 tum
824 2342 919 2382 inde
959 2344 1206 2393 manifestum
1245 2351 1301 2380 est
1314 2371 1329 2391 ,
1371 2342 1481 2396 qnod

29 2404 143 2435 sexto
182 2405 273 2435 ante
305 2411 409 2436 anno
438 2398 520 2451 ipse
545 2397 833 2438 Cantacuzenus
878 2407 1065 2453 quartam
1104 2398 1355 2437 indictionem
1402 2411 1474 2435 no-

31 2451 168 2490 minat.
246 2450 525 2492 Verumtamen
557 2466 661 2491 anno
690 2453 806 2505 ¹327.
843 2463 935 2507 post
975 2468 1142 2493 mensem
1179 2453 1446 2506 Septembrem
1461 2482 1472 2498 ,

30 2519 105 2559 quo
130 2506 278 2545 Graeci
312 2507 541 2546 indictiones
574 2508 875 2562 auspicabantur
888 2537 900 2559 ‚
936 2509 1184 2548 undecimam
1217 2507 1472 2545 imliecionem

28 2560 182 2613 cepisse.
238 2561 321 2600 Sed
343 2564 438 2617 quia
472 2563 515 2601 in
549 2563 693 2602 scheda
719 2571 786 2602 tua
820 2563 904 2602 dies
934 2564 1010 2602 XI
1008 2564 1060 2603 V.
1095 2562 1302 2602 Kalendas
1332 2561 1469 2600 Iunias

33 2614 235 2670 adscripta
271 2626 355 2656 erat
369 2646 381 2666 ,
423 2619 614 2657 rationem
636 2649 647 2667 ‚
677 2633 755 2672 qua
787 2618 1097 2658 Canlacuzenum
1136 2620 1218 2657 sive
1261 2616 1471 2655 librarium

33 2682 213 2708 excusem
227 2700 239 2720 ‚
265 2685 342 2711 non
369 2673 527 2713 invenio
540 2703 552 2722 ,
595 2674 786 2728 ιςιὶμιιίῖιίη
816 2673 944 2714 codex
977 2676 1032 2713 ita
1058 2674 1253 2728 praesert-
1328 2671 1473 2709 Hacte-

35 2736 110 2764 nus
139 2724 219 2764 itte.
276 2726 414 2778 Solent
439 2743 532 2783 crgo
551 2729 692 2768 Gracci
724 2737 903 2783 tempora
934 2729 984 2768 ab
1013 2729 1127 2769 annis
1157 2727 1296 2767 mundi
1326 2724 1475 2764 conditi
