1794 3158
293 148 402 224 390
797 167 1210 210 ANNOTATioNEs

289 270 391 322 deri,
420 270 635 325 depravato
664 271 704 310 in
737 268 841 308 hanc
869 268 1010 307 faciem
1036 267 1247 318 vocabulo,
1276 269 1476 309 Genuensi
1505 270 1720 322 idiotismo,

288 327 358 379 qui
398 326 502 366 inter
544 323 931 366 Italicas'dialectos
972 325 1235 364 crassissimus
1265 331 1351 365 est..
1391 325 1446 364 Et
1481 326 1723 379 Raphaelem

288 395 382 420 sane
410 382 575 420 Doriam
612 380 820 418 maritimis
851 378 1108 432 praefecturis
1153 379 1220 418 illa
1250 386 1378 419 aetate
1402 379 1589 420 claruisse
1609 411 1619 427 ‚
1656 382 1720 420 hi-

287 437 431 475 storiae
458 435 686 484 ostendunt,
717 446 846 487 neque
867 432 1024 472 Folieta
1053 435 1094 472 in
1119 433 1256 487 elogiis
1274 433 1507 476 dissimulat.
1566 435 1722 476 Verum

287 491 434 529 Temar
463 490 632 529 familiae
659 490 768 543 quod
806 490 1015 541 vestigium
1042 491 1281 542 reperiemus
1301 493 1320 528 ’ἔ
1375 491 1421 529 In
1452 490 1723 531 Genuensium

287 545 496 585 annalibus
536 547 691 598 saepius
730 544 839 583 obvii
867 545 952 583 Uso
981 545 1021 584 di
1054 546 1193 596 mare,
1235 545 1319 584 sive
1356 546 1517 598 antique
1543 546 1631 585 Uso
1672 546 1724 585 de

286 614 398 640 mare
434 607 473 638 et
503 599 589 638 Uso
631 600 681 639 de
717 614 835 649 mar,
880 613 981 652 quos
1013 599 1167 638 Folieta
1204 600 1313 638 Usus
1353 601 1499 639 marios
1538 601 1724 654 appellat.

287 655 371 694 Hos
401 656 518 706 ipsos,
548 655 700 694 abiecta
727 656 858 709 prima
884 654 1043 702 vocula,
1073 662 1117 693 ut
1137 669 1159 693 a
1181 655 1304 708 vulgo
1333 654 1539 695 brevitatis
1565 664 1725 695 amante

285 709 372 748 fieri
401 709 526 758 solet,
567 711 745 759 Demar,
772 717 912 763 ‘atque
950 710 1044 748 inde
1079 711 1227 749 Temar
1254 711 1380 749 dictos
1406 709 1555 760 fuisse,
1585 711 1724 750 admo-

284 764 382 802 dum
414 772 580 817 apparet
607 765 827 818 probabile.
886 765 995 804 Haec
1022 765 1226 806 Velserus.
1284 765 1454 818 Raphon
1473 765 1621 806 Temar
1639 767 1725 806 sine

285 818 410 858 dubio
437 826 496 857 est
523 820 704 872 Raphael
733 822 891 859 Temar.
921 833 1092 859 PONTAN.
1121 817 1250 873 τεμὰρ
1284 821 1340 861 Μ.

393 875 498 926 Pag.
520 875 587 928 39,
612 890 648 928 7.
681 875 806 914 νικῶν
834 876 890 914 Μ.

393 930 501 980 Pag.
519 930 587 983 39,
607 944 645 983 9.
678 924 1039 981 παραζευγνύντος
1065 935 1172 969 recte
1200 928 1281 970 Mc

395 983 498 1036 Pag.
521 983 589 1032 άο,
612 983 648 1023 5.
681 978 824 1037 ἐτέρου
856 985 911 1025 Μ.

395 1038 584 1090 Pag.4o‚
604 1038 671 1081 25.
700 1033 788 1090 εἶχε
824 1037 955 1090 λέγειν
983 1033 1162 1090 θαρῥεῖν
1186 1039 1243 1079 Μ.
1271 1050 1460 1092 quoque3
1499 1039 1620 1093 idque
1660 1054 1727 1081 re-

285 1093 531 1133 stituendum
559 1100 630 1136 est.
685 1093 796 1132 Talis
823 1093 996 1132 inversio
1024 1093 1249 1146 saepissime
1275 1095 1383 1148 apud
1410 1102 1607 1136 nostrum.

396 1147 496 1200 Pag.
514 1146 585 1199 41,
610 1162 641 1188 1.
670 1141 909 1201 προῦφερεν
941 1149 1001 1186 Μ.

392 1203 494 1255 Pag.
514 1202 583 1253 41,
601 1202 641 1242 5.
670 1198 1001 1253 ἐπιτρεπομένων
1041 1199 1082 1240 δ’
1105 1199 1261 1243 αὐτῶν.
1313 1204 1421 1258 Lego
1447 1204 1728 1260 προτρεπομέ-

283 1272 389 1309 νων,
418 1259 627 1310 perspicue
656 1257 695 1296 id
724 1257 951 1310 postulante
979 1257 1190 1297 sententia.
1213 1272 1392 1300 PONTAN.

394 1311 496 1365 Pag.
516 1312 582 1362 41,
605 1312 642 1352 5.
673 1310 960 1365 ἐπιτέτραφθε
988 1313 1048 1351 Μ.
1104 1331 1107 1337 ’

392 1368 496 1420 Pag.
518 1368 588 1417 41,
612 1381 671 1406 10.
703 1366 1026 1407 Salomonis.
1082 1366 1350 1407 Ecclesiastici
1399 1383 1486 1422 cap.
1529 1368 1593 1408 ¹8.
1635 1377 1731 1408 ante

282 1421 510 1475 languorem
541 1423 708 1461 humilia
731 1431 783 1471 te,
821 1431 859 1460 ec
887 1424 930 1461 in
958 1431 1130 1475 tempore
1165 1423 1406 1479 infir-mitat&
1447 1423 1602 1463 ostende
1634 1438 1728 1463 con—

280 1478 540 1517 versationem
569 1487 693 1519 tuam.
750 1478 903 1516 Graece
936 1478 992 1515 sic
1030 1476 1176 1529 legitur
1219 1479 1259 1516 in
1301 1479 1584 1531 Septuaginta:
1628 1478 1731 1528 πρὶν

282 1528 559 1585 ἄρ’ῥωστῆσαί
576 1545 623 1570 σε
656 1527 946 1583 ταπεινότητι,
976 1531 1048 1569 καί
1078 1531 1122 1570 ἐν
1147 1532 1280 1586 καιρῷ
1306 1530 1618 1584 ἁμαρτημάτων
1644 1532 1727 1572 δεῖ·

281 1586 349 1633 ξον
388 1581 660 1639 ἐπιστροφήν.
716 1587 870 1626 Graeca
901 1585 973 1627 illa
1005 1585 1270 1627 Cantacuzeni
1304 1589 1458 1629 Latinis
1493 1589 1629 1642 potius
1663 1601 1730 1627 reu

282 1640 494 1694 spondent.
525 1654 696 1681 PONTAN.

391 1696 492 1748 Pag.
509 1695 578 1746 41,
603 1710 665 1750 ¹7·
696 1691 854 1748 ἑτέροις
879 1697 939 1739 Μ.

392 1749 632 1804 Pag.42‚5.
664 1749 858 1803 συνάγειν
890 1753 946 1793 M.
981 1765 1060 1804 mg.
1089 1765 1164 1804 pro
1195 1749 1386 1807 συνορᾷν.

393 1804 633 1858 Ρας.42,8.
666 1816 802 1846 cer-ta
828 1808 1066 1860 pericula
1091 1807 1247 1845 saluti
1277 1822 1367 1846 non
1399 1816 1558 1862 antep.
1588 1806 1672 1846 Cic.
1695 1821 1733 1854 1,

284 1860 335 1899 de
353 1859 459 1900 Offi:
486 1860 702 1915 Nunquam
730 1864 891 1901 omnino
906 1863 1077 1916 periculi
1092 1863 1204 1913 ficga
1231 1863 1548 1902 committendum
1573 1870 1648 1910 est,
1688 1870 1731 1901 ιιι

283 1915 458 1954 imbelles
492 1915 703 1970 tirn.'‘dique
728 1916 950 1958 videamur.
1007 1916 1094 1955 Sed
1105 1917 1351 1971 fugiendum
1377 1917 1498 1955 etiam
1529 1917 1654 1966 illud,
1681 1931 1730 1955 ne

284 1969 495 2020 offeramus
525 1984 594 2010 nos
619 1972 810 2025 periculis
840 1972 927 2011 sine
959 1985 1076 2011 causa
1091 1999 1105 2020 ‚
1134 1985 1213 2025 quo
1239 1972 1344 2013 nihil
1363 1980 1492 2026 potest
1515 1985 1594 2011 esse
1633 1972 1731 2011 scul-

284 2033 373 2064 uus.
407 2037 578 2065 PONTAN.

395 2079 497 2130 Pag.
515 2079 583 2129 42,
609 2094 667 2120 10.
700 2078 746 2121 τὸ
773 2077 910 2120 τοίνυν
936 2082 993 2124 Μ.

394 2132 497 2185 Pag.
517 2133 586 2185 42,
611 2149 673 2176 12.
706 2134 974 2189 παρέχοντας
1002 2134 1058 2175 Μ.

394 2185 495 2238 Pag.
515 2187 586 2239 42,
609 2203 670 2229 12.
715 2187 886 2242 μακρὰν
927 2189 1204 2243 ἀφεστηκέναι
1254 2186 1412 2238 νομίζω
1456 2186 1606 2236 παντὸς
1649 2202 1732 2227 ειιαω,Δ

285 2237 374 2278 κοῦ.
429 2240 655 2282 Necessario
685 2253 778 2284 ante
804 2240 969 2296 μακρὰν
1001 2245 1196 2298 particula
1225 2259 1373 2298 negans
1399 2243 1619 2285 adiicienda
1648 2250 1724 2294 est,

284 2297 559 2347 praetermissa
586 2311 610 2336 a
638 2299 816 2341 librario.
871 2299 1012 2354 ltaque
1038 2300 1338 2354 interpretando
1366 2300 1594 2343 adiecimus.
1625 2312 1725 2342 Rou-

287 2361 382 2392 nn.
412 2349 567 2399 νομίζω
601 2353 690 2394 add.
724 2356 782 2396 M.
814 2367 893 2407 mg.

392 2403 580 2455 Pag.42‚
600 2420 665 2451 21,
694 2409 774 2448 τῶν
803 2423 883 2452 om.
916 2410 974 2451 M.

393 2456 500 2510 Bag.
516 2458 582 2509 43,
600 2460 639 2512 4.
669 2460 934 2513 ἀμυνομένου
965 2465 1026 2504 Μ.

394 2512 581 2566 Pag.45‚
607 2515 667 2559 15.
697 2516 814 2556 δοκεῖ
839 2520 895 2559 Μ.
924 2533 1005 2572 mg.
1030 2532 1103 2572 pro
1132 2512 1339 2571 φαίνεται.

395 2565 498 2619 Pag.
515 2566 587 2618 45,
611 2582 669 2623 19.
701 2569 1040 2624 συνεληλύθαμεν
1071 2575 1127 2612 Μ.

395 2620 588 2673 Ραθάίι,
611 2636 651 2662 2.
687 2627 890 2678 ingenii
932 2629 1134 2667 humani
1169 2627 1505 2669 imbecillitas.
1550 2625 1727 2665 Vei-issi·-

287 2687 399 2714 mum
416 2682 490 2724 est,
518 2677 627 2728 quod
646 2679 701 2719 ait
723 2693 757 2718 1.
782 2681 864 2720 Off.
893 2684 950 2720 M.
976 2682 1149 2730 Tullius,
1181 2696 1318 2722 omnes
1346 2682 1528 2721 homines
1558 2681 1664 2720 trahi
1686 2686 1726 2719 et

286 2729 379 2768 duci
397 2729 448 2770 ad
466 2732 700 2784 cognitionis
719 2741 759 2773 et
778 2737 963 2776 scientiae
985 2738 1242 2790 cupiditatem
1265 2744 1304 2776 et
1321 2738 1406 2778 veri
1428 2735 1589 2777 videndi
1607 2749 1632 2774 a
1650 2749 1723 2774 na-
