1794 3158
338 152 445 209 382
851 166 1262 208 ANNOTATloNEs

339 272 462 312 robur
504 272 582 312 iam
622 268 909 322 Hadrianopoli
950 268 1060 309 velut
1098 269 1138 307 in
1176 266 1348 307 excubiis
1377 267 1593 309 haberent:
1623 270 1731 311 uude
1753 300 1765 323 ‚

339 330 551 368 momentis
577 341 711 366 rerum
740 341 785 364 ex
813 338 887 362 usu
925 338 998 363 suo
1043 323 1306 377 gerendarum
1334 325 1641 377 animadversis,
1670 341 1768 380 pro-

339 383 449 436 gredi
504 382 665 421 aulatim
693 382 810 419 latius
858 386 897 419 ct
929 380 970 418 in
998 379 1185 431 Europae
1223 379 1374 419 viscera
1403 380 1572 434 grassari
1597 388 1769 435 possent,

337 398 614 479 Leunciiivius.
643 449 818 475 Ponun-

447 493 544 544 Pag.
574 490 642 541 24,
673 504 713 529 2.
740 486 990 529 κινδυνεύειν
1022 489 1079 528 Μ.

443 547 544 599 Pag.
573 545 638 596 24,
667 545 706 585 8.
737 541 811 583 καί
838 545 932 584 add.
953 545 1009 583 M.
1040 551 1133 583 ante
1159 542 1234 595 τῆς
1263 541 1534 596 κατασκευῆς.

445 602 629 653 Pag.24‚
651 615 712 639 11.
746 600 809 638 ab
833 599 1203 638 Orientalibus
1235 613 1288 637 ac
1318 599 1580 638 Threiciis
1604 600 1763 640 seclu-

332 661 466 699 dens·
498 656 682 695 Arbitror
702 655 752 693 ad
769 656 876 694 hunc
895 654 1027 693 locum
1043 656 1253 707 pertinere,
1285 654 1392 706 quod
1408 654 1595 694 scribitur
1617 669 1641 694 a
1663 656 1765 695 Gre-

332 728 428 766 gora
456 711 559 751 libro
586 711 753 764 septimo
769 740 780 758 ‚
823 709 1097 749 Andronicum
1126 711 1322 749 seniorem
1348 708 1511 762 longum
1536 723 1695 749 murum
1713 710 1767 750 ad

332 766 633 820 Christopolim‚
650 780 674 805 a
692 767 792 804 mari
809 779 934 818 usque
948 764 998 802 ad
1012 765 1131 804 vicini
1147 765 1295 803 montis
1311 778 1500 803 cacumen
1516 766 1764 816 exstruxisse,

330 831 376 862 ut
402 823 512 862 locus
551 823 584 860 is
613 835 654 860 se
683 822 812 859 invito
851 833 1013 873 prorsus
1040 821 1259 858 inaccessus
1287 825 1389 858 esset
1415 820 1487 866 iis,
1525 819 1594 872 qui
1635 819 1701 860 vel
1743 834 1767 860 e

330 879 502 917 Thracia
530 878 571 915 in
600 875 901 924 Macedoniam,
943 873 1009 914 vel
1047 887 1069 913 e
1106 874 1341 913 Macedonia
1378 875 1422 912 in
1448 873 1665 914 Thraciam
1690 875 1767 914 iter

329 932 537 973 haberent.
566 944 738 970 PONTAN.

439 988 541 1039 Pag.
568 986 634 1035 24,
671 985 734 1034 14.
766 979 964 1035 ἀλλήλοις
1006 967 1051 1022 ἴτε
1089 978 1399 1034 συνταξάμενοι.
1453 984 1544 1025 Vox
1583 980 1768 1029 συντάσ-

332 1044 484 1083 oscam
514 1042 632 1080 sacris
665 1039 926 1092 scriptoribus
953 1039 1059 1077 idem
1099 1038 1233 1088 valet,
1273 1038 1384 1092 quod
1426 1032 1765 1088 οἷποτάσσεσθαι,

329 1099 546 1137 valedicere
563 1126 573 1143 ‚
605 1097 646 1134 in
680 1095 853 1147 digressu
893 1094 1060 1133 salutem
1086 1093 1228 1133 dicere.
1285 1094 1420 1143 Quare
1463 1089 1766 1144 συντακτήριος

329 1148 448 1204 λόγος
489 1151 669 1203 Gregorii
709 1150 947 1188 Nazianzeni
964 1177 976 1199 ‚
1022 1155 1183 1187 centum
1232 1149 1522 1202 quinquaginta
1572 1148 1764 1201 episcopis

329 1206 599 1262 praesentibus
626 1204 811 1254 habitus,
832 1210 892 1242 est
919 1217 962 1242 ea
994 1205 1148 1254 oratio,
1171 1217 1293 1256 quam
1320 1206 1451 1257 primo
1479 1216 1640 1256 quoque
1663 1210 1766 1242 tem-

330 1277 426 1316 pore
453 1262 694 1301 discessurus
725 1259 1022 1312 pronuntiavit,
1045 1264 1085 1297 et
1112 1260 1304 1311 episcopis
1332 1259 1410 1298 illis
1433 1258 1633 1300 valedixit.
1663 1258 1768 1298 Item

330 1318 437 1371 apud
464 1318 759 1356 Damascenum
777 1343 789 1361 ‚
820 1313 950 1362 libro,
999 1313 1109 1367 quod
1137 1315 1286 1352 mortui
1314 1314 1536 1353 viventium
1566 1312 1766 1353 beneficiis

330 1373 518 1412 inventur
534 1402 545 1419 ,
566 1365 860 1420 συντακτήριον
887 1369 1056 1420 θρηνεῖν
1081 1375 1139 1407 est
1166 1371 1208 1407 in
1231 1370 1368 1407 ultimo
1386 1369 1560 1420 digressu
1568 1366 1681 1422 flere
1716 1381 1765 1407 ac:

328 1428 550 1467 lamentari.
606 1425 728 1466 Plura
739 1424 881 1463 Billius
899 1423 1095 1464 observat.
1110 1437 1258 1462 sacrar.
1283 1422 1355 1462 lib.
1375 1438 1406 1462 1.
1426 1437 1461 1463 c.
1492 1436 1559 1462 22.
1585 1436 1762 1464 romum.

436 1484 542 1535 Pag.
574 1480 641 1530 24,
676 1495 744 1520 21.
774 1475 848 1518 καί
873 1479 1045 1517 addend.
1066 1491 1087 1517 e
1113 1479 1170 1520 M.
1200 1485 1292 1516 ante
1312 1473 1611 1532 πληρωμάτων.

440 1539 542 1591 Pag.
574 1534 639 1587 24,
671 1537 739 1575 23.
774 1535 984 1575 nautica
1009 1533 1238 1574 licentia.
1266 1533 1404 1572 Genus
1419 1531 1631 1571 hominum
1651 1529 1767 1576 valde

328 1593 558 1647 improbum
599 1599 770 1638 nautae,
828 1590 1041 1642 periurum
1068 1616 1080 1637 ‚
1126 1587 1322 1637 mendax,
1372 1602 1497 1627 naves
1543 1587 1691 1627 alienas
1726 1595 1767 1628 et

327 1649 510 1689 homines
538 1646 785 1699 despolians:
826 1658 925 1698 quos
964 1642 1134 1697 apologo
1177 1642 1352 1695 quodam
1378 1643 1532 1683 notavit
1559 1642 1764 1696 Aesopus,

330 1705 426 1743 dum
455 1717 520 1743 eos
549 1704 645 1741 dicit
674 1702 715 1740 in
742 1706 976 1752 tempestate
1004 1697 1131 1738 multa
1159 1697 1234 1737 diis
1260 1711 1423 1748 vovere,
1456 1711 1574 1751 quae,
1605 1711 1697 1737 cum
1723 1698 1766 1738 in

327 1758 440 1799 littus
476 1757 575 1797 salvi
613 1756 868 1810 pervenerint
892 1783 904 1804 ‚
949 1755 1114 1793 minime
1155 1751 1327 1792 solvant.
1390 1754 1446 1793 Et
1483 1767 1575 1792 cum
1623 1752 1767 1806 quibus

326 1815 418 1854 Bias
443 1812 657 1866 navigabat
685 1810 822 1864 impii,
868 1809 1094 1862 quibusque
1122 1809 1163 1847 in
1194 1822 1311 1848 saeva
1339 1815 1572 1861 tempestate
1599 1807 1766 1848 deorum

327 1884 444 1922 opem
471 1868 777 1922 implorantibus
810 1865 990 1904 dicebat:
1023 1867 1141 1903 tacete
1159 1893 1170 1912 ,
1210 1878 1257 1902 ne
1291 1877 1359 1902 vos
1393 1864 1459 1902 illi
1487 1865 1549 1902 hic
1576 1864 1766 1916 navzigare

326 1926 499 1964 sentiant
516 1954 526 1972 ,
557 1929 704 1962 nautae
735 1921 987 1974 potissimum
1015 1926 1140 1960 erant.
1195 1919 1390 1958 Laertius.
1418 1917 1602 1972 Euripid.
1632 1918 1767 1957 Hecu-

326 1979 406 2031 ba,
448 1979 517 2018 ubi
549 1978 618 2018 illa
646 1978 791 2017 misera
816 1976 961 2015 mulier
991 1975 1147 2028 captiva
1175 1975 1256 2013 iam
1284 1981 1323 2012 et
1351 1987 1465 2013 serva
1488 1974 1610 2012 mittit
1635 1973 1766 2012 famu—

327 2033 433 2082 lam,
463 2048 564 2087 quae
595 2039 706 2087 petat
723 2047 747 2071 a
777 2032 965 2081 Graecis,
995 2044 1046 2069 ne
1074 2029 1171 2082 quid
1198 2030 1239 2067 in
1258 2043 1402 2081 corpus
1422 2028 1526 2067 [iliae
1540 2026 1766 2080 Polyxenae

326 2089 406 2127 iam
449 2089 500 2127 ad
536 2087 707 2128 Achillis
743 2086 945 2127 tumulum
974 2093 1168 2124 mactatae
1204 2083 1411 2136 designent
1447 2082 1681 2122 illiberalius
1719 2097 1766 2122 ac

328 2142 599 2196 petulantius,
636 2142 680 2182 ἐν
719 2138 798 2196 γάρ
847 2141 984 2195 μυρίῳ
1027 2133 1310 2192 στρατεύματι
1351 2133 1579 2185 ἀκόλαστος
1617 2130 1764 2189 ὄχλος,

328 2197 500 2248 ναυτική
527 2198 560 2237 τ’
591 2196 799 2250 ἀναρχία,
827 2195 1030 2247 κρείσσων
1055 2191 1203 2247 πυρός.
1262 2193 1440 2247 Sumpsit
1467 2206 1560 2247 ergo
1600 2192 1652 2232 ab
1678 2192 1765 2232 Eu-

272 2267 276 2272 ·
328 2252 456 2306 ripide
477 2252 797 2302 Cantacuzenus,
826 2258 874 2290 ut
898 2251 1025 2291 vides.
1046 2251 1227 2290 ῬΟΝΤΔΝ.

438 2306 536 2360 Pag.
567 2308 644 2357 25,
671 2307 710 2358 4.
733 2301 997 2347 Ἀπόκαυκον
1039 2307 1095 2344 Μ.
1133 2304 1296 2357 ubique.
1363 2302 1614 2356 Nicephorus
1660 2316 1762 2356 quo-

330 2375 408 2415 que
438 2361 634 2415 Gregoras
660 2362 863 2401 hominem
891 2368 1118 2401 constanter
1151 2361 1207 2399 sic
1233 2357 1430 2413 appellat3
1465 2360 1598 2410 itaque
1630 2357 1696 2397 hic
1724 2365 1764 2397 et

329 2418 516 2469 deinceps
543 2418 696 2469 corrige
723 2417 868 2457 codicis
897 2418 946 2457 P.
981 2416 1244 2470 scripturam,
1290 2421 1335 2454 ut
1365 2415 1446 2453 iam
1485 2413 1650 2453 fecimus
1688 2426 1761 2453 vo-

329 2471 482 2512 lumine
517 2472 702 2512 secundo.

441 2525 542 2578 Pag.
572 2526 638 2575 26,
668 2527 708 2576 4.
749 2542 848 2581 per·
882 2535 1185 2566 senatorem.
1241 2524 1415 2564 Nomina
1457 2519 1686 2574 σύγκλητος
1721 2530 1762 2562 et

329 2576 599 2633 συγκλητικὸς
613 2610 625 2631 ,
650 2590 801 2621 senatus
824 2590 862 2622 et
893 2591 1075 2631 senator,
1105 2580 1213 2635 quod
1237 2580 1336 2619 mihi
1353 2578 1491 2619 videor
1510 2577 1759 2627 observasse,

331 2642 469 2676 noster
496 2636 666 2688 scriptor
707 2636 817 2676 varie
854 2644 1035 2690 usurpat.
1089 2637 1207 2675 Nunc
1249 2636 1356 2674 enim
1391 2647 1573 2686 proceres
1609 2631 1761 2676 aulicos

332 2689 597 2730 conciliumve
644 2690 817 2730 aulicum
854 2707 921 2731 seu
949 2699 1130 2732 senatum
1160 2688 1403 2742 imperialem
1435 2689 1518 2727 sive
1546 2689 1761 2739 imperato-

329 2747 469 2786 rium:
519 2759 626 2786 nunc
655 2744 750 2789 belli
777 2746 896 2787 duces
929 2746 1192 2788 conciliumve
1215 2744 1433 2796 bellicum,
1477 2750 1516 2784 et
1548 2742 1760 2795 utrobique
