1794 3158
349 135 463 202 546
863 153 1276 196 ANNOTA‘rioNsss

345 257 526 309 rogantia
554 257 797 295 Graecorum
826 262 865 294 ct
901 258 984 310 ipse
1013 257 1132 295 etiam
1161 256 1500 295 schismaticorum
1529 257 1666 310 genius
1701 256 1777 296 La-

342 314 448 350 tinos
477 326 501 350 a
529 312 706 351 Concilio
746 324 885 350 rursus
927 311 1106 364 cogendo
1153 312 1373 351 absterrere
1411 313 1553 351 merito
1600 319 1770 365 poterat.

346 367 444 406 Cum
472 367 675 405 multitudo
717 368 773 405 ita
808 367 1040 423 confirmatu
1082 376 1120 405 et
1149 368 1190 406 in
1219 367 1314 422 fide
1349 366 1486 422 defixa
1525 368 1575 406 sit
1596 396 1608 416 ‚
1647 368 1778 420 inquit

345 422 618 461 schismaticus
647 422 856 474 Gregmas,
882 423 951 476 qui
980 422 1055 461 hoc
1083 423 1169 475 ipso
1201 429 1378 475 tempore
1405 421 1580 471 vivebat,
1610 430 1651 460 ut
1663 423 1780 473 ser-ri

344 478 713 527 Jmturamstccilius
740 487 874 525 mutes,
902 492 1020 533 quam
1048 491 1111 516 eos
1136 478 1343 532 paululum
1381 490 1410 516 a
1443 478 1588 532 patriis
1611 477 1778 530 dogma·

343 534 441 571 tibus
468 533 660 571 abducas.-
691 532 790 588 quid
814 546 908 589 opus
938 542 993 572 est
1020 533 1343 587 disputationibus
1371 534 1436 584 (et
1463 531 1680 582 Conciliis)
1713 534 1779 572 ni·-

343 589 402 625 lzit
443 588 695 641 profitturis?
755 588 808 627 Ut
849 589 954 627 enim
998 597 1036 627 et
1071 590 1153 642 ipse
1194 588 1363 641 apostoli
1393 587 1522 626 verbis
1564 596 1778 641 opportune

343 652 447 692 utar,
479 657 706 697 persuasum
736 644 857 682 habeo
878 673 888 693 ‚
922 658 1043 699 neque
1070 652 1230 682 mortem
1254 672 1266 693 ,
1309 656 1430 698 neque
1466 643 1598 682 vitam
1615 670 1627 691 ‚
1656 657 1778 698 neque

343 699 519 750 angelm,
553 713 675 752 neque
702 700 968 754 principatus,
994 714 1116 753 neque
1135 707 1353 752 potestates,
1382 711 1502 752 neque
1526 700 1773 751 praesentia,

342 768 464 807 neque
488 751 631 806 fictura
647 784 658 804 ‚
689 769 810 808 neque
836 754 1078 792 altitudinem
1099 783 1108 800 ‚
1144 767 1270 808 neque
1295 752 1604 807 profimditatem
1617 781 1630 800 ‚
1657 767 1780 806 neque

342 809 472 846 ullam
494 809 622 847 aliam
652 818 877 848 creaturam
893 823 1003 862 posse
1015 809 1206 863 populum
1233 821 1262 846 a
1278 809 1424 862 patriis
1441 808 1623 846 institutis
1641 816 1680 846 et
1701 808 1794 847 der

340 865 452 902 cretis
468 864 670 905 abducere.
696 865 802 902 Haec
819 864 1013 916 Gregoras
1031 864 1082 902 ad
1104 864 1220 903 finem
1240 862 1310 902 lib.
1331 876 1391 903 ιο.
1414 862 1507 902 hist.
1521 863 1776 916 Byzantinae.

450 919 671 957 Levitatem
700 919 894 957 Graecam
916 919 1047 972 arguit
1075 926 1158 956 tam
1185 918 1325 958 crebra
1353 918 1404 957 ad
1425 919 1620 957 vomitum
1639 931 1779 957 rever·

341 975 411 1013 sio.
469 975 635 1024 Quoties
681 974 732 1012 ab
769 974 971 1013 erroribus
1017 975 1208 1023 extracti,
1249 975 1291 1012 in
1329 987 1481 1013 errores
1517 972 1779 1012 reciderunt?

340 1030 418 1066 Vix
447 1028 611 1067 domum
642 1036 835 1068 venerant
876 1044 920 1069 ex
950 1029 1130 1068 Concilio
1167 1028 1402 1068 Florentino
1421 1058 1433 1079 ‚
1476 1034 1516 1068 et
1542 1043 1630 1068 mox
1658 1028 1780 1068 fidem

340 1083 494 1122 Latinis
523 1084 657 1123 datam
687 1084 901 1124 violarunt.
963 1085 1113 1124 Graeci
1137 1085 1294 1137 domum
1320 1084 1480 1134 reversi,
1510 1085 1642 1137 inquit
1670 1085 1777 1123 Lao-

339 1140 453 1177 nicus
483 1137 552 1177 lib.
581 1139 633 1188 6.,
665 1154 743 1179 non
782 1142 954 1195 amplius
983 1141 1043 1178 llis
1064 1170 1074 1187 ‚
1117 1154 1217 1194 quae
1256 1147 1518 1179 convenerant
1559 1141 1602 1179 in
1630 1138 1775 1187 Italia,

338 1203 442 1232 stare
456 1195 671 1234 voluerunt
685 1214 697 1233 .-
729 1195 803 1234 sed
819 1195 1148 1251 apprehendentes
1172 1197 1403 1235 sententiam
1418 1195 1632 1244 diversam,
1645 1194 1780 1234 nolue-

339 1259 431 1288 runt
463 1250 633 1302 amplius
662 1251 704 1290 in
740 1252 941 1303 religionis
977 1251 1130 1303 negotio
1168 1251 1380 1290 adhaerere
1411 1251 1612 1292 Romanis.
1668 1249 1780 1288 Hinc

339 1314 462 1343 motus
488 1307 675 1358 pontifex
704 1306 901 1345 Romanus
930 1307 1040 1345 viros
1073 1306 1262 1360 quosdam
1304 1306 1435 1345 doctos
1455 1306 1693 1357 Byzantium
1722 1305 1783 1344 ad

344 1360 516 1398 Graecos
548 1362 656 1398 misit
675 1389 687 1409 ‚
729 1370 774 1399 ut
803 1374 890 1399 cum
930 1363 988 1399 his
1019 1361 1061 1399 in
1090 1362 1322 1415 colloquium
1349 1362 1553 1409 venirent,
1591 1361 1666 1415 qui
1689 1361 1779 1414 qui-

338 1414 430 1452 dem
455 1415 644 1466 synodum
673 1423 711 1453 et
744 1416 993 1454 concordiam
1007 1445 1016 1462 ,
1048 1416 1090 1453 in
1116 1416 1242 1454 Italia
1265 1417 1429 1467 factam
1441 1445 1453 1464 ,
1492 1430 1570 1455 non
1595 1415 1779 1454 adnzitte-

339 1469 446 1508 bant.
501 1470 614 1508 Nam
658 1469 820 1509 Marcus
851 1471 1003 1524 Ephesi
1029 1471 1227 1524 episcopus
1261 1480 1299 1509 et
1331 1471 1568 1510 Scholarius
1601 1470 1780 1509 Graeco-

339 1538 428 1563 rum
455 1524 715 1576 doctissimus,
745 1540 793 1565 ne
825 1526 984 1581 quidem
1013 1526 1063 1563 ab
1091 1526 1201 1564 initio
1222 1526 1457 1565 Latinorum
1487 1525 1663 1578 dogmati
1680 1539 1779 1564 con-

339 1594 486 1619 sensum
515 1590 717 1634 praestare
748 1581 965 1620 voluerunt.
1031 1580 1111 1619 Ubi
1135 1581 1195 1619 ad
1219 1582 1455 1635 colloquium
1481 1589 1520 1619 et
1543 1580 1779 1634 disputatio-

338 1648 429 1672 nem
459 1643 617 1674 ventum
644 1645 712 1683 est,
744 1636 915 1675 Romani
939 1635 1043 1675 nihil
1068 1633 1222 1688 efficere
1241 1644 1461 1691 potuerunt,
1492 1649 1626 1674 verum
1653 1649 1696 1674 re·
1713 1636 1778 1675 in-

320 1691 440 1739 fecta
462 1691 620 1729 domum
645 1692 794 1729 reversi
810 1701 906 1730 sunt.
965 1692 1072 1730 Haec
1100 1691 1149 1729 de
1165 1691 1409 1731 Graecorum
1437 1690 1598 1730 levitate
1625 1697 1665 1730 et
1685 1704 1778 1730 ver-

339 1745 441 1783 satili
478 1747 636 1798 ingenio
665 1746 864 1785 Laonicus
882 1775 893 1796 ‚
924 1747 1102 1785 Graecus
1131 1747 1225 1799 ipse.
1298 1746 1419 1797 Quod
1448 1745 1586 1785 scribit
1615 1746 1665 1784 de
1694 1746 1778 1785 Ge-

338 1800 450 1853 orgio
484 1800 720 1849 Scholario,
761 1804 829 1853 qui
874 1809 1010 1855 postea
1050 1803 1275 1854 patriarcha
1312 1800 1778 1854 Constantinopolitanus

338 1855 466 1894 factus
496 1856 692 1894 Gennadii
719 1870 866 1895 nomen
895 1859 1122 1910 assumpsit,
1151 1858 1192 1896 id
1220 1857 1362 1896 falsum
1393 1864 1475 1904 est,
1507 1857 1541 1896 si
1568 1855 1667 1895 velit
1696 1857 1776 1895 La-

337 1912 478 1951 onicus
510 1910 762 1950 scholarium
790 1911 958 1951 decretis
1000 1912 1142 1966 synodi
1183 1912 1441 1952 Florentinae
1477 1925 1684 1964 nunquam
1710 1925 1776 1950 as-

336 1974 498 2006 sensum
528 1981 612 2006 esse
641 1968 766 2006 instar
808 1969 933 2007 Marci
972 1967 1078 2007 illius
1114 1968 1321 2021 Ephesini.
1386 1968 1479 2006 Non
1527 1967 1632 2006 enim
1681 1966 1777 2006 satis

336 2020 480 2061 habuit
512 2036 713 2061 assensum
747 2023 978 2076 praebuisse
1001 2053 1012 2075 ‚
1051 2023 1120 2062 sed
1159 2031 1198 2062 et
1231 2025 1390 2076 insuper
1428 2022 1699 2061 doctissimam
1736 2028 1777 2060 et

335 2076 622 2117 validissimam
651 2077 872 2133 apologiam
918 2093 991 2132 pro
1035 2078 1201 2118 decretis
1228 2078 1393 2118 Concilii
1436 2077 1542 2116 illius
1587 2076 1778 2116 adversus

337 2132 510 2175 Graecos
539 2133 674 2182 edidit,
711 2148 812 2187 quae
840 2135 981 2173 Latine
1009 2142 1148 2173 exstat.
1206 2135 1290 2173 Nec
1317 2131 1525 2187 probabile
1553 2139 1636 2182 est,
1666 2131 1776 2185 quod

336 2195 476 2228 auctor
502 2188 816 2241 Turcograeciae
844 2191 927 2229 sine
958 2197 1121 2229 auctore
1141 2189 1331 2242 prodidit,
1356 2186 1607 2227 scholarium
1639 2194 1776 2238 postea

335 2243 580 2295 improbasse
607 2244 764 2283 decreta
792 2245 959 2298 Synodi.
1017 2245 1138 2283 Unde
1180 2246 1286 2283 enim
1327 2244 1403 2283 hoc
1432 2250 1588 2282 constat
1625 2241 1685 2281 illi
1713 2255 1778 2281 se-

327 2299 463 2337 ‘ctario
481 2302 500 2337 ?
555 2298 655 2336 Nam
685 2300 896 2348 Laoninus,
929 2314 1049 2354 quem
1075 2302 1170 2339 citat
1192 2329 1205 2351 ,
1250 2314 1332 2339 non
1362 2298 1458 2337 dicit
1499 2312 1591 2337 eum
1621 2297 1776 2336 dissen-

337 2352 462 2404 sisse,
505 2360 717 2406 postquam
749 2369 928 2395 assensus
958 2356 1110 2402 fuerat,
1141 2355 1209 2394 sed
1238 2355 1289 2393 ab
1317 2355 1430 2393 initio
1461 2367 1542 2392 non
1570 2364 1775 2392 assensum

337 2421 433 2458 esse,
463 2408 572 2462 quod
604 2422 682 2461 qua
711 2411 862 2449 ratione
891 2425 1031 2450 verum
1063 2411 1127 2461 sit,
1157 2410 1277 2463 paulo
1303 2416 1420 2448 antea
1447 2406 1684 2462 explicatum
1698 2414 1772 2446 est.

337 2462 468 2502 Immo
499 2463 730 2504 Gennadius
767 2465 989 2518 apologiam
1020 2480 1094 2518 pro
1135 2465 1315 2504 Concilio
1343 2478 1424 2503 non
1464 2462 1696 2514 conscripsit
1729 2462 1774 2501 in

336 2517 423 2571 ipso
438 2518 630 2570 Concilio,
648 2519 715 2558 sed
735 2529 886 2571 postea,
909 2535 1001 2560 cum
1020 2522 1161 2559 Graeci
1181 2535 1204 2559 a
1224 2527 1333 2559 recto
1365 2519 1527 2558 tramite
1554 2516 1767 2556 resilirent.

445 2574 590 2614 Fastus
609 2604 620 2626 ,
667 2576 890 2628 arrogantia
930 2583 968 2614 et
1000 2575 1167 2614 ambitio
1201 2576 1443 2614 Graecorum
1483 2571 1549 2611 vel
1577 2572 1669 2610 inde
1698 2585 1772 2624 po-

338 2628 535 2669 tissimum
566 2630 705 2681 elucet,
732 2630 840 2683 quod
868 2630 967 2669 nihil
985 2644 1064 2668 non
1082 2637 1303 2679 tentarunt,
1325 2636 1370 2667 ut
1388 2627 1642 2681 patriarchae
1664 2626 1771 2665 Con·

337 2685 688 2738 stantinopolitano
724 2686 873 2738 primas
913 2685 1193 2733 vindicarent,
1230 2685 1387 2723 tametsi
1430 2683 1583 2735 legibus
1623 2681 1771 2720 divinis

336 2738 600 2795 humanisque
626 2740 774 2782 invitis.
829 2742 965 2794 Quare
991 2754 1081 2784 cum
1110 2739 1277 2780 inficiari
1306 2753 1388 2779 non
1415 2744 1592 2793 possent,
1620 2738 1769 2779 Roma-
