1794 3158
379 156 490 212 500
882 169 1293 214 ANNOTAnoNEs

374 276 531 328 visum3
575 282 614 316 et
641 273 720 315 boc
746 272 908 328 quidem
936 275 1101 325 merito,
1133 276 1217 314 sive
1245 274 1285 313 in
1315 271 1401 313 aliis
1430 272 1742 314 accusationibus
1773 289 1783 314 ι

372 346 469 372 vero
503 331 657 380 abierit,
689 331 771 369 sive
797 343 903 368 non:
933 331 1017 369 sive
1046 332 1162 369 etiam
1190 331 1231 368 in
1256 328 1582 382 reprehendendo
1608 336 1689 368 tam
1717 329 1784 369 lina

372 402 462 439 gua,
488 400 608 439 quam
637 385 739 438 stylo
767 384 930 423 modum
961 387 1147 433 tenuerit,
1178 386 1261 425 sive
1286 397 1382 426 non.
1439 383 1556 423 Certe
1580 383 1784 424 monacho·

370 456 461 480 rum
490 455 630 493 agmen
660 441 699 479 in
727 453 767 478 se
794 439 1136 479 vehementissime
1164 439 1399 488 concitavit,
1435 439 1503 491 qui
1533 438 1673 478 ducem
1703 438 1781 479 bell

370 497 552 548 legerunt
580 496 816 548 Gregorium
850 494 1054 534 Palamam
1096 502 1192 534 tunc
1228 494 1403 533 eiusdem
1442 494 1694 546 professionis
1722 494 1784 534 ho·

369 553 535 600 minem,
568 558 704 604 postea
734 564 830 589 vero
862 550 1200 603 archiepiscopum
1227 547 1631 597 Thessalonicensem,
1676 562 1784 602 quen

369 607 404 644 si
441 619 566 659 aeque
605 606 707 644 veris
738 619 783 644 ac
827 606 976 658 magnis
1015 605 1199 644 laudibus
1237 604 1533 642 Cantacuzenus
1571 611 1785 644 exornaret.

368 675 462 701 vere
495 675 660 714 magnus
689 661 754 699 vir
780 660 970 699 dicendus
997 667 1120 699 esset:
1160 659 1229 699 sed
1256 673 1348 697 cum
1385 660 1509 698 veteri
1537 659 1660 698 verbo
1706 674 1785 699 ma-

367 731 439 755 nus
465 729 628 754 manum
643 717 773 767 fricet
808 725 846 754 et
868 716 984 765 lavet,
1015 715 1138 754 facilis
1170 715 1397 754 coniectura
1426 720 1496 761 est,
1527 714 1622 766 quid
1647 714 1702 753 de
1734 714 1785 754 his

367 770 554 809 laudibus
581 770 834 809 statuendum
862 771 926 809 sit.
984 769 1085 809 Sunt
1112 770 1300 808 nimirum
1327 782 1392 807 aes
1436 781 1580 808 sonans
1614 776 1655 808 et
1682 783 1785 822 cym-

366 825 505 864 balum
532 826 730 875 tinniens,
759 827 852 878 quia
883 825 934 863 de
962 838 1053 863 aere
1079 831 1243 864 sonante
1289 831 1328 863 et
1371 822 1555 876 cymbalo
1583 824 1785 872 tinniente,

366 894 413 919 ex
442 880 606 933 apostoli
626 880 830 918 doctrina:
876 881 911 918 si
935 880 1079 931 linguis
1106 880 1307 918 hominnm
1333 880 1475 933 loquar
1500 888 1538 918 et
1549 880 1785 932 angelorum,

366 936 570 975 caritatem
610 944 739 973 autem
775 949 853 973 non
890 934 1059 973 habeam
1074 964 1086 985 ‚
1113 936 1255 985 factus
1282 948 1366 973 sum
1405 934 1508 973 velut
1553 948 1620 973 aes·
1652 949 1785 974 sonam

365 1000 433 1029 aut
457 990 682 1041 cymbalum
705 991 885 1031 tinniens.
941 989 994 1028 Et
1028 990 1135 1043 quod
1173 990 1338 1042 propius
1369 988 1420 1027 ad
1467 987 1673 1029 Palamam
1703 1003 1785 1042 spe-

364 1052 470 1084 ctat:
510 1046 546 1083 si
571 1045 800 1083 distribuero
830 1046 873 1083 in
899 1045 1003 1083 cibos
1027 1058 1248 1099 pauperum
1284 1057 1415 1083 omnes
1423 1044 1645 1094 facultates
1670 1059 1785 1095 mea-5,

364 1107 458 1146 etc.‚
486 1100 687 1138 caritatem
716 1109 845 1139 antem
871 1114 949 1138 non
974 1101 1161 1148 habuero,
1192 1100 1296 1138 nihil
1320 1100 1422 1137 mihi
1436 1100 1614 1152 prodest.
1671 1100 1785 1153 Quis-

362 1156 449 1209 quis
476 1156 545 1193 ille
570 1164 650 1205 est,
680 1156 810 1208 inquit
836 1161 991 1193 sanctus
1030 1155 1278 1208 Augustinus
1304 1168 1421 1194 serm.
1460 1153 1548 1194 181.
1575 1155 1625 1194 de
1650 1161 1784 1208 temp„¹

363 1219 402 1248 ec
426 1210 712 1264 qualiscumque
733 1211 802 1248 ille
828 1219 895 1257 est,
927 1211 1168 1250 Christianus
1194 1224 1272 1249 non
1294 1219 1366 1256 est,
1392 1210 1462 1266 qui
1487 1210 1530 1248 in
1559 1209 1705 1249 Christi
1726 1225 1784 1249 ee-

363 1265 482 1302 clesia
507 1279 586 1304 non
611 1273 677 1307 est.
731 1265 827 1303 Sola
856 1266 1000 1319 quippe
1019 1274 1093 1311 est,
1113 1278 1324 1319 perquam
1354 1265 1588 1319 sacrificinm
1609 1265 1784 1305 dominus

362 1319 526 1358 libenter
558 1321 748 1374 accipiat.-
782 1320 866 1358 sola
886 1334 984 1374 quae
1009 1335 1087 1374 pro
1119 1321 1334 1359 errantibzcs·
1353 1321 1603 1372 fiducialiter
1625 1321 1784 1360 interce—

361 1375 450 1412 dat.-
492 1375 577 1412 sola
606 1383 682 1422 esc,
713 1375 755 1412 in
785 1387 866 1428 qua
902 1389 996 1428 opus
1028 1375 1168 1413 bonum
1185 1377 1391 1425 fructuose
1407 1377 1618 1429 peragitur
1628 1404 1645 1422 ,
1684 1375 1784 1415 unde

363 1429 583 1468 mercedem
609 1429 795 1476 denarii,
832 1443 910 1468 non
942 1431 1021 1468 nisi
1046 1430 1115 1483 qni
1148 1431 1251 1468 intra
1288 1430 1456 1469 vineam
1488 1432 1784 1481 laboraverant,

362 1493 608 1537 acceperunt.
651 1484 724 1522 Est
751 1491 882 1523 autem
912 1486 1125 1537 Gregorius
1151 1485 1335 1523 Palamas
1363 1485 1429 1523 ille
1455 1486 1555 1538 ipse,
1584 1487 1696 1525 cuius
1724 1500 1783 1525 ex-

362 1545 469 1577 stant
501 1540 650 1577 Graece
692 1547 731 1578 et
775 1540 913 1578 Latine
962 1540 1064 1578 duae
1105 1541 1325 1589 orationes3
1368 1539 1518 1588 altera,
1560 1555 1638 1594 qua
1674 1555 1784 1580 mens

360 1607 503 1645 corpus
533 1600 706 1644 accusat,
738 1593 874 1644 altera,
892 1609 972 1647 qua
1002 1608 1144 1647 corpus
1173 1603 1362 1644 mentem,
1392 1609 1482 1633 cum
1511 1598 1703 1635 sententia
1725 1597 1783 1634 iu-

361 1647 534 1688 diciaria.
569 1649 711 1687 Latina
739 1649 859 1688 editio
888 1648 1012 1688 relata
1041 1657 1098 1688 est
1123 1650 1164 1687 in
1192 1657 1288 1692 tom.
1314 1664 1354 1703 9.
1393 1650 1665 1690 Bibliothecae
1694 1665 1783 1690 san-

360 1710 516 1741 ctorum
546 1704 712 1741 Patrum
733 1735 743 1753 ‚
782 1704 852 1742 ubi
878 1719 947 1756 per
975 1703 1195 1743 collectoris
1223 1712 1262 1743 et
1290 1705 1450 1744 editoris
1480 1703 1783 1758 ἀπεριβλεψιάν

359 1759 592 1796 sanctissimi
619 1758 734 1797 titulo
761 1759 942 1798 Palamas
970 1759 1226 1810 honestatur,
1255 1760 1372 1813 plane
1398 1767 1555 1812 praeter
1581 1762 1783 1800 meritum.

360 1813 574 1862 Quomodo
602 1816 885 1863 sanctissimus,
915 1816 946 1853 si
974 1815 1276 1854 schismaticus?
1333 1816 1511 1870 Quisquis
1536 1815 1589 1854 ab
1616 1817 1689 1854 hac
1716 1829 1783 1854 ca·

358 1869 506 1906 tliolica
533 1869 694 1907 ecclesia
711 1870 847 1920 fuerit
875 1878 1074 1923 separatus
1087 1898 1098 1919 ,
1135 1871 1419 1925 quantumlibet
1452 1871 1716 1910 laudabiliter
1744 1883 1783 1909 se

358 1923 496 1961 vivere
515 1924 725 1973 existimet,
756 1926 828 1964 hoc
857 1925 939 1963 solo
966 1925 1138 1971 scelere,
1167 1925 1277 1979 quod
1307 1939 1334 1963 a
1362 1924 1507 1964 Christi
1529 1926 1674 1964 unitate.
1700 1926 1783 1965 dis-

357 1976 505 2017 iunctus
523 1987 592 2026 est,
621 1993 699 2018 non
726 1980 885 2018 habehit
908 1981 1059 2018 vitam:
1097 1980 1167 2018 sed
1184 1980 1254 2019 ira
1271 1979 1354 2018 Dei
1376 1989 1513 2020 manet
1535 1994 1658 2035 super
1676 1994 1780 2030 eum,

355 2031 487 2086 inquit
519 2033 559 2076 S.
590 2034 835 2087 Augustinus
863 2036 979 2088 epist.
1017 2034 1103 2075 152.

465 2089 574 2142 Ergo
607 2089 791 2128 Palamas
823 2089 1110 2129 monachorum
1135 2089 1348 2128 advocatus
1380 2091 1643 2141 constitutus,
1682 2091 1782 2130 Bar·

356 2141 487 2181 laamo
535 2143 702 2183 adversa
749 2145 878 2184 fronte
915 2145 1096 2184 resistere
1135 2144 1348 2197 lumenque
1389 2144 1487 2183 illud
1525 2140 1783 2197 ἧσυχαοταῖς

357 2196 478 2235 obiici
519 2198 680 2236 solitum
719 2200 931 2239 defendere
968 2200 1139 2250 institit,
1182 2201 1298 2238 etiam
1338 2199 1513 2251 exemplo
1551 2199 1712 2239 luminis
1739 2202 1782 2239 in

353 2258 492 2290 monte
519 2253 684 2292 Thabor
711 2254 912 2307 discipulis
943 2257 1114 2294 ostensi:
1154 2254 1230 2293 hoc
1257 2254 1364 2293 enim
1395 2256 1614 2293 increatum
1645 2255 1780 2306 fuisse,

353 2312 394 2344 et
432 2313 566 2345 tamen
595 2311 794 2362 corporeis
823 2310 1108 2363 discipulorum
1147 2309 1272 2348 oculis
1308 2309 1496 2362 patuisse.
1551 2309 1782 2349 Barlaamus

353 2359 459 2399 hanc
496 2375 589 2400 vere
616 2377 759 2405 novam
796 2365 1038 2419 theologiam
1080 2365 1244 2404 audiens
1270 2366 1393 2417 magis
1430 2366 1472 2403 in
1499 2363 1706 2403 Palamam
1736 2371 1777 2404 et

353 2418 480 2455 socios
508 2418 733 2457 excanduit.
791 2420 928 2473 Itaque
962 2422 1101 2459 itinere
1139 2421 1221 2458 sine
1259 2434 1370 2458 mora
1398 2418 1781 2472 Constantinopolim

351 2471 549 2518 instituto,
580 2486 665 2512 rem
695 2474 746 2512 ad
772 2475 1039 2527 patriarcham
1068 2474 1222 2526 detulit,
1246 2475 1418 2513 citantur
1444 2473 1651 2523 monachi,
1681 2488 1778 2527 syn-

354 2526 454 2564 odus
481 2527 680 2569 indicitur.
766 2529 973 2569 Praesidet
1003 2532 1215 2583 imperator
1243 2529 1495 2568 Andronicus
1524 2529 1655 2567 iunior
1683 2542 1778 2569 cum

352 2579 503 2619 Ioanne
532 2583 772 2634 patriarcha,
803 2586 1010 2624 victoriam
1037 2586 1189 2624 obtinet
1215 2584 1410 2624 Palamas.
1467 2583 1650 2622 Barlaam
1678 2598 1777 2622 con-

352 2633 576 2687 demnatur,
604 2638 851 2678 Thaborium
881 2639 1014 2680 lumen
1043 2642 1263 2679 increatum
1281 2647 1562 2692 aeternumque
1588 2639 1707 2678 fuisse
1736 2643 1777 2678 et

352 2702 452 2741 esse,
481 2692 621 2744 synodi
651 2694 809 2733 decreto
839 2694 1077 2734 decernitur.
1116 2694 1344 2734 Barlaamus
1371 2693 1491 2747 paulo
1521 2700 1610 2746 post
1638 2694 1676 2732 in
1693 2694 1775 2731 lta-

352 2742 447 2785 liam
478 2749 702 2792 revertitur.
750 2749 941 2790 Eiusdem
969 2750 1111 2805 synodi
1136 2757 1222 2790 acta
1247 2749 1366 2790 refert
1395 2749 1642 2803 Nicephorus
1670 2748 1772 2787 Gre-
