1800 3164
330 156 404 223 34
866 143 1236 216 CANTACUZENJ

123 284 162 318 A.
182 283 311 329 0:347
327 279 431 317 σθαι
472 275 516 316 ἑκ
553 277 634 317 τῶν
679 275 796 316 ἰδίων
835 273 1018 325 πάντας,
1059 275 1112 315 ἵν’
1139 273 1265 315 αὐτοί
1284 288 1330 315 τε
1357 272 1556 327 σώζοιντο
1584 274 1624 317 οἱ
1651 271 1770 328 ἔχον-

325 356 416 393 τες,
465 342 536 382 καί
577 340 675 389 τούς
723 337 908 394 α’πόρους
953 339 1286 394 συνδιασώζοιεν.
1362 338 1474 383 οὕτω
1515 342 1563 382 δὲ
1601 354 1771 383 σκεπτο-

325 409 434 464 μένῳ
480 409 533 448 ου’
572 406 674 460 βίαν
711 406 923 460 εἰσφέρειν
953 402 1089 447 ἐδόκει
1131 406 1218 447 δεῖν
1255 408 1449 459 μέλλοντι
1485 406 1592 461 ὑπὲρ
1628 402 1769 448 αὐτῶν

325 476 408 515 τῶν
436 471 709 528 εἰσφερόντων
736 469 788 512 τοὶ
818 469 1017 525 χρήματα
1048 470 1303 524 ἀναλίσκειν,
1342 469 1450 513 ἀλλά
1495 470 1656 513 πείθειν
1688 487 1768 512 πα-

325 540 577 595 ραινέσαντα
607 539 765 589 μᾶλλον
796 535 900 590 πρὸς
928 536 1002 590 τὴν
1028 538 1176 592 πρᾶξιν
1204 534 1340 579 ἑκοντὶ
1365 542 1550 592 χωρεῖν,
1583 538 1657 579 καί
1682 542 1800 585 ,τοι-5

325 605 400 659 νην
427 601 647 658 ἐκκλησίαν
672 604 717 645 ἐκ
747 603 881 657 πάσης
909 603 1024 651 ἰδέας
1055 601 1151 656 βίον
1181 605 1465 658 συναθροίσας
1494 604 1540 646 ἐκ
1566 605 1652 645 τῶν
1678 605 1770 645 Βυ-

193 677 227 711 Ρ.
247 689 307 724 72¹
328 671 490 722 ζαντίου
517 671 723 711 πολιτῶν·
781 664 879 710 οὔτε
910 665 990 722 γάρ
1021 666 1199 723 ἔμπορος
1228 668 1489 722 ὑπελείπετο,
1519 663 1618 710 οἷῖτε
1644 685 1769 724 στρα-

323 733 488 790 τιώτης,
517 732 623 776 ἀλλά
651 735 724 777 καί
748 735 1011 790 χειροτέχναι
1042 735 1250 790 παρῆσαν,
1297 736 1370 776 καί
1398 737 1477 776 τοῦ
1518 736 1652 790 δήμου
1690 734 1768 776 οὐκ

314 797 457 855 ὀλίγοι
490 799 563 843 καί
597 801 680 842 τῶν
707 801 832 856 ἱερῶν
861 800 1191 856 φροντιστηρίων
1223 800 1260 842 οἱ
1288 800 1556 855 ἐξηγούμενοι
1583 802 1658 842 καί
1684 801 1769 843 τῶν

324 869 550 923 ἐκκλησιῶν
579 865 619 908 οἱ
646 865 900 921 προστάται·
957 867 1030 908 καί
1048 865 1258 915 καταστάς
1285 868 1345 916 εἰς
1367 867 1522 920 μέσους
1549 864 1661 917 ἔλεξε
1682 880 1800 915 τοι-ι

325 931 427 976 άδε·
468 927 648 987 ,,ο’ίνδρες
668 932 871 985 Ῥωμαῖοι
887 947 896 956 ·
952 931 1029 987 τήν
1059 934 1137 985 μὲν
1156 931 1342 987 ἀρχαίαν
1367 933 1442 987 τῆς
1468 932 1688 985 Ῥωμαίων
1718 932 1769 987 ἧ-

323 1000 519 1053 γεμονιάς
549 994 822 1050 εὐδαιμονίαν
840 997 895 1047 ὥς
920 998 1149 1051 θαυμαστή
1177 1013 1242 1047 τις
1273 992 1327 1053 ἧν
1355 996 1428 1040 καί
1452 999 1537 1040 τῶν
1563 999 1663 1054 περὶ
1689 993 1772 1040 αὖ·

323 1063 403 1118 τὴν
443 1063 668 1106 οἰκούντων
704 1065 932 1118 βαρβάρων
967 1064 1050 1106 ταῖν
1086 1066 1165 1117 μὲν
1195 1062 1360 1118 ἐκράτει
1398 1065 1472 1106 καί
1498 1063 1771 1120 ὕποχειρίους

322 1126 463 1184 εἶχεν,
503 1129 542 1172 οἱ
573 1131 621 1171 δὲ
647 1128 857 1186 ὑπόφοροι
889 1130 1123 1183 διετέλουν,
1162 1130 1200 1171 οἱ
1240 1131 1593 1187 περιφανέστατοι
1620 1130 1667 1172 δὲ
1697 1128 1774 1172 καί

322 1197 543 1245 δοκοῦντες
561 1193 742 1250 μεγάλην
765 1197 947 1249 δύναμιν
972 1197 1317 1251 περιβεβλῆσθαι,
1341 1192 1557 1251 οἷγαπητὸν
1579 1193 1800 1253 ἦγοῧντο,ζ

319 1264 362 1304 εἰ
392 1260 544 1318 φίλους
572 1260 646 1302 καί
671 1260 923 1314 συμμάχους
951 1258 1088 1315 ἔχοιεν
1114 1260 1189 1303 καί
1214 1263 1351 1317 ἑξίσης
1389 1261 1583 1318 φέροιντο
1622 1259 1769 1309 αὐτοῖς

320 1330 454 1382 μηδὲν
481 1325 869 1380 πλεονεκτούμενοι,
913 1322 1006 1368 οὔδ’
1034 1326 1155 1380 ὑμεῖς
1186 1329 1381 1382 ἀγνοεῖτε,
1406 1329 1447 1370 εἰ
1477 1326 1550 1369 καὶ
1577 1325 1636 1382 μὴ
1665 1325 1770 1368 πάν-

282 1403 403 1447 Βτες,
432 1393 539 1436 ἄλλά
567 1395 702 1434 ταῦτα
731 1391 782 1447 δὴ
811 1391 860 1434 τά
893 1390 1022 1445 σεμνά
1048 1409 1119 1435 και
1147 1393 1381 1446 θαυμαστά
1413 1409 1483 1435 και
1512 1391 1640 1447 μόνον
1667 1391 1771 1434 α’δό-

320 1475 427 1513 μενα
455 1459 562 1511 νυνί,
592 1455 731 1514 ω’σπερ
764 1457 858 1504 τινά
885 1460 968 1500 τῶν
994 1455 1074 1509 ε’ξω
1106 1459 1269 1514 Θούλης
1296 1460 1605 1514 εἰργασμένων,
1637 1460 1770 1514 μέχρι

320 1526 410 1568 τότε
437 1527 612 1581 περιῆν,
654 1519 758 1580 άχρι
787 1525 914 1567 πᾶσιν
943 1523 1100 1577 ομοίως
1134 1524 1205 1566 καί
1231 1527 1454 1578 βασιλεῦσι
1479 1540 1548 1566 και
1578 1521 1800 1573 ἰδιώταις,

320 1593 393 1647 τῆς
441 1593 579 1646 κοινῆς
627 1589 771 1643 εμελεν
799 1590 1017 1645 ευδοξίας,
1059 1606 1131 1632 και
1158 1607 1241 1631 των
1270 1589 1356 1632 ἰδία
1385 1588 1686 1670 συμφερόντων
1713 1588 1766 1631 τὰ

321 1660 434 1714 κοινῇ
462 1653 758 1713 προῦτίθεσαν.
817 1656 897 1711 ἀφ’
922 1651 975 1697 οὗ
1004 1657 1051 1698 δὲ
1078 1661 1163 1705 τοῖς
1188 1672 1232 1698 τε
1260 1633 1543 1710 βασιιλεῧσιν
1525 1655 1614 1711 ε’ρις
1633 1657 1769 1698 ἐνέπε-

320 1740 393 1767 σεν
422 1723 577 1778 ἐσχάτη
606 1739 686 1764 και
705 1722 937 1785 φιλονεικία
967 1738 1062 1777 περι
1091 1724 1164 1776 τῆς
1191 1722 1340 1778 ἆρχης,
1366 1721 1441 1765 καί
1464 1723 1541 1764 τοῦ
1559 1719 1666 1775 μετὰ
1688 1738 1770 1763 των

322 1791 481 1832 οἰκείων
503 1787 724 1843 μάχεσθαι
751 1794 837 1837 τοῖς
865 1790 1078 1841 πολεμίοις
1105 1787 1413 1843 α’ποσχόμενοι,
1442 1783 1637 1843 ἆλλὴλοις
1668 1803 1768 1830 συν-

413 1860 446 1892 6.
473 1856 696 1889 ἀπελείπετο
722 1855 770 1888 Μ.

322 1915 557 1949 facultatibus
596 1914 670 1947 suis
705 1915 853 1949 viritim
878 1914 1108 1956 conferrent,
1141 1925 1212 1959 quo
1243 1919 1281 1948 et
1304 1915 1396 1959 ipsi,
1421 1915 1484 1961 qui
1509 1913 1704 1955 haberent,
1732 1918 1769 1947 et

322 1964 374 2003 ii,
402 1962 465 2008 qui
488 1966 654 2006 egcr‚ent
679 1971 751 1994 una
775 1967 1016 1994 servarentur.
1063 1961 1141 1994 Hoc
1165 1961 1359 1994 meditanti
1385 1963 1565 2003 occurrit,
1584 1963 1658 1995 vim
1683 1960 1768 1992 abs-

322 2008 530 2047 tin-mudum,
566 2007 747 2053 siquidem
783 2007 886 2040 illam
927 2008 1038 2052 ipsam
1071 2008 1264 2051 pecuniam
1313 2006 1527 2040 collatitiam
1552 2018 1617 2052 pro
1643 2008 1768 2040 confe-

321 2055 488 2087 rentibus
515 2055 764 2098 insumpturus
794 2060 910 2095 esset,
935 2054 999 2087 sed
1023 2053 1201 2087 hortando
1228 2054 1350 2098 potius
1379 2053 1424 2086 ad
1459 2054 1499 2087 id
1530 2054 1691 2087 libenter
1714 2055 1767 2088 fa—

323 2101 492 2134 ciendum
517 2099 771 2145 impellendos,
820 2099 912 2133 Inde
938 2107 1117 2136 conventu
1145 2100 1277 2133 civium
1305 2101 1557 2142 Byzantiorum
1583 2112 1627 2134 ex
1650 2100 1768 2134 omni-

322 2148 390 2181 bus
431 2146 622 2180 ordinibus
648 2147 810 2187 indicte,
834 2146 929 2192 (nam
967 2152 1003 2180 et
1032 2151 1243 2180 mercatores
1269 2152 1307 2181 et
1334 2148 1470 2180 milites
1495 2153 1533 2182 et
1556 2147 1707 2192 opifices
1731 2150 1769 2180 et

322 2194 450 2239 plebes
476 2193 598 2225 infima
624 2193 796 2237 frequens
821 2200 858 2226 et
883 2204 1062 2226 sacrorum
1086 2195 1388 2226 monasteriorum
1423 2194 1599 2237 praefecti
1632 2199 1669 2227 et
1704 2204 1768 2229 ec·

319 2241 514 2274 elesiarum
540 2245 790 2282 procuratores
821 2239 1083 2283 confluebant‚)
1105 2241 1143 2271 in
1168 2239 1325 2272 medium
1354 2250 1583 2286 progressus,
1609 2241 1661 2274 sic
1684 2241 1768 2273 infit

324 2288 467 2321 dicere:
494 2285 686 2326 „Veterem
711 2285 862 2318 Romani
880 2286 1024 2330 imperii
1049 2287 1282 2327 felicitatem,
1308 2286 1376 2319 viri
1390 2287 1561 2327 Romani,
1586 2286 1768 2320 admiran-
1798 2315 1800 2318 .

325 2334 406 2367 dam
428 2334 559 2372 fuisse,
571 2338 608 2365 et
631 2331 802 2364 barbaros
828 2332 1121 2366 circumiacentes
1146 2333 1236 2366 alios
1263 2332 1409 2378 quidem
1436 2333 1481 2367 ab
1509 2333 1638 2367 iisdem
1653 2334 1767 2368 victos
1798 2363 1800 2365 ,

325 2387 361 2415 et
385 2380 595 2423 subiugatos
619 2389 717 2418 esse,
746 2378 835 2412 alios
860 2379 1035 2412 mansisse
1061 2390 1202 2423 semper
1226 2379 1481 2423 stipendiarios
1501 2404 1511 2420 ‚
1551 2380 1768 2414 clarissimos
1796 2406 1799 2413 Α

327 2433 448 2460 autem
498 2425 717 2470 eosdemque
756 2430 1013 2478 praepotentes
1051 2427 1137 2459 satis
1164 2437 1201 2459 se
1233 2425 1358 2458 beatos
1391 2426 1596 2470 putavisse,
1626 2427 1656 2460 si
1681 2427 1767 2460 illos

327 2475 460 2507 amicos
487 2478 524 2506 et
555 2472 671 2505 socios
695 2470 877 2505 haberent
912 2473 1063 2517 parique
1099 2483 1177 2506 cum
1202 2473 1247 2505 iis
1276 2473 1355 2504 iure
1388 2473 1462 2505 suis
1487 2472 1595 2506 rebus
1618 2473 1767 2518 integris

327 2522 512 2558 viverent,
547 2530 608 2552 vos
646 2528 793 2564 quoque
821 2519 977 2551 universi
1002 2517 1264 2562 propemodum
1297 2530 1369 2551 non
1396 2519 1582 2564 ignoratis.
1631 2519 1768 2553 verum
1793 2536 1795 2538 ·

328 2567 419 2601 haec
445 2570 595 2610 augusta
621 2568 658 2597 et
682 2564 894 2597 admiranda
934 2571 971 2598 et
1003 2564 1114 2598 hodie
1147 2565 1240 2597 fama
1273 2568 1436 2605 tantum,
1475 2565 1577 2600 velut
1596 2565 1627 2598 si
1665 2570 1769 2598 extra

330 2614 494 2647 ultimam
523 2610 666 2644 Thulen
696 2615 793 2654 gesta
818 2616 958 2651 essent,
982 2612 1161 2644 celebrata
1186 2610 1323 2644 tamdiu
1350 2610 1564 2655 viguerunt,
1591 2610 1766 2656 quamdiu
1798 2647 1800 2650 ,

329 2669 446 2703 aeque
472 2657 651 2696 omnibus,
675 2657 953 2701 imperatoribus
985 2658 1154 2690 nimirum
1180 2662 1217 2690 et
1241 2657 1401 2701 privatis,
1431 2659 1629 2691 communis
1652 2658 1767 2703 gloria
1798 2664 1800 2667 ’

330 2706 429 2741 cordi
467 2706 538 2739 fuit
583 2709 618 2736 et
649 2704 797 2748 publica
830 2703 1014 2736 commoda
1047 2705 1194 2747 privatis
1229 2704 1400 2737 antelata.
1450 2703 1501 2737 Ex
1527 2715 1601 2750 quo
1643 2709 1773 2738 autem,
1793 2736 1800 2740 .

331 2754 564 2799 imperatores
589 2750 731 2797 litigare
758 2756 795 2786 et
826 2749 1044 2786 contendere
1069 2750 1114 2784 de
1140 2761 1277 2784 summa
1306 2760 1448 2791 rerum,
1481 2754 1518 2785 et
1546 2750 1669 2788 hostes
1699 2762 1767 2798 op-
