1794 3158
394 179 466 218 An
514 177 884 221 CANTACUZENI
922 178 1020 218 Lm.
1062 179 1115 217 n.
1349 158 1460 232 477

15 322 18 324 ,
52 280 173 320 linam
199 280 363 318 nomina
394 293 466 319 sua
497 279 719 327 dederunt,
761 281 992 334 praesertim
1027 288 1137 318 cum·
1164 277 1195 316 si
1234 291 1314 316 non
1345 277 1465 316 Nico-

21 293 160 382 Rum,
203 348 330 373 unum
367 348 413 374 ex
461 343 613 388 septem
652 337 788 390 primis
830 335 1038 384 diaconis,
1066 341 1173 372 certe
1203 333 1467 386 Vigilantium

23 397 228 430 auctorem
254 389 417 429 habeat.
477 390 524 429 ln
553 405 674 444 quem
702 397 862 430 sanctus
893 391 1187 443 Hieronymus:
1230 388 1467 442 Episcopos

21 445 88 484 sui
114 445 278 483 sceleris
317 444 472 484 dicitur
515 446 671 485 habere
716 452 956 491 consortes,
1011 445 1049 482 si
1097 451 1236 483 tamen
1280 441 1468 496 episcopi

25 499 279 540 nominandi
313 508 442 550 sunt,
479 504 548 554 qui
577 513 661 540 non
694 500 900 540 ordinant
945 499 1181 545 diaconos,
1228 498 1313 536 nisi
1347 498 1468 552 prius

23 567 180 595 uxores
206 553 408 594 duxerint
418 553 440 601 Γ,
471 555 580 594 nulli
604 555 760 595 caelibi
785 553 1003 594 credentes
1027 552 1282 607 pudicitiam
1299 582 1310 600 ,
1339 554 1466 591 immo

25 607 298 660 ostendentes,
319 622 447 662 quam
477 618 622 648 sancte
647 611 804 649 vivant
823 637 835 659 ,
863 610 935 657 qui
961 609 1072 647 male
1104 607 1156 646 de
1186 607 1373 646 omnibus
1400 620 1470 644 su-

23 663 244 717 spicantur
264 694 275 711 ,
305 673 345 702 et
379 665 464 702 nisi
483 673 769 718 praegnantes
804 676 962 703 uxores
996 662 1182 701 viderint
1223 663 1469 700 clericorum

23 715 289 771 infantesque
325 717 378 757 de
399 719 513 758 ulnis
540 728 717 759 matrum
740 719 982 771 vagientes,
1006 717 1163 758 Christi
1195 724 1470 756 sacramenta

23 785 110 813 non
133 773 340 812 tribuunt.

136 827 293 876 Quarto
311 857 323 879 ,
362 827 505 867 Graeci
539 827 640 867 nulli
684 827 846 882 bigamo
879 827 1032 868 aditum
1062 827 1114 867 ad
1146 840 1280 867 sacros
1308 826 1470 866 ordines

25 881 284 936 patefaciunt.
347 882 472 936 Quod
491 896 586 934 eos,
615 884 689 937 qui
714 884 902 924 alteram
932 883 1146 923 duaeerunt
1175 895 1376 931 uxorem,
1405 883 1470 920 in-

22 937 110 990 quit
137 936 380 976 lastinianus
413 937 561 980 novell.
585 939 687 990 123„
706 940 822 978 sacri
853 952 1037 979 canones
1065 938 1242 978 clericos
1267 950 1354 975 esse
1366 949 1471 990 pro-

19 993 206 1042 hibeant,
228 1000 398 1032 sanctus
414 993 604 1031 Basilius
628 993 694 1033 his
725 994 864 1034 verbis
886 993 1008 1034 docet
1028 1009 1040 1031 .-
1064 992 1152 1031 Eos
1179 992 1269 1044 qui,
1298 992 1472 1045 nuptias

19 1048 257 1097 iterarunt,
285 1060 423 1087 canon
444 1047 638 1087 excludit
664 1048 914 1088 ministerio.
943 1048 1144 1087 Haeretici
1169 1062 1192 1085 a
1213 1061 1284 1087 sua
1305 1059 1473 1086 suorum

22 1102 310 1141 ministrorum
339 1100 565 1142 chirotonia
609 1104 675 1142 vix
727 1102 944 1142 excludunt
985 1103 1263 1157 polygamum,
1321 1099 1474 1140 nedum

22 1155 245 1210 bigamum.
301 1157 479 1208 Quinto,
523 1158 665 1197 Graeci
709 1157 808 1197 olim
845 1165 884 1198 et
913 1172 1022 1196 nunc
1060 1171 1220 1211 quoque
1252 1155 1474 1209 adegerunt

23 1212 74 1251 ad
106 1211 389 1265 professionem
431 1220 647 1267 perpetuae
686 1215 878 1253 castitatis
904 1227 996 1252 eum
1015 1242 1027 1264 ,
1068 1214 1136 1266 qui
1177 1211 1330 1251 caelebs
1362 1212 1474 1251 ordi-

22 1280 94 1306 nes
121 1269 320 1320 suscipere
346 1266 490 1307 vellet.
546 1268 596 1307 Si
622 1269 683 1316 is,
727 1269 800 1321 qui
840 1266 1110 1308 ordinandus
1141 1275 1200 1306 est
1237 1266 1471 1317 diaconus,

23 1323 156 1375 inquit
185 1322 429 1362 lastinianus
455 1322 544 1362 loco
575 1324 725 1374 citato,
754 1336 930 1363 uxorem
954 1324 1036 1363 sibi
1065 1324 1251 1361 iunctam
1280 1335 1363 1360 non
1392 1321 1473 1360 ha-

25 1377 148 1425 beat,
176 1390 261 1416 non
302 1377 433 1416 aliter
465 1376 710 1427 ordinetur,
742 1379 828 1417 nisi
863 1378 984 1432 prius
1023 1377 1080 1417 ab
1122 1390 1203 1422 eo,
1241 1377 1314 1429 qui
1335 1378 1473 1429 ipsum

36 1431 227 1482 rdinat,
252 1431 538 1484 interrogatus
574 1432 851 1486 profiteatur,
875 1446 998 1486 posse
1033 1446 1076 1471 se
1103 1438 1201 1485 post
1233 1429 1474 1470 ordinatio-

23 1498 119 1527 nem
159 1486 232 1525 vel
258 1487 346 1525 sine
372 1486 559 1539 legitima
598 1501 731 1527 uxore
769 1495 885 1527 caste
919 1488 1098 1538 vivere,
1138 1494 1369 1538 nequeunte
1405 1499 1472 1533 eo,

30 1563 38 1577 ι
79 1539 322 1591 tentiam,
360 1542 647 1582 ordinationis
674 1550 859 1595 tempore
895 1541 1080 1582 diacono
1112 1540 1387 1594 permittere,
1428 1547 1476 1579 ut

22 1604 118 1646 frost
150 1595 464 1636 ordinationem
487 1610 664 1636 uxorem
696 1597 843 1640 ducat.
900 1597 975 1636 Sin
1003 1610 1108 1636 vero
1139 1594 1345 1650 hocfiat,
1385 1595 1475 1649 epi-

45 1664 171 1705 copus
187 1679 199 1700 ,
227 1651 300 1705 qui
323 1649 374 1689 id
396 1652 614 1704 permisit,
636 1651 882 1706 episcopatu
905 1651 1143 1691 deiiciatur.

134 1706 280 1753 Sexto,
313 1704 423 1758 apud
443 1706 641 1755 Graecos,
681 1706 715 1745 si
746 1720 847 1746 uxor
888 1713 982 1746 ante
1023 1706 1184 1745 ordines
1221 1703 1342 1744 dueta
1384 1711 1479 1757 post

26 1761 158 1800 ·ariti
187 1760 347 1799 ordines
376 1759 471 1799 hinc
506 1760 668 1800 excedat
685 1790 696 1807 ‚
739 1760 911 1800 alterum
939 1761 1242 1800 matrimonium
1271 1761 1373 1798 inire
1401 1773 1474 1799 ne-

34 1829 231 1868 xuaquam
259 1814 367 1854 licet.
398 1815 446 1854 In
475 1829 557 1868 quo
590 1815 729 1855 itidem
760 1830 784 1855 a
818 1817 982 1855 Graecis
1009 1815 1222 1854 discedunt
1250 1814 1473 1854 Lutheraui

38 1871 298 1923 ·uptiatores:
342 1883 517 1923 quorum
556 1870 820 1926 praeconibus
870 1878 979 1911 meta
1024 1870 1137 1910 nulla
1188 1876 1390 1911 consortes
1429 1872 1474 1910 in

54 1944 61 1960 ·
78 1926 249 1965 lamum
265 1925 527 1966 adsciscendi.

135 1980 267 2020 Porro
299 1994 411 2028 mos,
444 1995 566 2035 quem
586 1982 731 2021 Graeci
758 1981 811 2021 ab
839 1981 994 2035 aliquot
1022 1979 1165 2022 seculis
1198 1990 1381 2033 servant,
1409 1996 1473 2023 sa-

26 2035 130 2074 ..tori
161 2042 201 2075 et
228 2036 416 2075 sanctiori
446 2037 638 2076 Graeciae
662 2038 875 2076 inusitatus
919 2037 1019 2076 fuit:
1059 2037 1191 2076 statim
1231 2038 1337 2075 enim
1377 2053 1473 2079 cum

63 2090 173 2130 adita
202 2098 242 2130 et
279 2090 442 2143 vulgata
468 2092 618 2132 Christi
654 2092 839 2131 doctrina
883 2091 1100 2131 caelibatus
1139 2093 1244 2130 inter
1286 2092 1473 2134 ecclesiae

39 2147 229 2185 ministros
254 2145 441 2186 invaluit.
497 2147 601 2187 Nolo
631 2154 835 2199 repetere,
857 2161 960 2200 quae
987 2147 1063 2186 hac
1089 2146 1139 2185 de
1168 2160 1211 2185 re
1243 2145 1473 2188 doctissime

28 2203 228 2255 ··'sputaut
249 2201 473 2241 Turrianus
505 2200 576 2242 lib.
600 2216 641 2241 2.
670 2202 720 2240 de
748 2202 985 2255 dogmaticis
1014 2201 1312 2240 characteribus
1358 2205 1473 2245 verbi

42 2258 129 2306 tei,
160 2263 200 2295 et
234 2255 302 2297 lib.
325 2269 359 2299 1.
385 2256 578 2297 adversus
612 2257 974 2311 Magdeburgenses
1001 2271 1075 2310 pro
1112 2256 1335 2296 canonibus
1373 2274 1472 2313 apo-

1 2334 7 2350 ;
35 2310 221 2350 tolorum
250 2324 340 2363 cap.
374 2325 408 2350 ι.
446 2319 486 2350 et
512 2326 553 2351 2.
582 2319 622 2351 et
651 2311 724 2351 lib.
751 2312 788 2352 5.
818 2312 996 2352 eiusdem
1037 2314 1168 2365 operis
1206 2326 1294 2364 cap.
1334 2327 1396 2353 12.
1432 2322 1473 2354 et

4 2390 9 2404 =.
34 2365 179 2420 liquot
207 2379 320 2418 seqq.
344 2373 383 2405 et
411 2367 453 2405 in
481 2366 640 2406 scholiis
666 2381 786 2420 super
812 2375 935 2420 caput
979 2366 1041 2406 15.
1076 2367 1149 2406 lib.
1188 2366 1228 2406 6.
1267 2370 1471 2410 constitut.

3 2446 6 2460 ι
36 2420 337 2475 ·postolicarum
367 2419 582 2461 Clementis
611 2423 811 2462 Romani:
842 2421 1065 2462 Cardinalis
1088 2422 1283 2461 Baronius
1314 2431 1410 2462 tom.
1437 2438 1473 2465 ι.

2 2475 14 2515 .’
36 2475 163 2515 nnal.
197 2489 304 2515 anno
333 2475 481 2516 Christi
497 2476 563 2518 58.
582 2484 622 2516 et
648 2484 745 2520 tom.
770 2478 811 2518 8.
826 2491 932 2517 anno
959 2477 1053 2531 692.
1070 2485 1109 2516 et
1139 2477 1362 2518 Cal-dinalis
1379 2479 1470 2519 Bel-

6 2554 10 2570 >
41 2532 223 2570 erminus
251 2529 323 2569 lib.
359 2543 392 2570 1.
421 2531 471 2571 de
498 2531 650 2571 clericis
679 2547 763 2585 cap.
787 2547 847 2585 ¹9·
873 2540 913 2572 et
941 2546 1023 2585 seq.
1081 2532 1163 2571 Nos
1185 2535 1361 2572 contenti
1389 2534 1469 2573 eri-

40 2600 118 2625 nus
157 2599 239 2624 uno
258 2585 318 2625 vel
353 2585 479 2625 altero
506 2588 759 2633 testimonio,
790 2602 872 2641 quo
903 2587 1068 2642 planum
1098 2586 1194 2636 fiat,
1224 2588 1321 2640 quid
1347 2590 1387 2627 in
1405 2602 1470 2627 ec-

41 2640 145 2680 ·lesia
177 2639 263 2693 lege
290 2647 329 2679 et
362 2642 650 2683 consuetudine
693 2651 896 2695 receptum
936 2643 1068 2682 fucrit.
1125 2641 1349 2682 Audiamus
1378 2657 1472 2695 ergo

57 2714 62 2729 ι
102 2702 210 2734 ctum
236 2695 540 2749 Hieronymum,
566 2698 651 2749 qui,
676 2706 886 2751 postquam
915 2696 1200 2747 recensuisset,
1229 2712 1309 2751 qua
1339 2705 1471 2736 mente

1 2757 15 2789 .'
189 2750 365 2803 episcopi
402 2751 609 2805 vigilantii
639 2752 836 2794 fermento
859 2752 1020 2799 infecti,
1062 2749 1163 2792 nulli
1191 2760 1471 2806 praeterquam
