1794 3158
415 159 491 202 An
529 153 900 203 CANTACUZENJ
938 161 1040 202 nn.
1083 162 1138 202 11.
1180 178 1188 182 <v
1365 142 1478 219 467

49 263 146 303 locis
165 257 277 302 'clivi
299 260 485 315 gradibus
515 261 723 301 molliatur
736 291 749 314 ,
776 270 819 301 ut
842 261 981 302 domus
1006 276 1062 302 ex
1082 270 1206 317 parte
1239 263 1371 314 inflera
1395 277 1483 302 sca-

47 318 100 358 lis
115 317 444 366 -adscendantur‚
485 331 539 356 ex
561 330 710 372 supera
754 317 950 357 adeantur
982 318 1107 373 plano
1138 317 1242 372 pede
1277 331 1396 372 usque
1424 319 1488 358 ad

41 373 220 428 primam
247 372 590 424 contignationem.
645 372 768 411 Latus
791 386 888 411 vero
917 382 1003 412 tam
1030 386 1191 425 vergens
1223 372 1282 411 ad
1300 373 1393 411 solis
1415 387 1485 412 or-

47 436 148 475 tum,
183 441 300 483 quam
324 426 383 466 ad
412 440 606 477 occasum,
637 427 831 481 duplicem
861 427 1125 466 devexitatem
1153 427 1279 475 habet,
1311 442 1431 466 unam
1455 443 1484 468 a

44 482 378 537 septemtrionibus
403 481 461 520 ad
483 483 742 521 meridianum
770 482 985 532 cardinem,
1019 483 1185 522 alteram
1211 483 1270 521 ad
1293 484 1484 522 orientem

44 546 115 576 aut
140 538 400 577 occidentem.-
447 546 489 575 ut
520 551 599 576 non
635 536 752 576 modo
782 538 876 576 viae
916 546 1042 576 rectae
1063 567 1074 584 ,
1107 537 1179 576 sed
1205 539 1325 576 etiam
1354 546 1484 577 trans-

43 604 187 632 versae
200 593 491 647 proclivitatem
521 592 715 638 habeant,
748 592 822 630 sed
832 592 1038 631 orientale
1064 593 1165 631 latus
1187 593 1412 646 proclivius
1438 596 1482 632 in

41 656 246 702 utramque
261 648 543 697 devexitatem,
568 647 812 687 occidentale
827 648 962 686 molles
979 648 1103 686 clivos
1114 648 1229 686 habet
1245 656 1332 686 tam
1347 657 1483 698 rectos,

39 716 166 756 quam
181 712 437 742 transversos.
469 701 651 756 Denique
687 701 841 740 Galata
873 704 930 740 sic
952 716 1085 756 prona
1105 711 1175 753 est,
1208 711 1261 752 ut,
1287 702 1325 740 si
1344 703 1484 742 eadem

38 757 246 796 altitudine
268 771 398 796 omnes
420 756 560 795 domus
577 765 712 805 essent,
745 758 959 811 superiores
979 758 1279 809 contignationes
1299 757 1484 812 adspectu

40 814 164 851 maris
175 814 424 864 fruerentur,
459 826 514 851 ex
543 813 685 866 eisque,
719 812 828 851 velut
853 827 909 851 ex
935 813 1108 860 theatris,
1143 825 1262 850 naves
1286 812 1389 850 ultra
1422 815 1484 851 ci-

37 874 174 922 traque
188 869 422 907 traiicientes
439 876 724 918 spectarentur.-
743 881 865 921 neque
890 868 1007 906 modo
1022 867 1185 914 Galata,
1206 866 1278 904 sed
1294 875 1377 905 tota
1384 869 1483 919 sere

39 921 390 976 Constantinopolis
415 923 538 961 maris
563 922 745 976 adspectu
753 923 980 973 frueretur,
1004 923 1041 960 si
1052 923 1133 975 ‚lex
1156 935 1183 960 a
1208 921 1368 960 Zenone
1387 936 1483 962 con·-

37 978 168 1017 stituta
199 986 239 1017 et
271 992 299 1016 a
331 978 549 1017 Iustiniano
576 979 728 1016 sancita
754 986 1000 1027 servaretur,
1043 977 1176 1015 iubens
1199 977 1309 1015 intra
1331 986 1483 1016 centum

31 1044 172 1086 passus
207 1034 401 1072 neminem
434 1047 547 1087 posse
592 1032 930 1086 Constantinopoli
959 1032 1153 1085 impedire
1186 1026 1312 1069 maris
1336 1032 1482 1086 adspe-

34 1095 139 1127 ctum
152 1118 165 1139 ,
204 1102 326 1144 neque
359 1096 506 1126 rectum
521 1117 533 1138 ,
562 1101 685 1141 neque
714 1087 926 1142 obliquum.
986 1087 1123 1125 Plana
1147 1086 1251 1124 urbis
1268 1099 1368 1139 pars
1396 1087 1478 1125 dis-

34 1151 192 1182 currens
235 1144 340 1182 inter
384 1144 481 1181 imos
529 1143 640 1181 collis
679 1142 803 1180 clivos
844 1150 885 1180 et
920 1141 1050 1180 sinum
1073 1170 1085 1191 ,
1130 1155 1320 1195 nusquam
1356 1143 1482 1180 minus

34 1199 169 1237 stricta
204 1198 376 1237 ducentis
417 1198 620 1252 passibus,
658 1198 700 1236 in
737 1197 919 1236 cornibus
959 1197 1111 1248 largior
1142 1205 1200 1234 est
1246 1205 1285 1234 et
1316 1197 1484 1250 quidem.

34 1253 183 1292 alicubi
201 1262 313 1308 patet
339 1254 383 1291 in
414 1252 698 1305 longitudinem
724 1251 1097 1306 quadringentorum
1120 1264 1309 1304 passuum
1323 1280 1334 1298 ,
1365 1253 1484 1306 oppi-

31 1308 131 1347 dum
166 1309 289 1363 triplo
335 1309 516 1359 longius,
553 1322 672 1362 quam
709 1307 851 1345 latius.-
895 1306 1062 1344 latitudo
1101 1306 1227 1344 tendit
1259 1319 1285 1343 a
1315 1315 1483 1359 septem-

30 1364 224 1403 trionibus
246 1362 305 1402 ad
326 1363 546 1410 meridiem,
577 1362 777 1414 longitudo
812 1361 863 1399 ab
898 1362 1045 1400 oriente
1075 1360 1133 1398 ad
1163 1373 1348 1399 occasum
1365 1390 1376 1407 ,
1416 1362 1481 1400 la-

31 1427 94 1458 tus
130 1418 367 1458 occidentale
402 1418 519 1457 latius
561 1430 682 1472 quam
727 1416 918 1455 orientale
931 1445 942 1466 ,
971 1424 1009 1454 et
1025 1416 1126 1466 fiere
1166 1416 1309 1454 eadem
1345 1415 1482 1455 latita-

29 1473 127 1513 dine
141 1503 154 1524 ,
184 1485 268 1529 qua
300 1472 432 1512 media
466 1472 556 1511 urbs
573 1490 585 1511 .-
629 1485 723 1510 nam
755 1485 834 1525 per
859 1471 1141 1523 longitudinem
1180 1471 1484 1525 quingentorum

23 1541 218 1583 passuum
251 1542 440 1582 nusquam
467 1528 594 1566 minus
629 1527 713 1565 lata
740 1527 955 1580 quingentis
982 1525 1161 1580 passibus
1189 1525 1382 1563 orientale
1410 1526 1483 1564 la-

30 1591 92 1622 tus
121 1584 370 1623 contrahitur
403 1583 594 1630 molliter,
641 1581 780 1636 quoad
811 1582 893 1619 eius
936 1582 1166 1619 extremitas
1204 1579 1263 1618 ad
1287 1581 1481 1630 sormam

31 1640 150 1678 cunei
182 1638 388 1686 reducitur,
423 1638 487 1676 ubi
524 1637 617 1675 lata
654 1645 712 1674 est
739 1636 919 1674 ducentos
955 1636 1167 1686 sexaginta
1195 1648 1347 1688 passus.
1408 1636 1483 1673 To-

26 1701 112 1732 tum
138 1694 258 1742 littus,
292 1692 400 1747 quod
425 1693 564 1730 circuit
601 1691 795 1729 Galatam
811 1719 826 1740 ,
869 1699 1097 1744 portuosum
1125 1698 1202 1735 est,
1242 1702 1368 1727 naves
1406 1690 1482 1728 ad·-

31 1749 186 1787 mittens
210 1761 326 1802 usque
347 1747 444 1785 dum
473 1748 699 1798 contingant
718 1759 831 1784 oram
851 1746 1110 1783 maritimam.
1164 1743 1280 1783 Inter
1321 1747 1483 1783 moenia

32 1811 75 1843 ct
108 1805 236 1842 sinum
279 1802 541 1841 intermissum
573 1810 631 1839 est
659 1801 829 1855 spatium
847 1801 874 1847 ,'
896 1800 967 1838 ubi
1004 1799 1193 1838 tabernae
1225 1807 1260 1836 et
1293 1796 1482 1849 officinae

29 1867 299 1898 mercatorum
321 1866 360 1896 et
384 1870 585 1911 cauponae
606 1855 831 1910 frequentes
855 1863 894 1894 et
914 1868 1042 1893 vacua
1074 1853 1290 1892 intervalla
1326 1853 1388 1891 ad
1403 1868 1481 1892 ea·-

29 1913 258 1954 oneramlas
290 1925 427 1954 naves.
484 1911 628 1952 Portas
660 1911 774 1949 habet
805 1911 1038 1949 maritimas
1075 1923 1149 1947 sex
1164 1937 1176 1959 ,
1204 1921 1376 1963 quarum
1405 1917 1481 1946 tres

31 1969 233 2008 traiectwn
254 1968 509 2021 fi‘equentem
554 1967 697 2006 habent
735 1965 794 2004 ad
822 1963 1214 2018 Constantinopolim.
1274 1962 1342 2000 Ita
1372 1964 1480 2001 enim

32 2033 176 2064 contra
226 2022 603 2076 Constantinopolim
645 2022 746 2059 iacet
788 2020 944 2060 Galata
980 2034 1008 2059 a
1042 2017 1374 2074 septemtrionibus
1392 2046 1404 2068 ,
1437 2025 1479 2056 ut

23 2080 159 2134 primo
176 2108 187 2126 ,
226 2077 393 2117 secundo
412 2107 424 2127 ,
473 2079 584 2116 tertio
617 2076 782 2116 collibus
817 2084 856 2115 et
882 2075 988 2114 valli
1016 2076 1183 2126 primae
1222 2081 1258 2113 et
1284 2072 1478 2111 secundae

30 2133 468 2187 Gbnstantinopolitanis
515 2134 568 2171 sit
600 2132 770 2171 adversa
790 2161 802 2181 ,
854 2143 962 2185 prae
1003 2144 1044 2168 se
1083 2129 1227 2167 habens
1282 2130 1410 2166 sinum
1441 2136 1480 2166 et

29 2188 406 2241 Constantinopolim
420 2217 431 2235 ,
478 2201 507 2227 a
555 2196 662 2240 tergo
700 2185 919 2224 suburbana
958 2184 1160 2240 aedificia.
1218 2182 1325 2221 Nam
1357 2196 1478 2235 supra

33 2242 225 2283 Galatam
264 2243 408 2281 multae
440 2242 579 2281 domus
602 2241 842 2280 sulmrbanae
868 2242 1022 2295 partim
1055 2240 1098 2278 in
1141 2238 1253 2277 collis
1287 2237 1478 2276 Galatini

26 2298 159 2346 dorso,
195 2299 348 2353 partim
378 2299 420 2336 in
447 2299 528 2336 eius
564 2297 748 2336 lateribus
781 2296 1012 2350 triplicibus.
1072 2294 1179 2332 Nam
1211 2293 1361 2331 Galata
1396 2305 1476 2330 non

27 2355 186 2406 attingit
220 2366 412 2391 summum
447 2353 634 2391 verticem
662 2352 775 2391 collis
791 2381 802 2398 ,
836 2352 955 2389 immo
990 2363 1046 2388 ex
1080 2362 1230 2388 summa
1259 2348 1352 2385 urbe
1366 2376 1377 2397 ,
1406 2347 1476 2384 ubi

27 2417 85 2447 est
117 2409 380 2448 excelsissima
402 2408 538 2455 turris,
567 2408 695 2446 adhuc
724 2415 849 2445 restat
871 2415 989 2445 extra
1017 2405 1149 2444 urbem
1170 2403 1374 2441 adscensus
1395 2410 1475 2439 tre-

26 2471 228 2503 centorum
255 2464 410 2501 circiter
439 2477 624 2517 passuum
638 2491 650 2512 ,
678 2462 818 2515 plenus
843 2460 1034 2516 aedificiis
1047 2490 1058 2507 ,
1098 2458 1190 2497 inde
1219 2459 1350 2509 iugum
1377 2456 1473 2509 pla-

29 2530 122 2557 num
148 2518 305 2557 tendens
331 2531 358 2555 a
386 2518 553 2557 meridie
577 2518 635 2556 ad
656 2516 895 2571 Aquilonem
908 2545 919 2564 ‚
955 2517 1116 2568 largum
1151 2513 1307 2550 circiter
1328 2511 1472 2549 ducen-

27 2581 86 2611 tos
108 2587 258 2627 passm,
280 2573 440 2625 longum
471 2573 548 2612 duo
578 2572 708 2610 millia
730 2584 933 2626 passuum,
960 2584 1037 2625 per
1061 2567 1169 2624 quod
1193 2567 1363 2605 medium
1386 2565 1470 2603 dis-

26 2629 154 2666 currit
185 2630 254 2666 via
299 2628 383 2666 lata
394 2655 411 2675 ,
450 2629 641 2683 utrimque
678 2627 877 2682 aedificiis
906 2628 1032 2664 cineta
1061 2626 1262 2661 hortorum
1290 2630 1327 2660 et
1355 2621 1471 2658 vine-

28 2692 169 2731 arum,
200 2697 322 2737 neque
349 2691 405 2721 est
435 2683 518 2722 ulla
540 2697 639 2737 pars
666 2683 898 2721 amoenior.-
943 2694 998 2718 ια·
1031 2692 1111 2733 qua
1148 2678 1301 2731 eius-que
1333 2675 1471 2713 lateri·

28 2733 95 2776 bus
133 2736 292 2777 videtur
328 2738 434 2777 sinus
464 2738 669 2779 Cet-atinus
697 2746 734 2777 ct
774 2737 976 2789 'Bosporus
1013 2742 1050 2772 et
1082 2732 1293 2785 Propontis
1334 2738 1372 2767 et
1406 2741 1466 2766 se-
