1800 3164
330 174 354 207 2
366 174 398 208 Ο
409 173 435 208 2
894 166 1263 208 CANTACUZENI

118 281 205 316 A.c.
225 282 301 316 ι35ι
322 273 453 314 adzo&
480 273 703 321 ποιεῖσθαι,
733 270 916 311 ἐπείθετό
946 283 990 308 τε
1024 268 1097 308 καί
1125 269 1168 309 ἐν
1195 271 1279 314 τοῖς
1307 263 1490 318 μάλιστα
1510 268 1593 309 τῶν
1622 270 1758 325 φίλων

318 338 464 380 ἔταττε
489 336 590 385 τούς
617 332 950 386 πολεμιωτάτους
977 333 1034 382 ὥς
1064 330 1233 388 ἀληθῶς
1272 332 1344 374 καί
1383 335 1558 389 κέρδους
1600 337 1758 391 μικροῦ

318 403 390 446 καί
417 402 628 458 λήμματος
655 398 780 441 αὐτόν
799 415 845 441 τε
866 400 939 441 καί
960 397 1189 450 σύμπασαν
1215 399 1438 454 ἡγεμονίαν
1462 398 1753 455 προδιδόντας,

318 469 391 511 καί
418 471 632 510 ἐσκέπτετο
665 463 742 507 συν
770 465 936 517 αὐτοῖς,
983 462 1084 506 ὅθεν
1111 481 1156 506 τε
1188 466 1262 506 καί
1293 461 1406 514 ὅπως
1437 463 1512 508 τὸν
1536 465 1644 521 πρὸς
1674 471 1755 521 βα-

277 537 435 576 Βσιλέα
465 532 534 574 τὸν
561 529 762 585 κηδεστήν
791 530 974 582 πόλεμον
1003 530 1236 584 α’νακινοιή.
1277 527 1414 572 ἐδόκει
1445 529 1496 586 δή
1527 533 1627 585 δεῖν,
1655 533 1754 587 πρίν
1767 534 1800 578 5'

297 599 495 641 ’ἔκπυστα
523 599 716 650 γενέσθαι
741 594 790 638 w*
820 596 1152 650 βεβουλευμένα,
1182 593 1364 651 Ἀσάνην
1391 594 1464 638 τὸν
1486 593 1755 652 Ἀνδρόνικον

317 665 499 719 ἆᾳιιστᾷν
528 661 845 716 Θεσσαλονίκης.
913 661 1157 702 ’ὑπώπτευον
1192 660 1274 718 γὰρ
1305 663 1460 707 ἐκεῖνον
1497 660 1551 704 τά
1579 666 1754 718 μέγιστα

315 728 641 771 ἐναντιώσεσθαι
668 760 680 779 ,
743 728 794 769 ου’
840 726 971 780 μόνον
1013 727 1415 780 ιίντικαθιστάμενον
1450 727 1557 783 πρὸς
1597 725 1755 784 τᾶλλα,

314 793 420 836 α’λλιὶ
450 793 522 836 καί
549 797 719 847 βασιλεῖ
741 796 800 851 τῷ
827 795 903 851 νέῳ
943 796 1231 847 παραινοῦντα
1268 795 1352 836 τῶν
1395 794 1578 836 α’τόπων,
1602 794 1754 850 οἷπέχε-
1799 810 1800 813 ’

309 863 415 901 σθαι
451 858 750 915 ἐπιχειρήσεων
789 858 860 901 καί
885 857 944 914 μή
977 859 1241 915 διαφθείρειν
1262 857 1339 914 τήν
1367 858 1590 915 ἡγεμονίαν
1609 858 1752 915 senoni,
1772 855 1800 908 ts

310 920 361 980 ἧς
387 924 522 967 ἔσοιτο
553 924 695 981 κύριος
721 923 828 978 μετὰ
857 924 1021 979 μικρὸν,
1051 927 1091 966 εἰ
1115 924 1221 980 πρὸς
1247 928 1425 978 βασιλέα
1454 924 1528 969 τὸν
1553 926 1754 983 κηδεστήν

310 991 602 1046 εὕγνωμονοιή.
640 991 713 1032 καί
739 989 1034 1046 προσελθόντες
1062 993 1107 1032 ἐν
1135 989 1405 1048 προσχήματι
1435 994 1581 1049 φιλιάς
1608 995 1753 1050 πρῶτα

307 1060 386 1111 μὲν
419 1054 568 1112 ὅρκους
597 1056 783 1115 ἀπῄτουν
801 1090 812 1110 ,
870 1054 975 1100 ὥστε
1007 1055 1264 1113 καταδήλους
1299 1057 1358 1113 μὴ
1388 1063 1543 1112 ποιεῖν,
1577 1063 1753 1112 μέλλον-

307 1140 381 1173 τας
399 1122 667 1165 ἐκκαλύπτειν
686 1123 734 1165 τὰ
752 1123 936 1176 μάλιστα
964 1121 1102 1180 ἆπόρῥ
1108 1138 1186 1179 ητα
1201 1126 1258 1181 τῷ
1275 1126 1352 1182 νέῳ
1370 1128 1550 1178 βασιλεῖ.
1591 1125 1752 1179 ἔπειτα,

271 1189 402 1232 esna*
428 1188 661 1243 ἐλάμβανον
693 1188 770 1238 τας
798 1189 955 1238 πίστεις
1002 1189 1075 1232 καί
1115 1185 1222 1246 ἦσαν
1249 1192 1294 1233 ἐν
1327 1189 1577 1248 πεποιθήσει
1605 1194 1750 1247 δῆθεν,
1770 1211 1784 1238 ι

307 1258 485 1310 βασιλέα
512 1255 581 1299 τὸν
613 1257 704 1298 νέον
741 1254 877 1311 ἔλεγον
903 1255 1142 1298 συνθέσθαι
1180 1255 1331 1315 Κράλῃ
1371 1258 1444 1301 ἐπὶ
1483 1261 1540 1317 τῷ
1571 1258 1753 1311 πόλεμον

307 1328 432 1364 κινεῖν
460 1322 565 1365 κατὰ
590 1325 796 1377 βασιλέως
828 1327 905 1365 τοῦ
943 1325 1168 1378 κηδεστοῦ,
1210 1322 1283 1365 καί
1324 1323 1496 1374 οὐδενὸς
1524 1324 1588 1368 ἔτι
1619 1327 1753 1367 ἐνδεῖν

307 1388 408 1444 πρὸς
438 1387 515 1438 τοὶς
541 1388 773 1443 συμβάσεις
791 1422 802 1442 ,
859 1388 1038 1445 Κράλην
1074 1391 1120 1433 δὲ
1148 1388 1455 1446 προθυμότατα
1480 1393 1561 1445 μὲν
1589 1393 1753 1435 ἐθέλειν

306 1458 476 1508 βασιλεῖ
497 1456 555 1512 τῷ
582 1458 659 1512 νέῳ
687 1462 925 1510 συμμαχεῖν
963 1456 1036 1498 καὶ
1060 1458 1200 1499 πᾶσαν
1227 1457 1333 1513 ὑπὲρ
1370 1458 1505 1500 affro&
1523 1457 1596 1500 καί
1620 1474 1752 1500 σπου-

307 1519 382 1575 δήν
401 1522 691 1563 ἐνδείκνυσθαι
724 1520 796 1563 καί
824 1524 1083 1578 προθυμιάν,
1116 1521 1252 1566 δεινὸν
1281 1525 1327 1565 δὲ
1357 1519 1458 1565 ὄντα
1482 1522 1660 1579 ταράξαι
1681 1525 1787 1569 καῖ’]

307 1588 484 1641 συγχέαι
518 1587 742 1643 πράγματα
779 1587 852 1630 καί
889 1587 1138 1644 χρήσασθαι
1181 1589 1473 1645 προσηκόντως
1518 1598 1606 1640 τοῖς
1658 1608 1750 1633 και-

304 1659 394 1708 ροῖς
421 1655 495 1695 καί
537 1656 650 1696 τοῦτ’
681 1656 1011 1710 ἐπινενοηκέναι,
1061 1657 1114 1698 ἵν’
1147 1653 1403 1710 ἀσυμβάτως
1439 1660 1598 1709 μᾶλλον
1635 1656 1748 1711 ἔχειν

303 1720 602 1777 παρασκευάσῃ
633 1718 729 1769 τούς
769 1723 991 1774 βασιλέας,
1031 1722 1076 1764 τὸ
1107 1724 1155 1764 σὲ
1194 1723 1426 1776 βούλεσθαι
1469 1723 1608 1779 ὥσπερ
1642 1721 1749 1779 ὅμη-

304 1800 378 1840 ρον
408 1788 565 1840 λαβεῖν·
621 1785 695 1828 καί
721 1785 947 1843 σκήπτεται
977 1791 1108 1844 δῆθεν
1152 1790 1342 1832 α’πιστεῖν
1378 1791 1434 1849 τῷ
1460 1792 1538 1848 νέῳ
1567 1794 1750 1845 βασιλεῖ,

302 1910 379 1943 vit:
405 1914 442 1944 et
464 1910 626 1956 profecto
652 1911 921 1947 inimicissimos
937 1938 947 1954 ,
987 1915 1125 1959 quique
1150 1912 1196 1946 ob
1224 1913 1296 1947 vile
1330 1912 1504 1948 lucellum
1539 1919 1577 1948 et
1598 1925 1748 1959 parvum
1774 1925 1783 1946 ’.

302 1957 556 2001 compendium
582 1959 701 2003 ipsum
727 1970 806 1991 cum
834 1961 1003 1993 universo
1023 1961 1175 2005 imperio
1200 1960 1455 2005 prodiderunt,
1480 1972 1545 2006 pro
1570 1961 1748 1995 amicissi-

302 2003 368 2036 mis
393 2003 542 2038 habuit:
573 2005 790 2050 quibuscum
818 2006 1020 2040 deliberare
1049 2009 1183 2051 coepit,
1211 2007 1309 2040 unde
1337 2013 1374 2040 et
1399 2009 1584 2056 quomodo
1609 2009 1748 2042 bellum

303 2055 426 2083 contra
452 2061 614 2084 socerum
639 2053 857 2087 institueret.
907 2055 1046 2087 Placuit
1072 2055 1194 2098 igitur,
1219 2055 1430 2100 priusquam
1457 2056 1621 2089 consulta
1646 2066 1750 2088 ema·

302 2101 452 2137 natent,
488 2097 734 2131 Andronicum
773 2100 926 2135 Asanem
966 2101 1226 2135 Thessalonica
1262 2103 1460 2142 removeri,
1498 2113 1609 2148 quem
1645 2112 1748 2135 acer-

303 2142 432 2175 rimum
455 2143 532 2177 fore
558 2145 823 2187 adversarium,
849 2159 916 2182 nec
942 2149 1058 2182 solum
1089 2149 1229 2194 alioqui
1256 2160 1294 2182 se
1319 2150 1597 2194 oppositurum,
1618 2147 1687 2182 scd
1712 2151 1750 2181 et

303 2189 484 2222 iuniorem
524 2192 777 2235 imperatorem
813 2194 1085 2231 admoniturum
1123 2196 1367 2236 verebantur,
1412 2197 1466 2229 uti
1504 2200 1635 2229 conatu
1674 2199 1749 2228 tam

301 2236 398 2268 male
424 2236 583 2271 ominato
607 2237 818 2281 desisteret,
850 2253 942 2276 neve
967 2243 1161 2287 imperium
1195 2242 1313 2287 (cuius
1350 2243 1460 2288 paulo
1495 2247 1579 2287 post
1602 2243 1749 2276 futurus

303 2282 352 2314 sit
377 2282 561 2323 dominus,
589 2285 620 2318 si
647 2296 727 2328 erga
753 2296 915 2321 socerum
941 2289 1194 2333 imperatorem
1219 2288 1335 2334 probe
1361 2295 1399 2323 et
1422 2289 1580 2324 candide
1604 2299 1642 2322 se
1669 2299 1750 2333 ges·

302 2328 419 2372 serit‚)
464 2331 588 2363 sciens
617 2343 658 2365 ac
684 2332 808 2367 volens
834 2336 1096 2379 pessumdaret.
1146 2338 1238 2381 Ergo
1277 2347 1360 2370 eum
1395 2349 1477 2370 cum
1512 2336 1750 2370 simulatione

302 2375 482 2409 amicitiae
507 2377 683 2412 adeuntes
699 2404 708 2419 ,
733 2387 990 2416 sacramentum
1017 2384 1155 2417 silentii
1181 2384 1356 2427 exigunt,
1393 2385 1549 2417 iunioris
1585 2384 1748 2427 impera-

302 2421 392 2454 toris
420 2424 656 2458 secretissima
681 2427 936 2469 patefacturos,
984 2430 1067 2471 Ubi,
1095 2431 1165 2463 fide
1191 2432 1346 2464 iurantis
1372 2435 1532 2475 accepta,
1554 2430 1635 2462 ausi
1662 2433 1749 2461 sunt

302 2467 436 2509 fidere,
469 2480 546 2502 cum
588 2471 691 2505 Crale
724 2473 861 2507 bellum
899 2487 1021 2510 socero
1061 2476 1292 2512 inferendum
1330 2477 1533 2522 pepigisse,
1577 2475 1749 2520 nihilque

302 2516 419 2559 pactis
443 2521 480 2548 et
503 2520 688 2551 conventis
717 2520 842 2554 deesse
875 2530 1042 2563 narrant,
1074 2525 1291 2571 Cralemque
1316 2523 1597 2568 propensissime
1622 2522 1748 2556 studio

304 2567 343 2595 et
361 2562 547 2596 alacritate
571 2564 779 2608 imperatori
804 2568 1075 2611 opitulaturum.
1127 2573 1216 2606 Cum
1241 2577 1362 2604 autem
1382 2571 1412 2604 is
1433 2571 1488 2603 vir
1511 2569 1558 2602 ad
1582 2580 1639 2604 res
1663 2579 1749 2613 per-

302 2608 501 2642 turbandas
527 2621 568 2642 ac
593 2613 857 2655 permiscendas
885 2617 932 2648 sit
954 2619 1139 2660 appositus
1177 2624 1215 2652 et
1238 2619 1319 2651 foro
1347 2619 1401 2651 uti
1434 2617 1598 2656 noverit,
1634 2617 1745 2650 etiam

301 2654 373 2687 hoc
399 2656 497 2689 vafre
524 2659 763 2702 excogitasse,
789 2671 860 2705 quo
881 2661 1116 2706 imperatores
1143 2676 1164 2698 a
1189 2664 1417 2698 resarcienda
1446 2662 1639 2698 eoncordia
1676 2662 1745 2695 ali-

303 2702 446 2735 eniores
472 2703 619 2744 reddat,
641 2710 682 2738 ut
707 2705 828 2751 ipsum
854 2708 991 2742 obsidis
1017 2710 1096 2744 loco
1124 2712 1298 2756 accipiat:
1323 2711 1495 2744 simulare
1520 2710 1637 2750 enim,
1669 2719 1747 2743 non.

304 2758 341 2782 se
367 2747 479 2784 fidere
504 2749 717 2797 imperatori
742 2754 901 2796 iuniori,
925 2766 971 2790 ne
996 2755 1088 2792 forte
1113 2759 1318 2800 exercitui,
1344 2767 1452 2806 quem
1476 2757 1526 2792 sit
1557 2756 1746 2803 suppetias
