1794 3158
393 131 465 171 An
503 126 874 169 CANrACUzENI
918 126 1016 165 Lm.
1058 127 1130 165 ιιι.
1357 106 1465 163 535

39 248 178 275 manus
201 234 443 273 Graecorum
467 232 718 286 imperatoria
742 229 926 268 Balduini
953 229 1003 267 11.
1031 227 1226 282 symbola,
1255 242 1358 282 quae
1378 230 1468 283 qui*

37 288 130 328 dem
154 290 251 329 haec
281 290 447 328 fuerint:
497 288 701 342 calyptm,
734 285 884 324 formae
914 285 1065 323 Latinis
1102 285 1272 322 usitatae
1293 291 1331 322 et
1351 286 1469 324 unio-

41 346 159 384 nibus
189 345 402 394 distincta‚
446 358 538 383 cum
570 343 704 396 lapillo
734 341 848 380 rubri
881 339 1024 379 coloris
1056 340 1097 377 in
1126 340 1274 378 vertice
1298 341 1471 392 capitis}

39 399 302 438 calceamenta
327 413 445 439 cocco
477 400 629 448 tincta3
664 396 842 451 gladius,
870 397 1013 449 vagina
1048 395 1098 434 de
1127 395 1301 433 coccinei
1323 395 1469 434 coloris

37 456 164 494 serico
193 455 321 506 facta,
351 455 530 495 vestitus.
557 467 728 493 Ponun-

146 509 414 564 Pag.479,[1.
446 505 791 560 Chariopoli.
845 505 1002 544 Tui-cae
1036 511 1180 544 vocant
1208 503 1327 544 hod.e
1348 505 1468 545 ,Che-

37 564 204 618 repoliri.
260 566 328 604 Ab
358 564 589 604 Atheniensi
620 562 768 602 Charia
813 560 917 599 dicta
957 560 1042 599 fuit.
1098 559 1196 598 Nam
1234 568 1469 614 praepotens

37 622 140 659 mari
167 620 340 674 populus
363 620 615 659 Atheniensis
647 624 740 655 ante
773 614 922 653 bellum
952 615 1345 667 Peloponnesiacum,
1376 630 1470 668 pro-

36 681 126 729 pter
153 675 455 729 amplitudinem
501 674 633 714 classis
676 679 715 710 et
747 685 866 710 usum
907 683 1043 708 rerum
1080 670 1310 721 navalium,
1344 671 1469 709 Cher-

37 743 224 769 ronesum
268 745 360 771 eum
422 730 562 769 maiori
620 735 733 780 parte
775 725 998 764 maritimae
1042 725 1236 764 Thraciae
1287 740 1333 764 ac
1381 727 1470 765 Ma—

39 785 226 825 cedoniae
252 815 264 837 ‚
312 799 404 825 cum
451 783 645 824 Perintho
683 785 812 835 (nnnc
854 780 1082 827 Araehlea,
1122 780 1230 833 quod
1270 781 1375 820 idem
1412 788 1470 821 est

38 854 131 880 cum
161 841 402 890 Heraclea,)
444 854 536 879 cum
578 838 786 891 Selybria,
822 850 913 875 cum
943 838 1029 888 ipso
1065 835 1254 889 Byzantio
1295 837 1469 888 posside-

40 895 136 935 bat:
191 896 233 934 in
267 910 390 949 eaque
439 895 526 934 loca
573 892 694 932 semel
734 898 926 943 occupata
952 921 963 941 ,
999 891 1183 930 >colonias
1223 891 1468 942 deducebat,

36 950 288 1004 Thucydide,
316 950 586 1005 Xenophonte
615 956 735 1001 atque
774 946 862 986 aliis
892 947 1056 985 testibus
1085 953 1158 985 etc.
1187 945 1464 986 Leunclavius.

37 1018 214 1048 romum.
1422 1032 1425 1034 .

144 1060 246 1114 Pag.
261 1059 353 1112 480,
369 1059 406 1104 5.
436 1059 585 1100 velut
614 1070 762 1113 aper.
818 1056 914 1095 Ideo
945 1056 1082 1094 Horat.
1126 1054 1215 1094 Ode
1249 1069 1290 1094 2.
1320 1055 1468 1108 Epod.,

35 1114 150 1153 Maro
178 1116 314 1168 ecloga
351 1129 411 1154 ιο.
441 1129 551 1154 acres
597 1114 855 1152 nominarunt
884 1125 1000 1164 apros
1019 1141 1028 1159 ,
1069 1111 1120 1149 ad
1148 1118 1332 1149 naturam
1363 1110 1470 1150 illius

34 1170 183 1210 bestiae
212 1170 480 1210 truculentam
510 1170 779 1222 respicientes.
834 1167 1024 1206 Eiusdem
1049 1173 1260 1214 naturam,
1291 1179 1471 1218 praeser-

34 1226 104 1263 tim
135 1239 158 1263 a
200 1226 458 1265 venatoribus
498 1226 744 1278 exagitatae,
782 1223 893 1274 ponit
938 1230 1028 1260 ante
1070 1221 1207 1259 oculos
1247 1219 1472 1259 luculenter

33 1282 215 1334 princeps
245 1289 362 1334 poeta
390 1280 463 1320 lib.
484 1294 567 1320 10.:
602 1279 661 1318 Ac
694 1278 808 1317 velat
835 1277 906 1315 ille
940 1290 1091 1316 canum
1117 1290 1249 1315 morsu
1274 1276 1326 1315 de
1351 1290 1470 1315 mon-

31 1336 136 1375 tibus
164 1336 261 1375 altt's
291 1345 406 1376 actus
435 1349 537 1389 aper
566 1342 642 1373 etc.
674 1345 846 1372 PONTAN.

141 1389 349 1443 Pag.494,
374 1405 410 1431 2.
449 1390 623 1429 amori
659 1387 882 1441 puellae
920 1386 1141 1439 penitus
1176 1385 1469 1424 succubue-

32 1457 94 1483 ra
109 1452 136 1484 t.
192 1447 230 1484 Ο
262 1447 450 1484 miserum
479 1443 699 1486 Galffilain,
730 1449 774 1480 ut
809 1455 850 1480 se
881 1440 1149 1479 excarnificari
1178 1440 1325 1479 frustra
1363 1441 1472 1478 sinit.

30 1500 136 1537 Mira
157 1507 252 1539 sunt
271 1531 283 1548 ‚
314 1515 418 1553 quae
448 1500 613 1552 quidam
640 1498 694 1537 ob
725 1511 902 1535 amorem
933 1495 1147 1535 mulierum
1196 1495 1472 1548 puellarumve

31 1553 221 1606 leguntur
248 1556 404 1604 fecisse,
447 1570 517 1594 seu
544 1555 753 1593 honestum
787 1559 826 1590 et
856 1551 1040 1602 licitum,
1079 1550 1188 1603 quod
1225 1565 1287 1589 cas·
1330 1565 1472 1588 uxores

0 1643 1 1649 ,
32 1617 237 1661 cuperent,
265 1625 335 1650 seu
372 1618 530 1662 turpem
562 1616 602 1648 et
634 1610 815 1647 vetitum.
873 1608 1002 1659 Caput
1037 1614 1095 1645 est
1123 1606 1230 1658 apud
1260 1607 1471 1644 Iovianum

33 1664 266 1704 Pontanum
292 1665 398 1704 libro
423 1666 555 1718 priore
580 1664 629 1703 de
656 1662 904 1709 fortitudine,
935 1676 1015 1714 quo
1038 1662 1172 1712 docet,
1194 1662 1261 1714 qui
1285 1661 1339 1699 ob
1358 1675 1471 1699 aulo-

42 1733 129 1758 rem
162 1727 355 1774 pugnent,
386 1720 510 1759 fortes
533 1734 613 1758 non
641 1732 740 1757 esse.
770 1730 938 1759 rom-AN,
1479 1742 1481 1746 ,

154 1776 255 1828 Bag.
277 1775 372 1829 497,
407 1789 473 1816 20.
513 1770 688 1827 χηρείαν
725 1771 798 1822 τῆς
835 1767 1059 1822 θυγατρός.
1116 1770 1198 1807 Cur
1224 1769 1474 1818 viduitatem,

44 1843 135 1868 cum
162 1844 243 1869 nou
270 1838 371 1869 esset
402 1831 524 1868 vidua
544 1833 562 1868 ‘t
593 1843 666 1866 nec
699 1829 804 1865 enim
827 1841 918 1864 cum
951 1840 1154 1878 quoquam
1182 1832 1306 1877 nupta
1331 1825 1476 1862 fuerat.

43 1884 122 1922 Sed
163 1885 421 1925 iureconsulti
453 1886 572 1924 etiam
619 1882 799 1921 nonduin
829 1888 994 1932 nuptam
1024 1880 1223 1933 appellare
1253 1879 1381 1918 solent
1414 1880 1474 1917 vi-

44 1939 178 1983 duam.
235 1942 437 1991 Quoniam
469 1939 620 1979 scilicet
662 1938 784 1977 vidua
823 1937 927 1974 dicta
968 1937 1019 1974 sit
1062 1943 1106 1973 ut
1144 1949 1312 1985 vecors,
1362 1948 1475 1973 vesa-

44 2009 146 2045 nus,
175 1997 245 2048 qui
276 1998 362 2035 sine
388 1996 533 2046 corde,
560 1995 645 2033 sine
675 1995 840 2031 sanitate
865 1998 990 2030 esset:
1033 1998 1073 2030 et
1103 1989 1172 2029 illa
1198 1992 1282 2028 siue
1310 1990 1476 2030 duitate.

44 2063 218 2089 rourAN.

152 2105 377 2159 Pag.499‚
407 2106 445 2145 5.
487 2104 799 2145 videbatur
849 2101 956 2140 sibi
1007 2100 1219 2139 sedere.
1294 2101 1355 2139 De
1400 2099 1477 2137 hoc

44 2163 200 2199 somnio
228 2162 371 2201 viderit
402 2161 553 2212 lector,
584 2159 681 2212 quid
712 2158 870 2203 sentiat,
911 2163 950 2194 et
987 2157 1190 2209 quomodo
1233 2169 1372 2194 verum
1400 2156 1476 2204 sit,

45 2215 152 2268 quol
179 2217 231 2255 ait
260 2224 420 2270 postea,
453 2217 508 2256 sic
544 2214 735 2254 evenisse.
790 2212 1009 2251 Commixta
1047 2218 1139 2249 sunt
1182 2218 1317 2250 autem
1356 2210 1479 2249 verba

44 2273 261 2324 scripturae
288 2279 446 2311 sanctae
474 2279 514 2311 et
550 2270 821 2309 consarcinata
850 2267 1083 2320 aliquoties,
1113 2274 1158 2305 ut
1186 2268 1351 2317 nescias,
1380 2264 1478 2317 quid

45 2340 92 2364 ex
127 2340 208 2379 quo
236 2326 323 2365 loco
352 2327 588 2365 adducatur.
616 2336 780 2364 romum.

156 2380 451 2434 Pag.5oo‚2s;.
480 2381 719 2420 vidimus
745 2378 1031 2418 vaticinia
1065 2377 1190 2415 haec
1215 2374 1478 2415 evenisse.

47 2435 155 2474 lnfra
185 2451 274 2475 mox
307 2436 436 2486 dicit3
464 2436 513 2474 ad
545 2449 663 2488 quem
711 2441 844 2472 autem
877 2433 1110 2487 pertinuerit
1145 2432 1219 2468 lioc
1248 2428 1477 2479 somnium,

47 2503 172 2543 usque
202 2491 320 2530 hodic
343 2491 452 2532 latet.
508 2490 616 2529 Haec
642 2491 858 2542 pugnantia
889 2496 996 2528 sunt.
1028 2499 1202 2526 roNTAN.

161 2546 422 2599 Pag.501‚8.
453 2546 726 2584 secandum
769 2546 1002 2599 quietem.
1058 2541 1313 2581 Somniorum
1342 2537 1480 2576 obscr-

49 2602 277 2640 vatioiibus
304 2601 426 2640 dediti
456 2602 616 2639 suerunt
644 2602 881 2640 recentiores
910 2599 1064 2644 Graeci,
1100 2609 1181 2633 non
1210 2593 1329 2632 modo
1363 2593 1480 2640 intra,

51 2656 121 2695 sed
150 2663 187 2695 ct
216 2657 335 2695 ferme
367 2671 486 2710 supra
514 2656 676 2695 modum
698 2686 710 2705 ‚
741 2655 855 2694 obliti
887 2653 994 2692 illius
1022 2650 1244 2690 Ecclesiast.
1268 2648 1340 2687 5.:
1404 2646 1483 2685 Ula·

52 2712 174 2751 multa
204 2720 291 2752 sunt
315 2714 485 2764 somnia,
510 2711 712 2766 plur-imai5
737 2719 823 2750 sunt
851 2709 1059 2748 vanitates.
1114 2706 1169 2746 Et
1208 2703 1314 2744 illius
1341 2699 1480 2743 Eccle-
