1794 3158
423 191 497 233 An
536 191 909 235 CANTACUZENJ
950 197 1047 235 Lm.
1088 197 1122 236 1.
1384 175 1498 250 389

65 309 142 348 pro
185 300 291 334 sorte
331 295 585 347 exoptanda,
637 310 741 349 quae
784 297 886 336 forte
926 297 1086 340 fortuna
1115 296 1232 336 nobis
1268 295 1403 336 oblata
1430 298 1495 337 sit.

61 349 180 389 Ratio
220 350 393 389 nominis
420 357 478 389 est
505 364 529 389 a
557 351 791 398 Mercurio,
834 353 903 405 qui
937 353 1099 392 Graecis
1119 347 1297 404 Ἑρμῆς,
1332 359 1371 391 et
1405 354 1498 403 viis,

61 404 238 454 nuntiis,
288 403 401 444 lucro
446 413 632 458 praeest,
679 413 720 445 et
758 408 800 445 in
837 407 1136 460 Amphitruone
1171 406 1306 446 Plauti
1347 414 1406 446 est
1443 410 1499 447 ita

59 457 256 512 loquens:
314 459 423 499 Nam
451 474 521 500 vos
558 461 716 515 quidem
757 461 804 500 id
839 463 922 501 iam
957 464 1059 502 scitis
1102 476 1317 501 concessum
1349 471 1387 500 et
1422 463 1498 501 da-

61 523 146 552 tum
173 514 282 554 Mihi
322 529 400 554 esse
427 516 479 553 ab
504 515 583 555 diis
609 517 721 566 aliis,
763 518 907 556 nuntiis
940 527 983 556 ut
1003 519 1179 572 praesim
1213 526 1251 556 et
1277 517 1398 556 lucro.
1455 518 1497 556 Si

60 567 197 622 plures
219 571 296 608 iter
322 569 514 618 facerent,
546 578 585 609 et
614 570 842 610 unus-boni
870 572 1075 625 quidpiam
1102 573 1144 610 in
1181 573 1248 611 via
1276 573 1407 611 iacens
1436 586 1499 611 re-

59 630 236 678 pererat,
264 622 349 674 alii,
381 626 450 677 qui
479 625 520 664 id
548 639 682 665 secum
711 625 852 676 dividi,
888 641 958 666 seu
985 641 1196 666 commune
1225 626 1372 666 vellent
1399 641 1496 674 esse,

60 678 245 718 dicebant
284 677 420 726 κοινὸς
458 673 616 732 ἓρμῆς,
650 681 792 720 Latine
819 683 861 721 in
890 680 1110 722 commune.
1163 681 1363 722 Observat
1392 683 1499 721 Tur-

62 734 155 773 neb.
185 732 259 772 lib.
289 734 357 774 26.
387 749 471 788 cap.
510 733 572 785 ¹4·
616 749 787 777 PONTAN.

173 789 278 842 Pag,
309 789 330 828 3
366 818 377 839 ‚
409 788 451 841 4.
480 787 554 829 καί
580 790 754 829 addend.
789 805 835 831 ex
865 791 922 832 M.
952 797 1042 844 post
1070 785 1193 844 ὅρῶν.

167 842 232 882 Ρα
262 872 272 883 .
305 803 370 892 33,
430 875 443 888 .
477 842 838 896 ’Λὸριανούπολιν
875 846 926 885 Ρ.
958 853 997 885 et
1031 848 1088 886 Μ.
1128 854 1175 884 ut
1214 854 1350 899 postea
1391 847 1502 900 Χρι-

61 894 283 938 arvinam
317 905 356 937 et
384 859 462 938 alia
489 899 532 938 id
563 914 700 953 genus.
739 901 824 941 Nos
850 915 1059 955 perperam
1087 901 1245 942 divisim
1272 903 1501 956 scripsimus

65 959 204 992 contra
235 967 388 992 morem
415 953 534 993 huius
563 956 713 998 aetatis.

170 1006 275 1061 Pag.
293 1009 362 1062 39,
381 1011 420 1048 3.
446 1024 468 1048 e
494 1019 639 1061 gente
675 1010 881 1066 quidem
909 1011 1205 1055 Auriarum.
1233 1010 1298 1051 Ab
1321 1011 1503 1052 Ansaldo

59 1061 190 1102 Auria
223 1077 316 1115 gens
336 1063 570 1104 *Auriarum
608 1066 833 1105 clarissima
871 1069 1065 1120 originem
1100 1069 1245 1109 habuit.
1301 1067 1503 1107 Ansaldus

61 1127 171 1156 natus
201 1127 258 1157 est
283 1133 338 1158 ex
366 1120 542 1174 quadam
570 1129 756 1161 matrona
773 1122 912 1171 nobili,
939 1124 1003 1162 cui
1028 1137 1169 1162 nomen
1202 1123 1304 1161 Oria
1310 1124 1416 1173 fuit,
1448 1137 1504 1161 ex

53 1173 190 1226 prisca
203 1174 395 1225 familia,
430 1174 476 1214 V
471 1176 552 1214 otta
579 1175 698 1225 dicta,
729 1191 829 1231 quae
855 1192 979 1226 nunc,
1021 1186 1063 1216 ut
1086 1177 1277 1226 discimus,
1314 1178 1504 1216 Cataneo--

58 1241 147 1266 rum
181 1237 256 1267 est:
284 1243 401 1283 quam
429 1239 688 1285 posteaquam
710 1231 916 1270 Arduinus
942 1247 996 1272 ex
1017 1233 1228 1287 provincia
1257 1233 1504 1271 Narbonensi

58 1283 213 1335 regulus
239 1285 426 1322 oriundus
443 1313 457 1331 ,
498 1295 665 1341 propter
704 1295 940 1325 venustatem
967 1288 1136 1339 formae
1172 1297 1290 1341 atque
1306 1288 1504 1339 familiae

57 1338 296 1376 nobilitatem
329 1339 564 1390 ambivisset‚
599 1343 642 1379 in
672 1342 969 1380 matrimonium
995 1342 1152 1380 tandem
1188 1344 1350 1396 accepit.
1394 1343 1503 1381 Nam

57 1405 148 1432 cum
183 1394 465 1447 prosectionem
500 1396 544 1434 in
581 1395 856 1435 Palaestinam
901 1397 1102 1449 religionis
1141 1411 1235 1450 ergo
1265 1399 1500 1446 instituisset,

45 1461 151 1486 -casu
190 1448 368 1487 Genuam
408 1449 559 1489 delatus
573 1481 585 1499 ,
622 1451 665 1489 in
695 1450 805 1490 liuius
821 1453 1185 1506 praestantissimae
1204 1453 1414 1503 foeminae
1449 1467 1504 1491 ex

59 1504 282 1550 occasione,
307 1503 433 1559 “cst‘’
457 1505 788 1556 familiaritatem
813 1515 850 1546 et
867 1507 1178 1545 consuetudinem
1205 1507 1344 1545 incidit
1360 1536 1372 1556 ‚
1404 1507 1505 1545 adeo

61 1566 103 1597 ut
120 1559 290 1609 jot-mae
310 1560 602 1612 pulchritudine
631 1561 780 1599 illectus
798 1591 810 1609 ‚
833 1562 1082 1615 postmodum
1115 1562 1159 1600 in
1185 1561 1232 1600 V
1226 1562 1397 1600 oltarum
1421 1563 1503 1613 sa-

61 1614 220 1652 milium
247 1623 439 1666 receptus,
478 1614 536 1652 ad
560 1616 729 1653 nomtm's
764 1625 801 1654 et
819 1616 1024 1666 familiae
1048 1618 1181 1655 avitae
1214 1615 1500 1668 differentiam,

65 1668 190 1707 Oriae
218 1670 354 1706 uxoris
381 1682 472 1707 suae
504 1682 645 1709 nomen
672 1671 887 1709 retinuerit.
944 1671 1103 1710 Bizarus
1134 1672 1176 1709 in
1216 1671 1381 1710 historia
1420 1673 1503 1710 Ge-

58 1724 273 1762 nuensium
301 1722 373 1761 lib.
414 1737 449 1762 1.
481 1737 649 1763 ponus.
705 1723 787 1763 τῶν
813 1723 966 1776 &oolam
989 1724 1130 1775 γένους
1147 1727 1204 1767 Μ.
1226 1733 1266 1765 et
1295 1725 1440 1765 deinde
1459 1739 1503 1765 τε

60 1776 185 1832 ὅρια,
217 1778 325 1830 quod
355 1777 478 1817 altera
507 1793 649 1817 manus
676 1780 850 1817 correxit
878 1792 922 1817 τε
952 1777 1090 1831 ὃόρια.

167 1833 270 1886 Pag.
303 1835 371 1887 39,
402 1832 439 1884 [1.
474 1849 495 1872 e
527 1834 894 1887 Spinularum.
939 1834 1111 1874 Familia
1146 1833 1404 1888 Spinularum
1436 1850 1501 1874 ce-

58 1884 274 1927 leberrima
300 1896 339 1927 et
375 1887 661 1939 laudatissima,
691 1903 713 1927 a
743 1889 930 1927 Gnidone
959 1889 1137 1942 Spinula,
1178 1890 1257 1930 Beli
1286 1892 1502 1930 vicecomi-

57 1945 110 1981 tis
139 1942 236 1993 filio,
264 1943 353 1983 viro
385 1945 542 1997 egregio
571 1945 694 1983 animi
717 1944 971 1998 corporisque
1000 1944 1178 1997 dotibus,
1199 1946 1391 1999 originem
1418 1954 1503 1985 tra-

56 1998 126 2038 xit.
181 1999 356 2039 Bizarus.
412 2013 584 2039 PONTAN.

181 2053 282 2106 Pag.
314 2055 382 2107 39,
411 2054 450 2102 4.
487 2069 551 2093 ex
599 2055 1006 2095 Tentat-ensium.
1074 2054 1274 2096 Plurimas
1312 2057 1503 2095 Genuen-

56 2108 161 2146 sium
191 2110 374 2162 antiquas
415 2109 585 2148 familias
625 2118 801 2149 recenset
832 2111 995 2150 Bizarus
1034 2110 1137 2150 libro
1171 2126 1225 2162 1.‚
1268 2114 1372 2150 inter
1402 2126 1502 2164 quas

58 2161 179 2201 huius
208 2163 318 2202 nulla
355 2166 521 2215 mentio,
564 2165 632 2203 sed
654 2165 757 2203 bene
785 2165 967 2204 additum
1003 2165 1055 2204 ab
1083 2165 1221 2205 eodem
1251 2166 1313 2206 his
1341 2167 1500 2206 verbis:

58 2217 117 2255 Et
134 2218 346 2273 pleraeque
374 2221 506 2268 aliae,
547 2233 720 2274 quarum
746 2221 820 2258 liae
839 2230 1061 2274 tempestate
1089 2222 1266 2259 exolevit
1291 2222 1498 2269 memoria,

57 2280 97 2310 et
119 2274 195 2310 vix
226 2274 372 2329 aliqua
395 2289 534 2313 earum
557 2283 713 2313 exstant
733 2275 849 2313 ullius
880 2276 1064 2330 antiquae
1089 2276 1302 2313 nobilitatis
1331 2276 1500 2314 indicia.

61 2326 110 2365 V
104 2341 212 2366 crum
231 2330 378 2367 interea
398 2343 476 2368 non
496 2344 556 2367 me
575 2331 684 2378 latet,
709 2338 824 2384 atque
845 2332 1001 2369 omnino
1033 2331 1252 2369 verisimile
1277 2338 1343 2379 est,
1368 2332 1503 2384 pluri-

60 2395 145 2419 mas
151 2383 346 2432 familias
370 2398 537 2422 successu
562 2385 749 2437 temporis
780 2386 924 2424 mirum
963 2387 1005 2424 in
1035 2385 1196 2423 modum
1216 2394 1444 2423 extenuatas
1467 2394 1505 2423 et

59 2437 293 2488 inclinatas,
328 2452 415 2477 cum
434 2439 527 2476 aliis
540 2440 721 2489 familiis
745 2453 812 2478 suo
844 2449 1014 2493 tempore
1033 2441 1192 2492 integris
1215 2448 1251 2477 et
1265 2439 1503 2494 florentibus

60 2492 247 2531 coaluisse
267 2522 278 2540 ,
313 2502 350 2531 et
375 2494 488 2547 quasi
521 2494 563 2532 in
594 2508 659 2531 eas
698 2495 833 2533 insitas
856 2504 894 2533 et
919 2495 1128 2534 translatas
1142 2495 1279 2546 fuisse
1293 2513 1305 2532 .·
1341 2495 1440 2533 adeo
1463 2504 1506 2532 ut

56 2547 303 2599 postmodum
333 2548 478 2586 abolito
506 2557 544 2586 et
568 2550 775 2603 antiquato
802 2551 971 2603 pristino
993 2550 1150 2588 nomine
1168 2549 1273 2587 illius
1287 2550 1498 2600 familiae.

62 2602 106 2638 in
137 2615 255 2654 quam
290 2603 568 2648 transivissent,
610 2617 749 2642 nomen
790 2606 1087 2659 assumpserint.
1148 2604 1250 2642 Cum
1281 2605 1502 2656 suspicarer

61 2669 185 2707 porro
204 2685 215 2704 ‚
256 2656 424 2708 Raphon
445 2671 491 2696 ex
518 2657 721 2710 Raphaelc
755 2667 989 2712 corruptum
1019 2673 1103 2698 esse
1122 2688 1132 2702 ,
1173 2659 1249 2696 viri
1291 2656 1499 2698 clarissimi

63 2710 192 2749 Marci
220 2709 372 2750 Velseri
398 2714 593 2752 sententia
620 2714 850 2765 opinionem
879 2728 1008 2754 meam
1036 2714 1297 2755 confirmavit.
1338 2714 1497 2763 Visum,

65 2763 222 2818 inquit,
250 2779 438 2819 mouere,
476 2767 687 2822 Raphoues
716 2769 876 2821 quidem
905 2769 1012 2809 haud
1038 2767 1157 2808 dubie
1185 2767 1404 2820 Raphaeles
1438 2770 1498 2806 vi-
