1800 3164
122 271 308 310 A.C.1351

187 410 228 442 V.
247 411 289 454 61'.
302 423 310 444 ι

287 459 312 490 Β

283 1140 308 1172 C

341 174 357 209 1
374 155 442 229 74
855 173 1224 217 οΛΝΤΑουΖΕΝι

329 271 480 329 στήρια
518 276 622 315 θεοῦ
662 274 816 317 εἰδέναι
861 272 1137 315 διατείνονται
1175 272 1248 315 καί
1274 276 1372 331 περὶ
1397 274 1629 329 μελλόντων
1656 286 1763 332 προ-

329 339 591 393 φητεύουσι,”
625 341 698 381 καί
725 340 830 393 ἕτερ’
856 334 960 379 ἄττα
988 337 1264 395 κατηγόρηκεν
1291 342 1472 397 ἐκείνων,
1504 337 1562 384 ὧν
1593 345 1674 392 πᾶς
1702 361 1765 394 τις

328 399 379 445 ἂν
408 405 613 459 α’πὲσχετο
647 403 753 459 πλην
781 406 929 445 αὐτοῦ’.
986 403 1125 446 ἔπειτα
1155 405 1454 461 διηγησάμενος
1481 406 1532 449 τά
1561 408 1663 450 κατά
1692 409 1765 451 τὸν

328 468 509 522 πόλεμον
539 467 724 522 μάλιστα
755 472 1046 524 φιλοψευδαῖς,
1087 473 1161 513 καί
1193 471 1411 526 γενόμενος
1437 474 1483 516 ἐν
1513 469 1549 532 ᾦ
1574 474 1623 517 τά
1658 474 1761 517 κατά

325 538 399 590 τῆς
439 537 656 590 ἐκκλησίας
695 533 771 589 την
801 536 1014 591 διαφοράν
1043 539 1281 592 διηγεῖσθαι
1313 536 1481 591 ἔμελλε,
1521 541 1798 592 κακοδοξίαν5

322 603 526 653 βασιλέως
564 607 791 655 κατηγορεῖ
828 602 904 657 καί,
945 605 1028 644 τῶν
1065 603 1249 658 πατρίων
1287 605 1485 659 ἀθέτησιν
1529 606 1759 663 δογμάτων.

328 670 380 710 δι’
407 663 434 706 ἃ
463 667 562 709 οὐδὲ
590 665 663 722 την
693 668 809 722 δίκην
841 667 970 710 οἴεται
1001 671 1086 710 δεῖν
1130 672 1319 724 στέργειν
1358 669 1453 725 την.
1473 674 1570 727 παρ’
1603 674 1761 714 ἐκείνου

323 735 608 785 δικασθεῖσαν,
641 732 698 782 ὥς
717 735 1058 791 ἐκδεδιῃτημένην
1076 734 1146 777 διά
1165 734 1210 777 τὸ
1242 738 1398 778 ἐκεῖνον
1415 739 1610 794 Παλαμᾷ
1636 753 1762 793 προσ-

321 802 487 840 κεῖσθαι
537 798 610 840 καί
643 798 719 854 την
761 799 852 854 ἴσην
881 803 925 842 ἐν
954 807 1039 851 τοῖς
1072 799 1249 855 δόγμασι
1272 801 1535 858 διαστροφήν
1561 803 1762 860 ᾑρῆσθαι.

320 864 349 905 ἃ
376 864 467 907 ἐπεὶ
483 866 637 919 α’νέγνω
653 865 866 919 βασιλεὺς,
897 862 982 921 (ἧκε
1010 865 1087 921 γάρ
1122 869 1239 924 αὐτῷ
1265 870 1325 915 εἰς
1349 871 1531 923 χεῖρας,)
1561 869 1658 924 περὶ
1684 869 1791 921 μὲνι

316 933 389 974 τοῦ
430 931 560 984 τόμου
591 933 666 986 τῆς
703 936 949 987 κατηγορίας
986 933 1139 974 οὐδένα
1182 930 1434 988 ποιήσεσθαι
1461 933 1580 988 λόγον
1621 930 1791 989 εἶπεν,’

320 996 425 1053 ὑπὲρ
453 996 609 1040 ἑαυτοῦ
638 1000 938 1053 α’πολογεῖσθαι
966 1000 1200 1052 δυναμένου
1226 997 1428 1053 μάλιστα.
1484 999 1525 1041 εἰ
1548 997 1626 1054 γάρ
1654 1000 1761 1042 ἐκείο.

321 1079 394 1105 νου
426 1065 498 1118 τῆς
527 1063 749 1119 ὀρθότητος
779 1067 854 1106 καί
878 1066 954 1116 τῆς
983 1061 1184 1120 ἀληθείας
1213 1063 1354 1122 σαφὴς
1382 1063 1589 1116 ἀπόδειξις
1608 1062 1656 1106 τὸ
1676 1070 1761 1114 τοῖς

322 1129 453 1184 ἁγίοις
490 1131 700 1185 σύμφωνα
738 1130 872 1184 λέγειν
912 1127 1124 1184 θεολόγοις
1168 1133 1240 1172 καί
1294 1136 1382 1180 τοῖς
1409 1129 1491 1172 ὑπὸ
1522 1131 1605 1172 τῶν
1630 1129 1760 1172 θείων

317 1194 520 1251 πρότερον
559 1195 745 1237 συνόδων
785 1195 883 1250 περὶ
917 1198 991 1250 τῆς
1031 1192 1163 1251 ὀρθῆς
1212 1198 1391 1246 πίστεως
1431 1196 1790 1251 κεκυρωμένοις,ῐ

315 1264 437 1304 τοῦτο
468 1264 506 1302 δ’
545 1262 683 1318 ἐκείνῳ
720 1260 1003 1313 σπουδάζεται
1053 1261 1278 1310 διαπαντὸς
1327 1264 1401 1303 καί
1424 1260 1578 1316 πολλήν
1613 1262 1759 1304 τούτου

321 1329 397 1369 τοῦ
425 1329 579 1383 μέρους
609 1326 808 1382 πρόνοιαν
831 1334 1026 1381 ποιεῖται,
1056 1326 1199 1383 ἑτέρας
1226 1328 1477 1377 ἀποδείξεως
1504 1325 1580 1368 οὖκ
1610 1322 1662 1368 ἂν
1692 1327 1760 1368 δε-

315 1396 440 1448 ηθείη
470 1395 569 1449 περὶ
595 1390 764 1446 ἑαυτοῦ,
797 1397 870 1448 τῆς
902 1394 1138 1449 προσούσης
1167 1392 1433 1448 ἐξαρκούσης.
1461 1390 1692 1448 α’ξιόχρεως
1719 1395 1760 1434 δ’

314 1455 366 1500 ἂν
415 1457 477 1513 εἴη
529 1461 601 1500 καί
629 1457 652 1499 ὅ
682 1460 919 1514 κατηγορῶν
953 1458 1110 1513 αὐτὸς,
1150 1461 1194 1502 ἐν
1223 1453 1364 1506 ἄλλοις
1392 1458 1528 1506 αὐτοῦ’
1546 1455 1761 1513 συγγράμ-

310 1540 419 1577 μασι
470 1522 519 1566 τά
550 1523 762 1579 Βαρλαάμ
802 1523 1064 1581 διεφθορότα
1106 1524 1297 1579 δόγματα
1335 1525 1514 1575 κακίζων
1554 1523 1628 1566 καί
1660 1519 1797 1579 ὅληναε

311 1589 499 1645 γλῶτταν
526 1590 746 1646 ἐπαφιείς,
776 1588 896 1645 ἡνίκα
927 1593 1106 1645 βασιλέα
1137 1589 1208 1632 τὸν
1237 1591 1328 1632 νέον
1351 1587 1616 1645 Ἀνδρόνικον
1645 1604 1760 1631 τετε-

311 1655 535 1711 λευτηκότα
576 1659 805 1714 ιιοντιιιδαῖν,
844 1656 951 1713 πρὸς
977 1664 1062 1706 τοῖς
1097 1652 1238 1706 ἄλλοις
1276 1658 1494 1711 ἐγκωμίοις
1531 1654 1606 1697 καὶ
1639 1656 1760 1697 τοῦτο

313 1724 512 1763 τέθεικεν·
552 1720 620 1775 ,,οἱ
665 1724 738 1777 τῆς
777 1725 995 1777 ἐκκλησίας
1027 1721 1137 1778 ἱεροί
1163 1721 1419 1777 προστάται,
1453 1720 1658 1776 ζητήσατε
1687 1719 1778 1763 τὸν·

315 1788 522 1842 διάπυρον
549 1786 820 1843 σπουδαστὴν
848 1789 919 1830 καί
944 1789 1211 1845 συλλήπτορα
1238 1791 1321 1831 τῶν
1354 1784 1593 1841 δογμάτων,
1647 1784 1685 1829 οἱ
1713 1785 1758 1829 ἐν

313 1917 404 1950 scire
428 1916 681 1957 contendunt,
707 1921 743 1950 et
770 1927 941 1961 responsa
970 1916 1092 1951 edunt.
1142 1918 1313 1964 Denique
1342 1920 1496 1954 aliorum
1528 1919 1758 1966 quorundam

313 1975 373 1997 cos
399 1964 605 2005 insImuht,
645 1975 738 2009 quae
762 1969 904 2009 praeter
940 1963 1059 2008 ipsum
1091 1974 1196 1997 nemo
1230 1966 1303 1998 illis
1339 1968 1565 2004 intentasset.
1615 1967 1756 2002 Deinde

317 2020 397 2043 cum
422 2011 467 2044 de
492 2011 591 2044 bello
616 2012 766 2044 mirifice
794 2010 1004 2044 mentiendo
1037 2015 1231 2051 narrasset,
1265 2014 1410 2059 iamque
1438 2023 1481 2047 eo
1512 2015 1776 2058 pervenissets

313 2062 354 2089 ut
377 2057 421 2089 ab
448 2057 598 2091 ecclesia
621 2057 882 2092 dissensionem
909 2057 1134 2103 quorundam
1162 2065 1380 2102 exponeret,
1413 2061 1492 2104 ipse
1516 2059 1643 2102 docet,
1682 2072 1756 2108 quo

312 2109 419 2147 pacto
454 2105 650 2149 imperator
684 2106 724 2137 in
757 2105 866 2138 fidem
895 2104 1132 2138 orthodoxam
1170 2105 1329 2138 offendat
1371 2111 1408 2139 et
1440 2106 1606 2150 dogmata
1637 2109 1779 2152 patria·

314 2150 507 2184 convellat.
558 2151 678 2196 Quare
706 2162 774 2185 nec
810 2151 986 2185 iudicium
1020 2151 1064 2184 ab
1091 2151 1156 2184 illo
1183 2152 1381 2185 iudicatum
1406 2154 1672 2198 approbatione
1698 2155 1777 2188 di—v

313 2207 421 2239 gnum
447 2202 573 2241 putat,
600 2203 641 2230 ut
668 2198 731 2244 qui
758 2199 920 2232 Palamae
953 2197 1147 2232 adhaereat
1182 2198 1407 2244 eandemque
1447 2199 1635 2234 doctrinae
1670 2203 1771 2246 per?

312 2243 519 2276 versitatem
561 2243 666 2277 colat.
716 2244 819 2289 Quae
854 2245 931 2278 cum
965 2245 1110 2290 legisset
1144 2244 1413 2279 Cantacuzenus
1444 2247 1661 2291 imperator,
1698 2249 1756 2292 (in
1780 2250 1785 2258 ²

313 2300 441 2323 manus
465 2290 560 2322 enim
588 2290 665 2323 eius
694 2291 900 2338 venerunt‚)
932 2291 977 2324 de
1001 2293 1230 2326 accusatione
1256 2292 1405 2337 quidem
1437 2295 1527 2326 tomi
1550 2294 1692 2330 nullum
1715 2305 1754 2328 se

313 2336 461 2368 verbum
485 2336 665 2370 dicturum
689 2339 763 2378 ait,
799 2349 879 2371 cum
906 2339 936 2371 is
965 2345 1078 2372 semet
1103 2340 1196 2371 tueri
1224 2340 1377 2371 maxime
1403 2341 1529 2382 possit.
1577 2340 1616 2374 Si
1645 2351 1780 2374 nam-.

315 2394 387 2427 que
415 2394 458 2416 ex
487 2394 528 2416 eo
559 2384 634 2416 eius
660 2385 839 2418 rectitudo
873 2390 910 2418 et
943 2386 1075 2419 veritas
1105 2386 1389 2424 demonstratur,
1418 2386 1506 2432 quia
1528 2387 1661 2420 sanctis
1685 2398 1753 2432 pa·-

315 2429 432 2464 tribus
470 2435 506 2463 et
540 2441 559 2462 a
587 2431 694 2463 sacris
731 2428 838 2464 antea
863 2432 1009 2474 synodis
1045 2432 1106 2464 de·
1126 2443 1292 2477 germana
1324 2432 1394 2465 fide
1431 2433 1752 2467 constitutionibus
1773 2446 1780 2455 ·

316 2481 555 2509 consentanca
582 2476 765 2522 loquitur,
797 2483 834 2511 et
867 2478 898 2511 is
929 2478 1019 2511 haec
1042 2490 1182 2524 semper
1204 2479 1327 2513 studet
1343 2504 1353 2520 ,
1384 2479 1490 2524 eique
1515 2481 1568 2513 rei
1594 2481 1753 2525 diligen-

314 2527 371 2556 ter
398 2522 593 2567 prospicit,
630 2524 701 2556 alia
740 2524 956 2568 probatione
993 2536 1082 2569 opus
1118 2537 1191 2559 non
1225 2531 1297 2565 est,
1335 2537 1416 2558 cum
1441 2525 1616 2567 sufficiat,
1657 2538 1752 2572 quae
1776 2526 1783 2530 ’

316 2569 532 2615 suppeditat.
583 2569 683 2613 Quin
707 2575 743 2603 et
765 2572 843 2616 ipse
858 2578 1043 2605 accusator
1068 2574 1170 2606 testis
1196 2572 1348 2605 idoneus
1372 2572 1495 2613 fuerit,
1521 2574 1583 2618 qui
1610 2574 1649 2606 in
1668 2574 1752 2607 aliis
1775 2591 1777 2593 ·

317 2617 458 2660 scriptis
492 2617 566 2649 suis
600 2628 708 2661 prava
740 2618 916 2651 Barlaami
942 2618 1106 2663 dogmata
1148 2618 1332 2652 liberrime
1371 2619 1570 2664 vituperat,
1605 2620 1751 2665 quando

315 2668 494 2696 mortuum
532 2664 776 2698 Andronicum
815 2665 994 2698 iuniorem
1030 2665 1253 2706 lamentans,
1300 2667 1395 2699 inter
1430 2670 1550 2698 cetera
1586 2668 1778 2700 encomia÷⁴

316 2711 368 2742 sic
389 2709 598 2754 praedicat:
633 2712 754 2749 „Sacri
781 2712 954 2746 ecclesiae
978 2711 1176 2756 praesides,
1202 2712 1379 2745 fervidum
1409 2718 1604 2746 amatorem
1628 2718 1664 2746 et
1689 2719 1751 2747 tu-
1772 2727 1774 2731 ’

315 2761 429 2791 torem
454 2756 679 2802 dogmatum:
715 2759 843 2804 quiin
874 2758 1058 2793 montibus
1093 2766 1129 2794 et
1161 2759 1342 2805 speluncis
1378 2758 1574 2802 habitatis,
1610 2765 1750 2794 vestrae
1768 2774 1774 2791 ,-
