1794 3158
338 101 450 158 538
839 122 1250 165 ANNOTATmNEs

335 227 511 267 minatur
552 226 806 281 Xylocercos.
878 227 1022 278 Dicta,
1061 229 1166 281 qnod
1213 229 1378 268 artifices
1425 243 1510 268 eam
1553 235 1761 279 struentes,

338 296 482 336 magna
514 283 553 322 111
585 282 842 321 fundamento
880 297 1007 335 aquae
1053 291 1208 336 reperta
1249 285 1392 336 copia,
1435 284 1550 338 lignis
1582 284 1761 338 plurimis

334 345 374 376 et
401 337 500 390 palis
526 339 567 376 in
598 351 699 390 aqua
741 337 875 376 defixis
893 367 903 385 ‚
943 338 1092 390 lapides
1120 340 1325 378 iniecerint
1367 347 1486 392 atque
1516 341 1568 378 ita
1599 340 1760 378 demum

334 393 500 432 aedificii
541 393 844 431 fundamentum
881 393 1041 432 firmum
1071 393 1297 446 effecerint,
1350 402 1394 434 ut
1423 402 1482 434 est
1509 395 1548 434 in
1578 395 1681 434 libro
1709 395 1761 434 de

332 447 519 487 aedificiis
551 448 674 490 urbis.
706 461 885 487 PONTAN.

444 504 549 554 Pag.
565 502 658 553 560,
680 517 745 546 20.
793 503 1025 556 Georgii.
1082 504 1183 543 Nota
1227 505 1348 543 ritum
1377 510 1417 542 et
1447 504 1563 544 simul
1593 518 1756 543 venera-

331 559 481 598 tionem
509 559 634 598 sancti
661 559 852 612 Georgii,
898 561 967 613 qui
999 566 1038 599 et
1070 559 1177 613 apud
1204 572 1277 599 nos
1305 561 1523 599 Germanos
1548 573 1692 613 magno
1720 562 1760 598 in

331 614 485 653 honore
514 622 587 653 est.
615 627 786 655 10111111.

443 669 542 722 Pag,
566 668 660 720 564,
693 669 754 713 16.
795 683 962 710 mense
1001 670 1168 710 Il'laz'o.
1223 670 1418 710 Nimirum
1457 683 1523 709 2¹.
1559 668 1624 708 die
1649 670 1761 719 Maii,

331 724 396 764 cui
441 726 482 763 in
526 724 750 777 menologIO
797 739 866 764 seu
908 726 1070 780 μηναίω
1111 726 1207 765 haec
1244 726 1366 765 verba
1408 725 1757 779 praesmibnutur:

331 780 416 819 τῶν
443 777 572 830 ἁγίων
598 778 791 831 μεφάὶων
832 781 1039 831 βασιλέων
1080 778 1152 819 καί
1177 778 1460 821 ἰσαποστόλων
1492 780 1762 820 Κωνσταντί-

328 847 403 873 νου
432 833 505 873 καί
523 832 700 886 Ελένης.
756 835 933 874 Rulsum
968 835 1073 874 infra
1110 834 1278 887 libro4.
1315 850 1387 890 cap
1392 834 1470 886 4.
1503 836 1681 874 meminit
1722 842 1763 872 et
1793 881 1794 884 Ἰ

328 890 435 929 diem
463 891 593 942 ipsum
623 889 831 942 exprimit,
859 904 1019 954 nempe
1044 891 1140 933 Xll.
1180 891 1350 931 Kalend.
1362 850 1522 929 pluuias
1544 919 1557 941 ‚
1599 891 1671 943 qui
1704 896 1764 929 est

330 944 414 984 dies
441 945 537 983 Maii
574 945 724 997 primus
755 953 794 984 et
829 945 1038 985 vicesimus
1075 947 1251 986 omnino
1306 947 1398 985 Duo
1420 946 1573 984 cantica
1609 946 1651 985 in
1676 958 1763 984 eos-

329 1000 421 1039 dem
452 1015 496 1039 ex
527 1000 665 1039 eodem
690 998 912 1053 menologio
937 1001 1065 1040 facere
1093 1015 1174 1040 non
1200 1015 1375 1054 possum,
1394 1002 1489 1054 quin
1522 999 1761 1039 adscribam.

330 1056 449 1095 Prius
483 1055 558 1094 hoc
590 1063 671 1105 est,
710 1057 751 1094 in
786 1057 1092 1095 Constantinum
1130 1056 1283 1096 solum:
1341 1056 1416 1095 τοῦ
1457 1054 1644 1105 σταυροῦ
1683 1068 1762 1094 σου

329 1107 397 1150 τὸν
436 1107 566 1149 τύπον
616 1107 660 1149 ἑν
689 1109 855 1174 οὐρανῷ
893 1109 1155 1161 θεασάμενος
1176 1141 1188 1162 ,
1228 1126 1296 1151 και
1340 1108 1397 1158 ὥς
1429 1107 1451 1148 ὃ
1480 1110 1658 1156 Παῦλος
1685 1107 1762 1161 ‘cr'v

329 1164 474 1230 κλῆσιν
503 1180 578 1204 ουκ
609 1165 652 1213 ἐξ
686 1150 920 1216 α’νθρώιηων
939 1165 1208 1230 ὸεξάμειος,
1250 1165 1279 1206 οζ
1309 1166 1353 1206 ἐν
1390 1164 1629 1216 βασιλεῦσιν
1657 1162 1764 1203 αἠό-

329 1218 473 1267 στολός
499 1234 592 1272 σου,
621 1216 750 1285 κύριε,
770 1202 1080 1284 βασιλεύουσαν
1107 1216 1226 1261 πόλιν
1243 1221 1296 1277 τῇ
1311 1220 1431 1275 χειρί
1451 1233 1525 1260 σου
1543 1217 1763 1284 παρέθετο,

327 1272 386 1339 ἧν
408 1276 610 1340 περισωζε
640 1273 710 1314 διὰ
740 1272 894 1322 παντὸς
922 1275 966 1315 ἐν
994 1274 1153 1332 εἰοήνῃ,
1181 1263 1422 1329 πρεσβείαις
1447 1273 1519 1326 τῆς
1545 1270 1762 1325 θεοτόκου,

328 1325 431 1381 μόνε
461 1333 535 1384 φιλ
539 1327 750 1382 άνθρωπε.
809 1332 1009 1371 Posterius
1038 1340 1096 1371 est
1127 1333 1178 1371 in·
1206 1333 1230 1371 f
1235 1332 1333 1370 hum
1361 1339 1400 1371 et
1439 1337 1605 1369 matrem
1652 1344 1762 1369 com-

329 1386 517 1425 muniter.
573 1387 888 1432 Κωνσταντῖνος
902 1383 1095 1449 σήμερον
1125 1383 1204 1426 σὺν
1233 1388 1286 1441 τῆ
1310 1400 1436 1452 μητρι
1461 1385 1508 1451 τῇ
1530 1382 1668 1439 Εἶὲνῃ
1689 1381 1763 1423 τὸν

325 1438 513 1508 σταυρὸν
549 1437 824 1505 ἐμφαίνουσι,
868 1437 912 1480 τὸ
943 1427 1266 1508 πανσεβάσμιον
1278 1439 1424 1492 ξύλον,
1459 1437 1642 1486 ἅπαντας
1664 1452 1762 1486 τους

325 1492 556 1542 Ἰουδαιους
584 1494 892 1559 συναγαγόντες.
949 1493 1121 1543 τούτους
1167 1511 1240 1535 ουν
1281 1491 1639 1558 ἀνευφημήσωιιεν
1667 1495 1771 1534 ἑπα-

332 1549 447 1599 ξιᾝως
507 1550 562 1590 δι’
593 1550 733 1590 αὐτῶν
760 1547 841 1603 γὰρ
886 1548 1110 1603 ἀνεδείχθη
1140 1554 1309 1604 σημεῖον
1350 1550 1457 1603 μέγα
1483 1545 1527 1590 τὰ
1559 1545 1640 1602 πρὸ
1669 1546 1771 1588 atai—

333 1619 416 1649 νων
444 1604 634 1660 φρικτόν.
665 1620 840 1648 PONTAN.

441 1660 873 1715 fag-57¹,1Q11012
925 1674 1078 1700 mana
1115 1662 1279 1712 sacto
1327 1661 1526 1715 templo.
1583 1657 1770 1699 Forsitan

330 1716 409 1755 tale
436 1717 539 1756 istuc
563 1716 758 1768 templum
791 1717 867 1756 fuit
894 1716 1221 1765 Thessalonicae,
1265 1716 1388 1783 quale
1411 1716 1535 1754 sancti
1565 1713 1773 1754 Michaelis

330 1772 373 1811 in
401 1779 537 1811 monte
565 1772 768 1825 Gargano,
798 1772 908 1825 quod
935 1779 974 1810 et
1003 1773 1133 1824 ipsum
1164 1770 1478 1824 ἀχειροποίητον
1509 1771 1586 1808 dici
1615 1776 1772 1822 poterat

330 1834 372 1866 et
395 1827 504 1880 quod
530 1826 664 1866 locum
692 1826 808 1865 illum
836 1842 918 1866 non
948 1827 1157 1866 hominum
1185 1841 1248 1865 ars
1277 1834 1315 1866 et
1343 1825 1554 1876 industria,
1581 1825 1650 1863 sed
1679 1826 1767 1877 ipsa

330 1889 476 1922 natura
502 1882 550 1922 ad
583 1882 720 1935 templi
750 1884 918 1936 speciem
947 1883 1282 1935 commodumque
1314 1895 1431 1920 usum
1459 1887 1642 1934 aptasset.
1675 1881 1768 1930 Qua

331 1939 496 1977 notione
542 1938 814 1992 nympharum
853 1938 994 1977 domus
1031 1939 1203 1991 vivoque
1231 1937 1368 1975 scdilia
1397 1950 1489 1975 saxo
1525 1950 1560 1975 1.
1599 1935 1767 1974 Aeneid.

332 1992 535 2035 dicuntur.
589 1994 644 2032 Et
687 2001 794 2032 recte
840 1994 1001 2047 quidem
1041 1990 1365 2044 α’χειοοποίητα,
1415 1993 1510 2045 quia
1547 2005 1626 2030 non
1677 2004 1766 2038 ars,

332 2049 403 2088 sed
430 2051 517 2102 ipsa
543 2056 689 2088 natula
719 2049 960 2089 01101··.111313ῐ
1025 2047 1162 2088 Simile
1195 2048 1292 2101 quid
1324 2047 1542 2100 persuadeo
1583 2045 1682 2084 mihi
1719 2046 1771 2084 de

332 2101 403 2142 illo
434 2103 584 2157 templo
626 2119 672 2144 ex
699 2104 784 2157 ipso
817 2105 1007 2158 epitheto.
1065 2105 1157 2143 Non
1182 2105 1288 2142 enim
1314 2103 1488 2141 arbitrm
1525 2100 1769 2141 vocabulum

332 2157 648 2212 ἀχειροποίητον
675 2159 751 2199 1100
778 2160 896 2212 velle,
926 2159 1035 2214 quod
1064 2173 1143 2198 non
1169 2159 1349 2212 precibus
1376 2159 1667 2211 episcoporum,
1700 2156 1770 2195 sed

334 2213 568 2267 angelorum
605 2222 878 2255 consecratum
916 2223 955 2254 et
990 2214 1216 2255 dedicatum
1253 2221 1377 2264 esset,
1417 2213 1525 2266 quod
1553 2212 1656 2250 fama
1694 2211 1770 2250 fert

334 2268 385 2307 de
415 2268 559 2308 sacello
578 2269 773 2322 Deiparae
802 2270 1087 2326 Eynsidlensi:
1137 2284 1231 2308 nam
1263 2269 1361 2307 haec
1391 2269 1501 2307 notio
1537 2269 1655 2305 nimis
1680 2267 1768 2305 vio-

333 2323 442 2363 lenta
484 2330 524 2362 et
561 2337 585 2362 a
614 2329 816 2366 communi
846 2328 1000 2365 ratione
1036 2325 1255 2364 3011011003
1287 2331 1386 2363 esset
1409 2354 1421 2374 ‚
1452 2323 1527 2362 nisu
1559 2324 1646 2375 quis
1679 2320 1769 2372 phi-

333 2378 538 2432 Iosophari
580 2379 700 2419 vellet
730 2409 741 2428 ‚
799 2381 848 2420 de
894 2381 1050 2421 formali
1093 2395 1176 2420 esse
1217 2387 1256 2419 et
1295 2380 1575 2419 constitutione
1612 2375 1767 2427 templi.

336 2435 448 2474 Haec
477 2434 701 2474 coniectura
726 2442 785 2474 est
807 2437 940 2475 Iacobi
965 2438 1138 2475 Gretseri
1161 2465 1171 2485 ‚
1198 2449 1320 2488 quam
1359 2435 1433 2473 tibi
1465 2433 1589 2472 lector
1619 2445 1769 2484 propo-

337 2490 511 2530 nendam
539 2489 644 2531 duxi.
701 2490 803 2529 Mihi
830 2491 990 2544 quidem
1014 2491 1229 2543 probabilis
1251 2490 1422 2528 videtur.
1457 2501 1622 2526 poan-N

442 2545 540 2598 Pag.
557 2545 736 2593 580‚25.
781 2546 1111 2596 circumfusi.
1172 2547 1317 2585 Narrat
1342 2545 1539 2583 Homerus
1560 2540 1676 2579 Iliad.
1704 2554 1769 2583 22

335 2600 377 2639 in
409 2599 622 2640 Hectorem
651 2601 702 2640 ab
732 2600 887 2640 Achille
932 2601 1185 2639 interiectum
1228 2614 1363 2639 omnes
1392 2600 1563 2636 Graecos
1602 2598 1768 2645 cineum·

335 2663 481 2695 stantes
517 2656 597 2695 tela
630 2657 840 2696 coniecisse
872 2657 987 2709 eique
1028 2656 1252 2695 insultasse.
1325 2653 1505 2692 Similem
1541 2642 1769 2690 immanita-

337 2718 419 2752 tem
449 2710 610 2754 Zelotae
645 2713 686 2752 in
726 2712 969 2769 praefectum
997 2711 1104 2752 hunc
1148 2724 1265 2750 suum
1302 2715 1573 2749 exercuerunt.
1630 2707 1684 2746 Et
1708 2711 1768 2744 est
