1800 3164
343 146 359 179 1
373 125 444 181 86
858 138 1223 182 CANTACUZENI

122 254 210 289 Ac.
234 256 310 291 ι35ι
330 243 391 298 εἴη
418 242 464 285 τοὶ
500 245 688 299 δρώμενα
709 245 873 295 μαθεῖν,
907 237 1198 294 ἐτιτρώσκοντό
1226 254 1268 279 τε
1292 239 1364 280 καί
1381 238 1640 293 ἀπέθνησκον
1657 243 1760 282 πολ-
1786 255 1788 258 ’

202 304 315 347 l23⁰9
329 309 404 354 λοί,
475 307 618 350 ἔπειτα
659 308 715 356 ὥς
746 304 922 363 ᾔσθοντο
949 302 1323 359 ἀναθαρσήσαντες
1363 304 1436 345 καί
1469 300 1758 359 ὁπλισάμενοι,

325 373 528 428 ἐξήλασαν
555 372 652 421 τούς
680 373 898 424 πολεμίους
926 366 1066 423 αὖθις,
1095 366 1218 412 οὐδὲν
1242 374 1428 425 γενναῖον
1446 369 1758 426 εἰργασμένους,

324 435 428 480 ἀλλὰ
459 437 703 494 φαυλότατα
737 437 1055 490 ἠγωνισμένους·
1085 433 1198 489 ὅμως
1229 435 1494 491 διεσώθησαν
1521 434 1672 485 πάντες
1688 438 1761 479 ἐπὶ

322 503 395 554 τὰς
423 503 615 559 τριήρεις,
647 502 814 552 οὐδενὸς
846 500 1052 555 πεσόντος,
1081 503 1353 557 τραυματιῶν
1396 502 1442 544 δὲ
1471 501 1617 556 ὀλίγων
1642 501 1800 556 γεω-5

321 573 484 622 μένων,
526 565 781 621 α’ναγόμενοί
801 584 844 611 τε
883 571 961 610 τοῦ
989 567 1177 621 λιμένος,
1223 569 1296 609 καί
1337 566 1520 617 ὁλκάδας
1563 566 1760 611 εἵλκυσαν

320 632 438 682 κενάς
479 649 593 682 τινας
621 635 695 675 καί
723 633 985 690 ἐκυρίευσαν.
1022 632 1114 675 ἐπεὶ
1142 635 1187 675 δὲ
1216 633 1352 688 ἡμέρα
1382 628 1462 689 ἤδη
1489 629 1555 688 ἦν,
1586 634 1651 683 δὶς
1680 635 1760 686 μὲν

320 701 392 740 καί
420 701 509 754 τρῖς
539 699 812 755 ἐπεχείρησαν
848 702 930 754 πῦρ
961 702 1113 742 ἐνεῖναι
1152 705 1246 748 ταῖς
1273 696 1442 741 ὁλκάσιν
1471 694 1616 748 οὔσαις
1642 697 1758 741 πλεί-

319 780 436 812 σταις
463 763 533 806 ἐπὶ
551 767 649 820 ζτοῦ
681 767 859 819 λιμένος,
892 765 1242 821 οἷπεκρούσθησαν
1271 766 1318 807 δὲ
1346 764 1419 806 ὑπ’
1450 765 1639 817 ἐκείνων,
1669 764 1760 806 οὔδ’

320 827 440 883 ἐγγυς
467 832 660 884 γενέσθαι
702 833 958 886 δυνηθέντες.
1024 829 1169 873 ἔπειτα
1210 832 1518 887 παραπλέοντες
1552 828 1728 872 ἐκάκουν
1746 861 1758 884 ,
1777 847 1800 876 1³

320 897 396 936 καί
420 912 540 937 τινων
568 894 801 952 ἐκράτησαν
831 894 1021 939 ὁλκάδων
1050 899 1095 939 ἐκ
1123 898 1294 941 Πόντου
1326 897 1661 938 καταπλεουσῶν.
1702 896 1791 938 Ἑν·

280 959 495 1010 Βταύταις
537 961 586 1015 δὴ
630 969 722 1011 ταῖς
763 962 908 1005 ὁλκάσι
947 963 1019 1004 καί
1056 965 1242 1018 πρέσβυς
1283 963 1329 1004 ἐκ
1367 962 1569 1012 Βενετίας
1605 961 1759 1018 ἀφῖκτο

317 1025 476 1082 Δελφίν
518 1028 808 1081 ω’νομασμένος
845 1028 949 1084 πρὸς
989 1031 1198 1081 βασιλέα,
1224 1027 1313 1069 ’καί
1347 1029 1480 1070 ἐδεῖτο
1517 1032 1759 1081 συμμαχεῖν

318 1093 458 1140 αὐτοῖς
485 1093 590 1148 πρὸς
617 1094 688 1135 τὸν
730 1092 831 1136 κατὰ
862 1097 946 1136 τῶν
975 1095 1020 1135 ἐκ
1046 1092 1260 1143 Γεννούας
1291 1093 1500 1147 πόλεμον,
1525 1091 1687 1148 μεγάλα
1714 1093 1760 1134 τέ

316 1174 412 1198 τινα
439 1159 706 1213 ἐπηγγέλλετο
735 1158 807 1201 τὸν
836 1162 989 1202 δοῦκαν
1018 1162 1219 1209 Βενετιάς
1258 1160 1330 1202 καί
1371 1157 1448 1215 τήν
1476 1157 1635 1214 βουλὴν
1654 1159 1756 1201 Ῥω·
1771 1176 1800 1208 1:

315 1222 466 1275 μαίους
499 1222 755 1280 ω’φεληῖσειν,
787 1226 827 1267 εἰ
849 1228 1034 1268 πείθοιτο
1061 1227 1199 1274 αὐτοῖς
1225 1231 1465 1280 συμμαχεῖν
1492 1224 1514 1267 ὅ
1541 1225 1756 1280 βασιλεύς.

314 1286 362 1330 τὰ
392 1287 464 1330 ἴσα
494 1290 540 1330 δὲ
567 1291 640 1331 καί
671 1289 694 1331 ὁ
717 1290 796 1346 ῥὴξ
815 1288 1046 1346 Ῥαουήνας
1072 1289 1177 1342 πρὸς
1205 1293 1382 1345 βασιλέα
1411 1290 1480 1332 διὰ
1499 1289 1759 1346 γραμμάτων

313 1353 602 1408 ἐπρεσβεύετο,
646 1357 720 1398 καί
756 1357 919 1410 μεγάλα
951 1355 1246 1412 ἐπηγγέλλετο,’
1280 1356 1356 1399 καί
1380 1359 1514 1400 ἐδεῖτο
1552 1359 1760 1411 βασιλέως

311 1425 395 1468 τοῖς
424 1421 468 1461 ἐκ
501 1423 702 1470 Βενετιάς
739 1428 1004 1476 συμμαχεῖν,
1042 1419 1104 1471 οἷς
1141 1425 1213 1464 καί
1247 1421 1370 1472 αὐτὸς
1403 1420 1629 1477 σύμμαχός
1650 1420 1757 1465 ἔστι.

311 1484 508 1538 βασιλεὺς
543 1488 589 1530 δὲ
626 1486 880 1543 ἀπηγόρευεν
902 1489 1069 1542 αὐτοῖς,
1109 1485 1247 1547 ὥσπερ
1287 1488 1363 1531 καί
1411 1487 1630 1545 πρότερον,
1677 1486 1754 1543 την
1769 1507 1800 1534 2.

311 1554 560 1606 συμμαχίαν
595 1554 638 1595 ἐν
684 1555 976 1611 Θεσσαλονίκῃ.
1043 1553 1200 1612 ἔφασκε
1236 1554 1316 1611 γάρ
1348 1556 1506 1597 ἀδικεῖν
1535 1555 1679 1610 μηδὲν,
1719 1555 1759 1597 εἰ

270 1627 296 1662 C
312 1615 415 1671 πρὸς
439 1619 495 1674 τῷ
518 1620 647 1673 μηδὲν
675 1620 816 1668 αὐτοῖς
833 1619 1036 1673 ,ἐμποδών
1060 1617 1168 1663 εἶναι
1190 1621 1295 1677 πρὸς
1318 1620 1392 1663 τὸν
1422 1617 1620 1674 πόλεμον,
1648 1621 1756 1674 μηδὲ
1784 1646 1786 1649 >

309 1680 415 1738 πρὸς
448 1684 628 1733 ἐκείνους
651 1686 864 1741 πολεμοίη.
921 1685 978 1735 αἱς
1019 1687 1098 1739 μὲν
1139 1685 1216 1743 γὰρ
1253 1688 1387 1737 αἰτίας
1415 1688 1564 1729 ἐκεῖνοι
1599 1684 1756 1734 πολλὰς

399 1764 432 1796 6.
461 1762 653 1798 εἳλκεισαν
677 1765 713 1798 Ρ.
789 1775 842 1802 12.
867 1765 1043 1811 τριήρεσι
1061 1765 1113 1803 Μ,

311 1830 354 1853 ex
376 1819 525 1853 aedibus
549 1822 702 1855 inermes
728 1834 849 1856 versus
876 1834 974 1856 mare
1003 1824 1260 1865 decurrentes,
1297 1829 1333 1858 et
1362 1824 1451 1870 quid
1487 1824 1557 1859 hoe
1582 1825 1635 1858 rei
1662 1828 1757 1859 esset

309 1867 486 1900 noscitare
511 1868 720 1911 cupientes,
749 1871 883 1914 partim
911 1871 1218 1912 vulnerabantur,
1252 1871 1384 1916 partim
1422 1873 1477 1917 (et
1505 1872 1656 1918 quidem
1679 1882 1756 1905 non

308 1914 430 1957 pauci)
456 1914 779 1949 interficiebantur.
830 1917 992 1951 Tandem
1019 1928 1056 1951 re
1087 1924 1289 1963 comperta,
1322 1918 1450 1952 animis
1489 1925 1527 1952 et
1556 1918 1668 1952 armis
1697 1918 1758 1951 in·
1788 1917 1791 1921 ’

309 1961 457 1999 structi,
482 1960 624 2001 hostes,
649 1963 749 1996 nulla
773 1974 810 1996 re
835 1964 1063 1998 memorabili
1091 1971 1213 2011 gesta,
1239 1971 1276 1999 et
1298 1965 1528 2010 ignavissime
1570 1963 1757 2010 proelian-

309 2010 385 2045 tes,
411 2018 550 2040 rursum
575 2009 749 2042 eiiciunt:
778 2010 842 2055 qui
867 2011 911 2043 ad
937 2012 1114 2053 triremes,
1138 2012 1241 2046 nullo
1269 2023 1415 2047 suorum
1440 2011 1656 2053 interfecto,
1688 2011 1757 2045 ali-

311 2056 400 2096 quot
422 2052 606 2088 dumtaxat
630 2056 839 2097 vulneratis,
866 2065 1130 2103 pervenerunt,
1155 2059 1409 2104 solventesque
1435 2060 1616 2093 onerarias
1643 2063 1756 2104 quasss

312 2098 393 2131 dam
433 2110 558 2132 vacuas
597 2111 715 2134 secum
747 2103 999 2138 abstraxerunt
1034 2116 1076 2138 ac
1110 2105 1182 2139 sibi
1213 2106 1377 2151 p'roprias
1412 2105 1587 2140 fecerunt.
1646 2106 1757 2139 Claro

314 2145 384 2176 iam
410 2143 468 2178 die
492 2146 547 2179 bis
577 2151 703 2194 terque
730 2149 847 2194 ignem
871 2152 910 2186 in
936 2152 1130 2192 onerarias,
1157 2163 1250 2199 quae
1281 2153 1461 2197 plurimae
1486 2154 1524 2187 in
1547 2157 1655 2197 portu
1680 2157 1756 2186 sta-

314 2190 425 2231 bant,
451 2192 646 2227 immittere
671 2197 790 2229 conati
818 2204 924 2237 sunt,
957 2198 1020 2232 sed
1045 2199 1215 2233 accedere
1239 2200 1387 2245 propius
1424 2211 1500 2235 non
1528 2199 1754 2233 sinebantur.

316 2237 458 2270 Deinde
483 2240 746 2282 praetereundo
781 2244 868 2277 alias
903 2245 1126 2280 infestabant
1152 2251 1189 2280 et
1212 2246 1384 2292 quasdam
1409 2258 1428 2280 e
1454 2247 1566 2281 Ponto
1602 2245 1754 2279 descen.-

316 2282 441 2317 ‹lentes
468 2287 649 2319 onerarias
677 2289 877 2333 capiebant.
927 2293 968 2326 Iu
992 2293 1070 2327 istis
1096 2294 1206 2339 igitur
1231 2293 1441 2327 triremibus
1466 2294 1576 2327 etiam
1613 2293 1756 2338 legatus

315 2329 555 2372 Venetorum,
582 2334 728 2367 nomine
753 2336 975 2382 Delphinus,
1009 2339 1055 2372 ad
1089 2341 1342 2385 imperatorem
1378 2339 1614 2380 mittebatur,
1647 2350 1754 2384 Opem

314 2382 475 2429 rogatum
500 2377 545 2411 ad
571 2378 708 2413 bellum
733 2388 855 2416 contra
883 2385 1105 2427 Genuenses,
1130 2387 1452 2434 promittebatque,
1477 2386 1606 2421 ducem
1630 2386 1754 2420 vene»

315 2427 445 2456 narum
480 2429 516 2457 et
539 2431 701 2459 senatum
729 2427 774 2460 de
800 2431 964 2465 Romanis
990 2434 1202 2467 meriturum
1227 2434 1388 2479 optime,
1422 2434 1452 2468 si
1487 2434 1662 2468 auxilium
1688 2443 1754 2466 an*-

315 2475 454 2503 nuerct.
524 2472 625 2506 Paria
658 2473 845 2510 Ravennae
880 2479 1047 2524 princeps
1083 2492 1148 2526 per
1171 2481 1323 2515 litteras
1356 2481 1534 2527 pollicens
1573 2480 1758 2525 rogabat,

315 2526 445 2561 nempe
472 2517 526 2551 uti
558 2518 712 2554 Venetos
737 2522 957 2557 adiuvandus
982 2528 1201 2572 susciperet,
1231 2529 1363 2574 quibus
1389 2529 1499 2561 etiam
1524 2528 1603 2572 ipse
1631 2527 1754 2572 opitu-

314 2563 462 2610 laretur.
509 2565 706 2610 Imperator
732 2569 782 2602 eis
807 2572 1033 2614 societatem,
1060 2579 1102 2606 ut
1126 2580 1162 2608 et
1186 2581 1293 2608 antea
1318 2574 1415 2620 apud
1438 2573 1752 2613 Thessalonicam,

316 2613 470 2654 negavit,
496 2611 722 2659 addiditque,
746 2617 882 2648 nullam
910 2630 946 2651 se
971 2620 1058 2664 ipsis
1084 2620 1201 2656 facere
1228 2623 1410 2662 iniuriam,
1433 2622 1476 2662 si,
1500 2626 1752 2666 praeterquam

316 2656 417 2702 quod
439 2658 542 2692 nullo
568 2660 620 2692 eis
651 2660 698 2693 ad
730 2661 865 2695 bellum
901 2666 1162 2708 impedimento
1193 2674 1311 2709 esset,
1344 2668 1530 2701 adversum
1558 2668 1752 2702 Galataeos

317 2704 427 2738 etiam
452 2716 524 2739 nou
549 2712 730 2751 pugnaret.
781 2709 854 2755 Qui
885 2713 1028 2746 tametsi
1066 2713 1204 2749 bellum
1241 2727 1348 2761 saepe
1384 2716 1680 2756 commeruerint,
1714 2717 1754 2747 et
