1800 3164
519 177 898 222 HISTORIARUM
942 182 1011 222 lV.
1065 184 1105 224 1.
1515 181 1533 214 l
1556 180 1573 215 1

124 281 182 332 ὥς
200 281 276 323 οὐκ
297 279 390 323 ἐνὸν
419 274 569 336 ἄλλως,
605 278 633 337 ἢ
647 285 795 325 τοῦτον
821 282 893 325 τὸν
918 280 1087 338 τρόπον,
1114 281 1192 333 τὰς
1214 282 1487 336 διχοστασίας
1504 284 1579 327 καί
1595 288 1776 335 Α.0.ι347

122 348 199 405 τῆν
237 348 326 405 ἔριν
369 349 415 391 ἐκ
455 349 588 402 μέσου
628 351 837 403 γίνεσθαι.
902 349 925 391 ὅ
963 351 1042 403 μὲν
1070 344 1149 391 οὖν
1176 349 1379 403 βασιλεύς
1403 352 1621 392 τοιαῦταΒ

125 413 216 458 εἶπε
254 413 357 471 πρὸς
395 412 536 470 ὀργήν.
587 418 735 458 ἐκεῖνοι
766 418 812 458 δὲ
842 415 882 458 οἱ
908 415 1114 472 πρότερον
1149 414 1462 469 α’νθιστάμενοι,
1495 417 1580 458 δεί-

123 497 274 531 σαντες
300 480 376 536 τὴν
403 483 611 534 βασιλέως
643 481 831 537 οἷπειλὴν,
861 477 970 524 εῗκόν
1000 498 1041 524 τε
1070 485 1143 525 καί
1169 482 1267 532 τούς
1295 479 1448 536 ὅρκους
1476 480 1580 524 οἷπε-

86 547 299 594 5δίδοσαν
326 543 355 605 ᾗ
383 549 572 590 ἐκέλευεν
602 547 624 589 ὅ
653 546 868 602 βασιλεύς.
929 548 1036 601 μετὰ
1068 551 1190 591 τοῦτο
1219 550 1264 591 δὲ
1283 550 1480 599 ἐθέσπιζε
1498 567 1579 604 μη-

123 616 223 656 δένα
252 616 408 670 μηδενί
438 619 715 670 παρενοχλεῖν
750 614 848 670 περὶ
876 616 960 656 τῶν
987 614 1093 658 κατὰ
1122 614 1194 658 τὸν
1232 615 1414 669 πόλεμον
1442 615 1580 671 ἡρπα-

123 685 289 733 σμένων
324 679 430 737 πλὴν
468 684 552 723 τῶν
580 681 789 737 κτήσεων·
850 680 1008 731 ταύτας
1035 680 1116 736 γὰρ
1147 680 1247 732 τούς
1278 681 1450 736 ἔχοντας
1478 683 1578 724 α’πο-

122 745 287 790 διδόναι
328 753 416 799 τοῖς
459 748 630 803 κυρίοις.
696 749 737 790 εἰ
772 749 821 790 δέ
851 764 964 798 τινες
1001 749 1204 790 α’πέδοντο
1241 744 1270 803 ἢ
1303 750 1576 804 διέφθειραν,

119 816 225 871 μήτε
261 813 336 870 τὴν
366 813 477 871 ὠνήν
508 811 784 868 ἀποδιδόναι,
814 815 922 870 μήτε
947 813 1034 869 μην
1060 815 1120 863 εἷς
1148 812 1197 856 τὸ
1223 814 1405 870 οἷρχαῖον
1432 818 1578 871 σχῆμα

59 902 109 932 10
122 881 437 937 ἀναγκάζεσθαι
464 884 689 940 καθιστᾷν.
744 888 829 931 τοῖς
853 884 932 936 μὲν
960 878 1037 924 οὖν
1066 878 1296 936 ἀδικήσασι
1335 885 1408 923 καί
1441 882 1577 937 ἡρπα-

119 945 239 991 κόσιν
281 947 305 990 ὅ
343 947 547 1003 βασιλεῦς
585 949 787 1005 τοιαύτην
828 952 1056 1005 παρείχετο
1091 947 1360 1004 φιλοτιμίαν,
1401 955 1488 998 τοῖς
1531 950 1578 990 δὲ

120 1010 362 1070 ἆδικηθεῖσι
395 1017 469 1058 καί
502 1017 880 1072 ἀποστερουμένοις
916 1016 998 1057 τῶν
1026 1016 1186 1056 οἰκείων
1221 1010 1381 1071 ἑτέροις
1408 1013 1578 1072 τρόποις

117 1082 379 1137 ἐθεράπευσε
418 1080 493 1138 τὴν
539 1079 717 1125 ἔνδειαν.
781 1083 856 1124 καί
891 1083 1037 1124 τοῦτον
1067 1079 1140 1123 τὸν
1175 1081 1330 1136 τρόπον
1369 1084 1415 1125 ὲν
1455 1079 1622 1141 ὄλίγῳΟ

115 1144 257 1207 χρόνῳ
299 1151 441 1190 πᾶσαν
469 1148 782 1206 ἀμφισβήτησιν
814 1153 999 1204 περιεῖλε
1031 1147 1106 1190 καί
1130 1145 1348 1205 πρόφασιν
1374 1147 1580 1205 θορύβου,

58 1214 194 1262 ι5καί
223 1217 269 1258 ἐν
304 1216 478 1273 εὐταξίᾳ
515 1216 642 1258 πάλιν
680 1215 754 1258 καί
790 1215 934 1274 εἰρήνῃ
968 1214 1022 1257 τοὶ
1045 1216 1269 1269 Ῥωμαίων
1312 1210 1377 1270 ἧν.
1434 1214 1580 1259 ἔπειτα

119 1283 167 1324 ἐκ
210 1284 284 1338 τῆς
314 1283 540 1338 Ἀδριανοῦ
576 1283 779 1337 βασιλίδα
821 1280 896 1337 τήν
925 1280 1113 1337 γαμετὴν
1145 1280 1253 1336 μετὰ
1288 1284 1372 1324 τῶν
1399 1285 1581 1336 θυγατέ-

122 1365 210 1405 ρων
245 1353 507 1402 μετεκαλεῖτο
547 1351 734 1403 πέμψας.
803 1351 895 1391 ἐπεὶ
924 1351 970 1391 δὲ
1006 1350 1206 1405 παρῆσαν
1235 1350 1279 1390 ἐν
1306 1350 1365 1407 τῷ
1393 1348 1472 1404 πρὸ
1505 1351 1582 1405 τῆς

117 1415 280 1465 πόλεως
305 1417 377 1471 τῆς
412 1414 673 1473 θεομὴτορος
715 1416 900 1470 τεμένει,
944 1411 969 1456 ὃ
992 1415 1115 1471 ’πηγή
1155 1417 1201 1457 τέ
1234 1416 1345 1457 ἐστιν
1375 1411 1581 1472 ἀφθόνων

118 1480 308 1536 ἰαμάτων
335 1483 409 1524 καί
443 1487 656 1537 καλεῖται,
696 1483 915 1538 βασιλίδος
938 1478 1091 1538 ’Ἁννης
1118 1479 1368 1536 ἐξελθούσης
1395 1481 1469 1523 καί
1496 1484 1582 1523 τῶν

53 1566 105 1593 20
117 1552 328 1604 βασιλέων
356 1548 665 1606 συμπαρόντων
695 1551 769 1592 καί
799 1551 883 1592 τῶν
912 1551 958 1592 ἐν
991 1551 1102 1591 τέλει
1131 1546 1298 1590 πάντων
1328 1551 1402 1591 καί
1410 1550 1581 1604 ’ἐπιφα-

119 1619 226 1670 νῶν,
265 1615 404 1673 Ἑλένη
434 1618 459 1673 ἦ
500 1619 556 1675 τῷ
595 1617 673 1675 νέῳ
711 1619 926 1670 μέλλουσα
957 1619 1131 1669 βασιλεῖ
1152 1621 1378 1669 συνοικεῖν,
1407 1629 1582 1671 προστε-

83 1709 86 1711 -
116 1684 295 1738 ταχότος
322 1686 397 1727 τοῦ
431 1682 592 1740 πατρὸς
620 1682 693 1725 καί
708 1679 864 1738 Ἅννης
894 1683 967 1738 τῆς
984 1681 1218 1736 βασιλίδος,
1251 1678 1473 1736 ἐπισήμοις
1491 1682 1581 1722 ε’κο-

117 1756 262 1804 σμεῖτο
279 1754 511 1804 βασιλικοῖς
530 1749 605 1792 καί
616 1751 840 1804 Ῥωμαίων
859 1748 1026 1802 βασιλὶς
1047 1746 1391 1804 προσηγορεύετο.
1434 1746 1580 1789 ἔπειτα

118 1817 179 1867 εἷς
214 1816 267 1859 τὰ
299 1818 502 1871 1βασίλεια
545 1814 713 1859 πάντων
743 1814 834 1870 ἅμα
860 1811 1080 1869 βασιλέων
1103 1816 1349 1869 γενομένων,
1385 1812 1423 1856 οἱ
1452 1811 1581 1868 γάμοι

220 1909 272 1942 ¹9·
298 1896 479 1943 ναμάτων
504 1897 552 1934 Μ.
581 1908 650 1943 mg.
674 1896 757 1930 vid.
783 1907 819 1942 p.
847 1895 925 1941 874.
951 1895 987 1929 Ρ.

118 1964 216 1998 bile:
241 1965 343 1999 cuius
368 1967 478 2000 minis
507 1966 664 2000 rebelles
694 1966 751 1998 illi
779 1964 971 2001 conterriti
1001 1966 1210 2004 cesserunt,
1240 1966 1350 2009 atquc
1378 1967 1419 1996 ut
1443 1963 1580 1995 iussum

120 2017 207 2053 erat,
233 2014 454 2047 iuraverunt.
505 2015 693 2047 Praeterea
722 2014 865 2053 sanxit,
897 2022 944 2046 ne
979 2012 1062 2060 quis
1091 2012 1159 2044 ulli
1186 2010 1234 2044 ob
1262 2015 1364 2054 rapta
1390 2010 1490 2043 bello
1517 2021 1582 2043 ne-

119 2061 257 2104 gotium
290 2061 504 2105 facesseret3
539 2072 594 2095 res
629 2066 752 2094 tamen
786 2061 856 2094 soli
885 2059 931 2093 ad
958 2059 1128 2105 antiquos
1154 2068 1380 2102 possessores
1405 2058 1579 2090 redirent.

118 2107 157 2140 Si
180 2119 273 2152 quae
298 2114 440 2153 emptae
483 2114 547 2142 aut
578 2107 724 2141 vitiatae
748 2114 889 2148 essent,
915 2117 1037 2153 neque
1064 2106 1365 2145 redhibercntnr,
1396 2115 1517 2149 neque
1543 2106 1582 2137 in

116 2159 276 2188 veterem
295 2156 449 2189 formam
474 2155 716 2202 habitumque
741 2156 1030 2188 restituerentur.
1083 2154 1276 2187 Iniuriosis
1298 2153 1424 2196 itaque
1454 2156 1491 2183 et
1520 2151 1582 2184 in·-

117 2202 308 2236 vasoribus
339 2203 449 2237 talem
469 2203 645 2237 honorem
671 2203 812 2237 habuit.
864 2202 939 2247 Qui
977 2206 1097 2234 autem
1131 2200 1304 2234 iniuriam
1347 2200 1507 2244 perpessi
1545 2203 1583 2231 et

117 2248 274 2283 fortunis
300 2250 374 2283 suis
399 2250 526 2284 nudati
552 2254 685 2291 essent,
712 2260 836 2284 eorum
858 2250 1007 2295 inopiae
1023 2248 1107 2280 aliis
1129 2247 1335 2281 rationibus
1353 2246 1581 2280 medebatur.

118 2296 179 2329 Sic
203 2297 304 2330 brevi
330 2299 449 2342 spatio
475 2309 601 2331 omnes
629 2298 913 2342 disceptationes
941 2301 978 2329 et
1005 2296 1194 2329 turbarum
1221 2294 1429 2328 occasiones
1449 2305 1580 2337 ampu-

119 2344 222 2383 tavit,
248 2356 462 2391 rursumque
487 2345 582 2378 bene
608 2345 774 2379 ordinata
801 2356 838 2378 rc
866 2343 1028 2389 publica,
1052 2354 1178 2388 pacem
1206 2352 1246 2374 ac
1271 2341 1580 2387 tranquillitatem

120 2390 291 2436 agitabat.
341 2393 405 2426 His
432 2394 522 2426 actis
547 2392 787 2437 Adrianopoli
813 2403 964 2425 uxorem
991 2402 1070 2423 cum
1095 2390 1239 2423 filiabus
1273 2394 1411 2422 evocat.
1473 2387 1580 2432 Quae

118 2443 162 2471 ut
186 2441 367 2472 affuerunt
395 2439 433 2472 in
459 2440 596 2484 templo
623 2439 802 2484 Deiparae
828 2443 912 2472 ante
939 2438 1077 2478 urbem,
1101 2437 1217 2483 (quod
1244 2441 1285 2469 ut
1299 2437 1448 2469 nomine
1466 2427 1582 2478 πηγὴ,

117 2484 158 2518 id
178 2490 232 2518 cst
247 2484 340 2527 fons,
360 2486 503 2527 dicitur,
527 2488 578 2520 sic
603 2498 640 2520 re
667 2488 745 2531 ipsa
775 2487 1007 2520 curationum
1036 2485 1272 2530 plurimarum
1292 2484 1373 2516 fons
1394 2483 1477 2528 est‚)
1504 2485 1580 2514 Au·-

119 2543 167 2565 na
202 2533 433 2578 imperatrice
466 2545 606 2580 egressa
643 2534 807 2575 obviam,
842 2538 879 2566 et
906 2531 1160 2578 praesentibus
1186 2529 1470 2576 imperatoribus
1501 2539 1581 2561 cnm

119 2580 388 2622 magistratibus
417 2586 455 2614 ct
479 2581 678 2615 nobilitate
705 2583 895 2620 universa,
934 2581 1071 2613 Helena
1100 2578 1326 2612 adolescenti
1356 2577 1482 2611 loanni
1508 2588 1578 2607 nu-

119 2631 238 2671 ptura,
268 2633 370 2672 patre
397 2634 434 2662 et
458 2629 560 2661 Anna
587 2630 748 2674 Augusta
775 2626 1015 2668 iubentibus,
1038 2626 1274 2671 imperatorio
1301 2625 1401 2658 cultu
1422 2634 1580 2657 exorna-

120 2678 158 2706 ta
187 2679 223 2707 et
248 2674 457 2718 imperatrix
487 2676 642 2709 salutata
675 2681 739 2709 est.
790 2675 934 2708 Deinde
969 2675 1141 2708 omnibus
1171 2674 1281 2707 simul
1313 2684 1392 2705 eum
1422 2672 1581 2714 impera-

121 2720 262 2754 toribus
292 2722 329 2755 in
364 2723 502 2768 palatio
528 2723 778 2767 coiigregatiS‚
804 2722 955 2767 nuptiae
985 2720 1256 2766 apparabantur
1273 2745 1281 2761 ,
1313 2725 1349 2752 ct
1376 2717 1533 2751 universi
1561 2727 1581 2748 a

124 2765 270 2800 bellicis
296 2769 453 2802 miseriis
487 2769 660 2809 relevati,
685 2771 836 2802 meliora
863 2769 1132 2803 ominabantur.
1183 2768 1333 2812 Quippe
1348 2777 1422 2799 non
1439 2769 1580 2797 tantum

123 2812 274 2851 Romani
309 2816 604 2855 contentionibus
654 2822 691 2852 ct
721 2816 946 2852 factionibus
977 2817 1115 2852 mutuis
1160 2813 1411 2852 desistebant,
1455 2820 1593 2847 veruinr
