1794 3158
418 186 491 227 An
530 181 913 227 CANTACUZENJ
937 183 1034 223 Lm.
1077 183 1129 223 ιι.
1363 162 1480 237 489

47 300 113 328 ras
141 288 210 330 lib.
237 303 299 329 10.
333 289 461 328 initio.
479 303 492 328 ε
548 287 696 327 Rhodii
734 300 828 326 vero
861 294 899 325 et
932 285 1152 324 maritimae
1171 283 1372 327 Phocaeae
1399 299 1479 323 non

39 345 184 399 procul
226 358 253 384 a
290 343 464 395 Smyrna
500 344 656 382 accolae
691 351 730 382 et
765 341 986 393 Cycladum
1031 340 1245 378 insularum
1277 341 1476 393 princeps,

47 400 207 438 consilio
234 400 390 451 fraude
426 407 569 437 mutato
598 399 852 453 pepigerant,
894 412 934 435 se
959 396 1158 434 Romanas
1191 395 1336 434 insulas
1371 395 1478 433 clam

46 467 297 508 oppressuros
323 463 361 493 et
390 456 495 508 ipsas
523 454 774 508 imperatoris
804 452 958 506 copias.-
985 451 1103 489 veriti
1112 451 1302 502 sortasse,
1336 464 1386 488 ne
1422 450 1475 500 is,

46 509 139 546 aliis
166 510 276 548 rebus
307 510 455 549 omissis
470 538 481 557 ‚
526 523 566 547 se
602 507 818 546 invaderet.
873 509 1013 561 Itaque
1049 519 1135 544 cum
1167 505 1332 543 navibus
1362 505 1479 560 quin-

46 563 174 602 decim
198 564 363 603 Lesbum
382 563 567 619 profecti‚
596 572 675 602 tota
691 563 819 600 insula
848 563 980 600 statim
1003 561 1128 615 potiri
1155 573 1242 599 non>
1253 568 1476 614 potuerunt.-

44 617 115 656 sed
137 619 257 658 subito
286 620 493 671 fiIitylenes
556 627 681 657 ortum
717 617 906 668 ingressi,
949 615 1083 654 urbem
1104 615 1331 669 proditione
1363 629 1476 669 cepe-

47 681 150 712 runt.
212 673 311 713 Cum
338 684 468 714 autem
500 633 646 712 lssodct
669 680 708 710 et
736 671 957 722 Cycladum
982 672 1169 725 princeps
1199 679 1237 709 et
1260 684 1351 724 opes
1372 669 1487 709 dirim

38 740 136 782 pere
161 737 199 767 et
231 730 380 768 insulae
416 729 601 769 ditionem
625 727 778 781 partiri
813 727 959 765 vellent
974 754 987 774 ‚
1032 725 1331 764 Phocaeensium
1358 726 1487 780 prin--

45 796 133 836 ceps
156 782 322 823 Catanes
354 798 432 839 per
456 792 580 822 astum
609 791 647 821 et
671 782 805 820 dolum
819 810 830 831 ‚
861 794 969 819 suum
992 781 1244 835 praesidium
1271 782 1314 819 in
1342 781 1476 819 urbem

42 837 216 888 induxit,
248 840 400 893 illisque
414 839 598 892 deceptis,
626 851 715 876 eam
735 837 812 875 sibi
834 836 1056 875 vindicavit
1063 849 1078 884 ,·
1106 834 1197 873 inde
1227 836 1332 874 enim
1361 837 1478 874 totius

42 892 193 933 insulae
219 895 286 932 vel
301 895 382 933 sine
412 895 522 932 sociis
540 891 669 946 facile
695 907 734 930 se
765 893 980 947 potiturum
1005 905 1082 929 esse
1105 889 1276 945 putabat
1290 919 1301 937 ‚
1333 892 1479 945 quippe

41 947 113 1000 qui
140 949 240 987 solus
268 950 356 988 illos
385 949 519 988 ambos
545 949 668 1002 copiis
694 949 881 986 vinceret.
939 946 980 985 Is
1020 946 1128 984 enim
1163 945 1264 983 solus
1293 954 1376 984 octo
1405 947 1478 983 tri-

42 1014 167 1041 remes
212 1004 445 1043 adduxerat
464 1033 475 1054 ,
523 1017 620 1059 quas
655 1003 819 1041 Genuae
855 1001 1146 1056 compleverat,
1193 1000 1341 1039 Rhodii
1381 1014 1476 1039 vero

40 1066 225 1112 quatuor,
245 1060 416 1114 reliquas
434 1067 512 1098 tres
529 1058 748 1109 Cycladum
761 1058 961 1110 princeps.
991 1055 1096 1097 Vide
1110 1055 1276 1110 reliqua.
1305 1068 1475 1096 PONTAN.

153 1112 253 1166 Pag.
271 1113 366 1168 476,
386 1113 446 1164 14.
474 1110 708 1165 Μηθίμνης
740 1112 796 1152 Μ.
825 1124 997 1165 quoque·

151 1168 362 1222 Pag.476‚
381 1167 445 1220 24.
481 1165 664 1213 δικαίους
694 1167 750 1209 Μ.

147 1224 257 1276 Pag.
271 1223 368 1278 478,
383 1223 420 1264 8.
452 1217 546 1262 ὅποι
579 1224 639 1261 Μ.

149 1278 251 1331 Pag.
266 1279 362 1333 479,
380 1279 419 1319 5.
455 1279 533 1318 τοῦ
561 1274 709 1317 στόλου
742 1277 809 1316 Μ.’

147 1332 364 1388 Pag.479,
390 1348 450 1388 19.
486 1328 837 1383 Φιλανθρωπινόν
869 1332 925 1373 Μ.

146 1387 448 1442 Pag.479‚22.
482 1384 726 1438 Ντουάρδος
756 1389 812 1430 Μ.
840 1388 892 1426 ab
920 1386 1043 1427 altera
1076 1401 1214 1427 mann.

146 1443 356 1496 Pag.482‚
389 1458 422 1483 1.
453 1437 563 1495 ἦσαν
590 1442 719 1481 scribe
747 1456 838 1481 cum
867 1445 926 1481 M.
955 1457 1028 1496 pro
1057 1441 1174 1484 εἰσιν.

145 1497 360 1552 Pag.483,
379 1513 441 1538 11.
472 1492 647 1551 παρῄνει
674 1498 729 1537 Μ.
759 1510 931 1553 quoque.

143 1553 250 1606 Pag.
267 1553 362 1603 483,
386 1568 447 1592 12.
479 1551 640 1592 ἐκέλευε
669 1553 726 1592 Μ.

142 1606 245 1661 Pag.
263 1607 362 1660 485,
385 1608 445 1659 14.
476 1606 519 1647 οἳ
543 1609 598 1650 Μ.
624 1622 699 1661 pro
727 1601 810 1649 32¹.v

146 1662 248 1716 Pag.
269 1663 366 1714 483,
386 1663 446 1704 18.
475 1659 519 1702 αἱ
545 1676 620 1704 om.
652 1664 710 1702 M.

143 1717 250 1770 Pag.
270 1719 369 1770 485,
385 1733 449 1758 20.
486 1717 724 1769 μαχοῦνται
750 1721 811 1759 Μ.

144 1772 454 1827 Pag.483‚23.
495 1775 672 1825 magni
716 1777 908 1830 quippe
959 1775 1242 1815 domestici
1288 1784 1479 1817 mater-,²

33 1828 252 1882 Gregoras:
315 1830 489 1868 Ceterum
521 1843 607 1867 cum
638 1830 859 1883 imperator
892 1845 985 1870 cum
1005 1832 1128 1870 classe
1151 1831 1298 1870 diutius
1326 1832 1475 1872 abesset

33 1893 73 1923 et
97 1885 139 1924 in
165 1885 321 1938 palatio
354 1899 499 1937 magna
528 1885 739 1939 impunitas
770 1894 809 1924 et
851 1886 1009 1924 licentia
1035 1889 1184 1939 vigeret
1197 1917 1209 1935 ‚
1242 1887 1470 1927 adolescen-

0 1979 2 1981 ,
31 1947 86 1978 tes
113 1940 269 1994 aliquot
294 1940 524 1978 seditionem
552 1949 776 1987 moverunt,
824 1955 864 1978 se
894 1941 1055 1979 Latinos
1084 1956 1234 1997 quoque
1273 1942 1321 1980 ob
1350 1943 1474 1980 inter-

51 1994 204 2032 edentes
244 1996 454 2034 simultates
490 1996 610 2034 socios
651 2009 728 2033 esse
767 1996 965 2035 habituros
999 1998 1089 2036 rati.
1147 1997 1295 2051 Scopus
1339 2006 1473 2036 autem

48 2050 228 2088 editionis
239 2051 332 2102 ficit
347 2080 357 2098 ‚
402 2059 443 2089 ut
467 2060 611 2105 postea
640 2052 833 2101 cognitum
867 2060 945 2100 est,
992 2053 1249 2105 imperatoria
1286 2061 1469 2106 potestas,

48 2105 67 2142 i
92 2105 300 2144 dominam
339 2107 539 2160 imprimis
575 2113 614 2144 et
650 2105 795 2160 filium
839 2108 919 2145 eius
963 2105 1154 2146 Ioannem
1192 2107 1472 2161 imperatorem

43 2167 67 2197 .t
89 2173 154 2198 eos
173 2160 338 2215 denique
374 2175 520 2208 omnes,
550 2162 621 2216 qui
643 2160 858 2199 adversari
889 2171 1059 2216 possent,
1093 2161 1332 2204 occidissent,
1387 2161 1472 2201 Sed

69 2229 124 2252 cm
161 2215 208 2253 id
220 2216 390 2267 facinus
421 2216 549 2255 adhuc
578 2217 813 2270 parturiunt
842 2224 881 2255 et
920 2217 1096 2255 seditiosi
1128 2231 1214 2255 rem
1246 2218 1472 2256 clanculum

56 2270 272 2309 ehementer
295 2280 453 2324 urgent,
501 2270 777 2310 Cantacuzena
808 2273 951 2324 magni
977 2272 1181 2311 domestici
1200 2282 1328 2311 mater
1334 2304 1347 2323 ‚
1377 2272 1479 2327 quid

59 2333 214 2378 geretur
228 2356 239 2375 ,
269 2326 557 2365 animadvertit
576 2355 587 2375 ,
617 2339 741 2380 quam
776 2327 992 2381 imperator
1034 2328 1270 2366 assestricem
1314 2329 1477 2380 coniugi

45 2393 119 2417 uae
161 2379 393 2419 discessurus
430 2382 663 2436 reliquerat,
708 2382 855 2436 quippe
890 2383 1131 2421 senatoriam
1173 2391 1401 2421 matronam
1435 2391 1474 2423 et

34 2435 223 2484 ‚ravitate
259 2449 413 2475 morum
453 2435 707 2491 conspicuam
740 2445 778 2474 et
805 2438 1002 2488 singulari
1022 2437 1241 2492 prudentia
1282 2446 1472 2477 ornatam

36 2496 66 2526 ,t
99 2490 142 2527 in
179 2489 289 2528 rebus
326 2491 456 2530 dubiis
498 2491 704 2545 praesenti
742 2492 906 2531 consilio
950 2493 1201 2532 instructam.
1268 2491 1341 2530 Ea
1376 2507 1468 2546 ergo

36 2557 106 2581 ma
139 2557 227 2583 cum
269 2545 457 2593 domina,
493 2547 733 2602 priusquam
759 2547 881 2585 scelus
904 2557 1064 2586 auctum
1100 2556 1348 2599 erumperet,
1385 2562 1472 2587 mo-

37 2611 116 2635 .um
145 2599 258 2637 illum
281 2602 583 2654 prudentissime
611 2615 695 2640 com
727 2604 844 2640 escuit
868 2610 944 2645 etc.
999 2603 1061 2641 De
1078 2601 1375 2640 insidiatoribus
1395 2617 1468 2640 au-

37 2665 108 2690 :em
137 2654 221 2691 istis
249 2655 345 2706 quid
374 2664 508 2694 aetum
535 2658 586 2695 sit
608 2687 618 2703 ‚
661 2616 766 2695 issm
796 2658 994 2710 Gregoras
1021 2657 1076 2695 sic
1105 2657 1279 2707 exponit.
1339 2658 1469 2696 Paulo

55 2716 114 2746 ost
140 2707 232 2759 (ubi
263 2710 495 2762 Byzantium
531 2711 668 2761 rediit)
711 2714 1000 2766 comprehensis
1026 2711 1325 2749 insidiatoribus
1345 2741 1355 2758 ‚
1388 2714 1465 2749 sin-

40 2762 131 2802 vulis
175 2776 347 2803 seorsum
387 2767 637 2819 interrogatis
659 2797 669 2815 ‚
722 2781 858 2806 verum
907 2767 957 2805 ab
1002 2765 1181 2806 omnibus
1212 2767 1468 2820 perquisivit.
