1794 3158
399 154 474 196 AD
513 140 888 198 CANTACUZEM
919 156 1017 208 UB-
1045 158 1098 198 11.
1360 142 1473 210 465

0 256 10 267 ”
31 255 102 298 ‘lim
134 264 181 296 ec-
208 265 376 314 qaatuor·
411 259 648 299 auxiliariis
684 259 903 299 triremibus
927 262 968 298 ἀ
998 260 1215 312 &cladum
1253 261 1474 306 insidat-um

25 313 212 367 principe
239 313 458 362 accersitis,
497 329 519 353 e
543 324 663 369 portu
689 316 809 355 solvit
837 322 911 354 ete.
968 315 1070 355 Rem
1099 323 1224 355 totam
1239 345 1252 368 ,
1301 319 1351 357 de
1393 335 1474 373 qua

31 374 168 406 noster
194 374 278 406 tam
302 366 431 407 multa
463 375 503 407 et
531 370 702 423 insignia
720 399 733 421 ,
787 369 970 424 deinceps
1011 371 1191 410 versibus
1228 373 1387 412 circiter
1411 378 1475 414 vi-

34 422 135 474 ginti
162 423 290 462 tribus
331 422 518 462 absolvit.
588 426 842 478 Quamquam
883 432 923 463 et
965 424 1067 464 illud
1099 427 1348 467 verissimum
1381 438 1436 469 est
1460 459 1473 480 ‚

30 489 252 529 paucorum
283 477 501 518 admodum
550 482 736 518 notitiam
781 479 968 519 habuisse
996 482 1215 534 Gregoram
1238 510 1250 531 ,
1295 485 1402 536 quod
1434 493 1475 526 et

30 535 166 571 noster
199 533 500 572 Cantacuzenus
543 535 657 573 initio
686 535 876 574 historiae
913 549 1007 574 suae
1027 566 1038 581 ‚
1079 550 1324 590 quamquam
1349 541 1471 580 tacito

0 598 2 640 j
31 586 118 625 eius
141 589 318 639 nomine,
349 588 576 640 affirmavit,
605 597 644 628 et
671 603 743 642 ego
770 590 1069 630 narrationibus
1101 594 1308 647 utriusque
1334 595 1474 635 confe-

0 643 2 691 Ι
31 642 166 682 tendis
194 651 384 696 persaepe
413 652 597 697 expertus
626 658 731 683 sum.
763 657 945 687 romum

0 694 2 740 l
42 720 50 725 ·
143 697 249 750 Pag.
272 699 367 752 576,
388 700 428 738 3.
459 698 689 751 ἐπιτρέψας
721 700 779 741 Μ.

0 745 3 808 j
46 777 48 779 v
142 752 245 805 Pag.
264 753 358 806 376,
378 753 414 795 5.
444 751 470 791 ὅ
500 753 536 792 δῖ
567 753 620 791 ου’
650 755 707 793 Μ.
734 767 910 808 quoque.

143 806 358 859 Pag.378‚
381 821 439 848 11.
470 806 517 847 δὲ
544 822 628 847 om.
660 810 705 847 M

142 861 248 915 Pag.
271 863 366 915 579,
389 876 445 905 ιο,
476 862 548 901 καί
572 866 662 909 ταῖς
689 866 833 913 τιμαῖς
861 864 922 903 Μ.
1197 904 1205 907 ,

141 917 360 969 Pag.380‚
382 916 444 968 14.
476 917 632 956 Delii
665 918 1089 972 Hospitalenses.
1145 917 1477 960 DelustumHo-

29 970 304 1024 spitalensium
332 979 445 1023 erat,
476 973 677 1026 quomodo
725 980 764 1012 et
793 974 969 1012 Graecus
1004 973 1126 1013 codex
1166 973 1253 1013 illos
1281 976 1477 1014 nominat.

30 1027 171 1065 Genus
198 1026 473 1080 religiosorum
503 1028 579 1066 sub
606 1028 781 1081 Hyginio
816 1028 1006 1080 pontifice
1035 1035 1188 1068 natum.
1247 1030 1388 1077 Iidem,
1406 1031 1478 1082 qui

28 1080 178 1120 Rhodii
205 1095 275 1120 seu
304 1082 552 1121 Rhodienses
578 1090 619 1122 et
649 1082 877 1122 Melitenses
908 1083 1043 1128 hodie,
1086 1097 1260 1136 quorum
1288 1084 1478 1123 historiae

30 1135 186 1175 Latinis
209 1144 248 1175 et
276 1137 422 1176 Italicis
450 1137 591 1176 litteris
617 1145 789 1177 exstant.
846 1138 908 1176 De
951 1138 1103 1190 origine
1134 1138 1476 1191 Hospitalensium

34 1189 336 1244 Hierosolymae
377 1194 534 1245 scripsit
574 1194 615 1231 in
647 1193 812 1231 historia
850 1206 922 1231 sua
949 1191 1150 1231 Orientali
1188 1207 1272 1245 cap.
1302 1193 1372 1244 64.
1414 1195 1479 1232 Ia-

28 1245 155 1286 cobus
183 1247 232 1285 de
244 1247 438 1294 vitriaco,
457 1249 663 1301 episcopus
692 1246 944 1286 Tusculanus
974 1254 1013 1286 et
1041 1247 1268 1288 cardinalis.
1299 1262 1476 1291 roNTAN.

140 1303 246 1354 Pag.
270 1302 366 1352 580,
394 1302 454 1342 ι6.
485 1302 780 1349 κατατιθέντος
812 1304 870 1345 Μ.
899 1315 982 1355 mg.

140 1358 251 1409 Pag.
269 1355 360 1406 580,
385 1370 444 1411 17.
473 1356 544 1396 ἐπὶ
573 1356 632 1395 Μ.
663 1371 737 1409 pro
760 1356 872 1408 περὶ.

140 1411 243 1463 Pag.
262 1410 358 1462 38¹,
380 1426 417 1465 7.
449 1409 644 1462 βούλοιτο
680 1425 759 1450 οηι.
788 1411 846 1453 M.

138 1465 248 1518 Pag.
270 1465 366 1514 381,
390 1480 448 1505 ιο.
480 1462 554 1504 τὸν
578 1465 795 1505 Μπενέτον
829 1466 886 1508 Μ.

142 1520 248 1573 Pag.
263 1520 357 1571 582,
371 1521 410 1563 8.
439 1514 591 1566 ἄλλως·
621 1516 855 1573 κρατήσασι
879 1518 964 1561 ταῖν
993 1519 1168 1561 δικαίων
1198 1522 1257 1566 Μ.
1287 1536 1370 1577 mg.
1405 1537 1480 1578 pro

26 1572 113 1616 τῶν
139 1572 398 1615 ἀδικούντων
425 1572 675 1627 κρατήσασι.

139 1630 250 1682 Pag.
268 1629 364 1681 583,
383 1632 448 1669 23.
483 1630 863 1686 Galatamqae.
923 1629 1068 1670 Galata
1098 1631 1241 1683 (cuius
1270 1646 1343 1685 per
1372 1632 1480 1672 hanc

26 1681 238 1724 historiam
266 1687 416 1724 mentio
445 1685 520 1724 erit
552 1684 725 1737 plurima
753 1693 794 1724 et
823 1699 887 1725 res
918 1687 1003 1724 eius
1037 1693 1169 1740 gestae
1198 1687 1480 1726 memorabiles

31 1739 278 1790 afferentur)
306 1740 404 1779 urbs
434 1754 456 1778 e
485 1741 647 1792 regione
675 1739 1044 1793 Constantinopolis
1074 1742 1167 1790 sita,
1190 1748 1300 1780 trans
1327 1743 1478 1793 sinum,

29 1806 152 1847 quem
181 1809 292 1834 ceras
321 1797 403 1834 sive
438 1808 562 1833 cornu
604 1802 643 1833 et
679 1798 902 1834 ceratinum
937 1798 1022 1834 sive
1064 1802 1280 1834 cornutum
1324 1803 1479 1836 veteres

29 1851 152 1889 etiam
190 1857 419 1889 vocarunt:
476 1850 583 1903 quod
624 1851 750 1889 instar
793 1864 919 1889 cornu
959 1851 1110 1890 cervini
1148 1851 1315 1902 sparsim
1357 1854 1480 1890 ramis

30 1906 146 1958 quasi
167 1906 408 1959 quibusdam
437 1903 548 1944 littus
577 1912 797 1958 utrumque
825 1905 1100 1959 amplectatur.
1156 1905 1310 1944 Eadem
1328 1906 1482 1946 etPera

31 1959 180 1999 dicitur
212 1968 251 2000 et
279 1961 429 2000 Peraea
460 1961 623 1999 Nicetae
652 1961 845 1999 historico
865 1990 877 2012 ,
906 1961 1016 2013 quod
1044 1960 1153 1999 ultra
1180 1961 1314 1999 sinum
1351 1963 1481 2013 posita

30 2016 95 2057 sit.
152 2016 318 2056 Veteres
346 2016 398 2054 ab
429 2016 622 2055 arborum
666 2016 762 2055 ficos
803 2015 1018 2055 ferentium
1047 2017 1162 2068 copia
1193 2015 1318 2068 Sycas
1345 2018 1482 2054 nomi-

29 2069 199 2118 naham,
230 2086 333 2125 quae
360 2085 436 2110 vox
458 2072 566 2124 apud
584 2071 789 2110 Zosimum
816 2084 977 2124 quoque
1007 2070 1165 2124 legitur.
1224 2069 1393 2109 Colonia
1423 2078 1483 2110 est

30 2125 322 2177 Genuensium,
352 2128 472 2165 etiam
498 2126 618 2166 hodie
647 2126 787 2164 maiori
818 2139 863 2165 ex
901 2133 1013 2179 parte
1041 2140 1065 2165 a
1095 2125 1333 2164 Christianis
1361 2126 1481 2164 inha—

29 2178 158 2220 bitata
174 2210 187 2231 ,
234 2183 467 2235 praesertim
517 2181 820 2221 mercatoribus.
888 2181 1170 2222 Leunclavius.
1237 2179 1377 2220 Placet
1418 2183 1482 2219 in·—

29 2248 152 2288 super
194 2238 278 2276 eius
325 2237 630 2290 descriptionem
653 2266 664 2283 ‚
696 2236 878 2289 quamvis
921 2235 1242 2289 longiusculam,
1285 2249 1329 2274 ex
1370 2236 1480 2275 Petri

32 2290 159 2343 Gyllii
202 2293 463 2345 topographia
505 2291 950 2344 Constantinopolitana
993 2304 1222 2344 apponere,
1265 2291 1374 2343 quod
1417 2303 1481 2330 me

31 2345 184 2385 utiliter
211 2347 345 2386 fec1sse
372 2347 563 2398 lectores,
607 2354 654 2385 ut
683 2359 825 2399 spero,
855 2346 1093 2385 iudicabunt
1112 2376 1122 2393 ‚
1166 2358 1259 2383 cum
1287 2348 1481 2385 maiorem

32 2398 223 2441 historiae
257 2402 375 2440 huius
402 2409 558 2455 partem
590 2401 828 2443 evolverint.
883 2400 1053 2453 Sycena
1077 2402 1207 2452 regio,
1246 2400 1333 2438 iam
1353 2402 1479 2451 vulgo

31 2457 254 2496 nominata
283 2456 450 2496 Galata
489 2459 577 2495 sive
606 2457 749 2504 Pera,
806 2457 962 2495 rectius
997 2453 1265 2495 nominanda
1291 2455 1478 2503 Peraea,

31 2517 79 2548 ut
108 2513 303 2565 Iosephus
339 2511 550 2550 Iudaeam
589 2519 708 2551 trans
749 2509 982 2550 Iordanem
1022 2511 1213 2549 nominat
1251 2509 1478 2548 Peraeam.

34 2564 119 2604 Cur
153 2574 294 2605 autem
331 2567 571 2620 appelletur
607 2566 800 2615 Galata,
838 2563 1301 2618 constantinopolitani
1338 2577 1480 2603 omnes

33 2619 122 2658 iam
161 2620 417 2673 praedicant
440 2635 496 2659 ea·
521 2634 584 2667 eo,
617 2618 734 2676 quod
759 2621 847 2659 illic
872 2620 972 2660 olim
1006 2619 1076 2657 lac
1108 2616 1367 2657 venderetur
1403 2625 1479 2656 aut

32 2674 286 2725 mulgemur·
305 2705 316 2722 ,
345 2675 508 2729 decepti
539 2677 717 2715 nominis
748 2675 982 2721 allusione3
1029 2686 1103 2711 nec
1133 2671 1306 2719 dubito,
1330 2674 1369 2710 si
1396 2672 1478 2710 sci-

33 2737 143 2779 rent,
174 2728 383 2769 Galatam
407 2730 676 2785 appellatam
713 2730 813 2772 olim
853 2729 1026 2781 Sycam,
1058 2727 1159 2781 quin
1186 2729 1313 2767 etiam
1342 2724 1475 2766 aude-

90 2804 362 2840 Cantacuzemcs
388 2806 452 2841 111.
1178 2803 1223 2837 30
