1800 3164
347 174 365 208 1
377 154 446 210 62
485 176 491 181 „
864 169 1236 214 CANTAcUzmi

128 273 535 327 A.C.1350>.'nomdv,
563 273 619 324 ὥς
649 275 741 315 ἐκεῖ
759 274 839 316 τῶν
867 273 1142 328 τολμημάτων
1171 273 1290 323 δίκας
1318 273 1527 318 δώσοντα.
1555 271 1579 315 ὅ
1609 274 1655 316 δὲ
1684 270 1762 315 linei

335 341 412 380 τοῦ
439 338 677 394 τραύματος
706 335 984 394 ἀμεληθέντος
1011 338 1085 381 καὶ
1121 339 1195 394 τῆς
1224 333 1352 393 ἄλλης
1385 341 1643 394 δυσπραγίας
1677 340 1767 382 ε’τε-

335 405 503 460 λεύτησε
538 402 693 457 μεταξύ
726 401 938 456 ἀγόμενος.
997 404 1172 459 Κράλης
1205 405 1251 446 δὲ
1279 406 1409 460 ἐφῆκε
1435 403 1508 460 τήν
1535 405 1657 448 πόλιν
1684 410 1766 454 τοῖς

294 468 605 525 Βστρατιώταις
632 467 889 523 διαρπάζειν·
922 469 994 512 καί
1024 468 1265 526 ε’πόρθησάν
1288 485 1331 512 τε
1353 468 1660 526 καίὲνέπρησαν
1690 468 1768 520 τὰς

335 538 479 585 οἰκίας·
513 538 594 576 τῶν
621 534 842 590 οἰκητόρων
867 537 913 578 δὲ
936 535 982 577 τὸ
998 539 1077 589 μὲν
1096 540 1289 578 πλεῖστον
1317 536 1390 578 καί
1407 531 1576 590 ἄριστον
1594 532 1798 590 ἔξήλασεξ

331 599 484 654 γυμνὸν
510 600 694 654 μάλιστα
715 602 758 642 ἐν
775 601 883 657 ἀκμῇ
904 605 979 644 τοῦ
995 605 1212 656 χειμῶνος,
1240 600 1493 658 Ἰανουαρίου
1523 596 1621 656 ἄρτι
1647 599 1768 643 ἱστα-

129 675 166 708 A.
181 672 215 706 C.
235 671 316 705 1351
333 669 459 719 μένου
480 698 491 719 ‚
532 668 604 707 καί
633 663 988 722 διεσκεδάσθησαν
1028 669 1135 709 κατὰ
1168 664 1382 723 Βέρῥοιαν
1417 669 1492 710 καί
1531 665 1607 717 τοὶς
1637 662 1768 717 ἄλλας

333 729 486 780 πόλεις.
546 730 570 773 ὅ
614 733 660 773 δὲ
703 727 857 787 ἄπορος
891 731 1132 776 παντάπασι
1162 736 1454 775 καταλέλειπτο
1488 733 1579 776 ἐκεῖ
1599 732 1671 775 ἐπὶ
1693 732 1767 782 τὰς

330 797 661 850 ὑπολειπομένας
696 797 950 854 καταφυγών
994 800 1137 848 οἰκίας.
1193 798 1323 848 αὐτὸς
1363 801 1411 842 δὲ
1443 797 1536 842 ἐπεὶ
1570 797 1644 841 καὶ
1675 814 1768 853 χει-

329 860 422 916 μών
446 864 657 917 ἐπεγένετο
687 864 893 916 ἐξαίσιος,
924 863 1119 920 φρουρὰν
1145 867 1216 907 ἐπὶ
1241 863 1314 919 τὴν
1353 862 1575 920 οἷκρὸπολιν
1602 869 1798 908 natam-t

330 927 450 981 πών,
498 927 603 982 πρὸς
629 927 705 983 την
734 930 865 970 οἰκίαν
907 926 1122 985 ἀνεχώρει.
1189 931 1348 984 ἐλέγετο
1376 932 1423 973 δὲ
1453 929 1535 973 {md
1561 932 1782 985 χειμῶνος

329 993 593 1049 στρατιώτας
623 1010 670 1036 τε
710 996 783 1036 καί
809 997 893 1036 τῶν
919 994 1189 1052 σκευοφόρων
1230 996 1466 1050 ὑποζυγίων
1508 999 1683 1039 πλεῖστα
1710 997 1769 1054 τῷ

329 1061 594 1117 στρατοπέδῳ
639 1061 924 1105 ἐναποθανεῖν.
990 1061 1191 1115 βασιλεύς
1227 1064 1275 1104 δὲ
1311 1064 1372 1111 εἰς
1398 1059 1631 1113 Βυζάντιον
1665 1064 1768 1105 ἑπα-

288 1123 492 1173 ρνελθών
520 1124 771 1168 ἐπυνθάνετο
806 1129 904 1183 περὶ
930 1130 1006 1170 τοῦ
1033 1130 1202 1170 Μυσῶν
1231 1130 1437 1181 βασιλέως
1460 1124 1768 1183 Ἀλεξάνδρου,

335 1187 402 1232 ὅτι
433 1195 603 1234 πλεῖστα
635 1192 787 1249 ἀνιῷτο
818 1192 886 1235 διὰ
919 1192 996 1248 την
1019 1196 1100 1236 τῶν
1126 1194 1355 1250 βαρβάρων
1381 1193 1532 1252 ἔφοδον
1560 1194 1800 1250 &neeocid-1

326 1272 448 1310 κητον
496 1261 765 1313 γεγενημένην
811 1258 885 1300 καί
921 1262 1097 1312 μέγιστα
1135 1259 1386 1302 κακώσασαν
1421 1261 1496 1316 τὴν
1521 1262 1598 1316 γῆν
1626 1261 1796 1314 αὐτοῧ.Ι

324 1320 546 1362 ὑπώπτευε
582 1324 628 1365 δὲ
660 1324 737 1364 ου’κ
765 1319 843 1380 ἀφ’
869 1322 1030 1366 ἑαυτῶν
1050 1322 1149 1374 τοὺς
1169 1325 1410 1380 βαρβάρους
1428 1327 1630 1379 ἐπελθεῖν,
1660 1323 1766 1368 ἀλλὰ

325 1388 531 1439 βασιλέως
559 1391 831 1440 πέμψαντος,
879 1388 903 1430 ὃ
943 1391 1016 1432 καί
1051 1391 1235 1442 μάλιστα
1273 1393 1399 1447 ἠνία,
1443 1388 1521 1445 ὅτι,
1549 1393 1768 1447 μηδεμίαν

325 1451 540 1508 πρόφασιν
558 1454 694 1495 αὐτοῦ
721 1455 826 1509 πρὸς
855 1454 925 1498 τὸν
951 1455 1132 1510 πόλεμον
1160 1458 1479 1513 παρεσχημένου
1495 1461 1675 1512 βασιλεῖ’,
1694 1476 1768 1501 πα-

325 1518 571 1571 ρασπονδῶν
607 1518 733 1568 αὐτὸς
759 1523 893 1570 κακῶς
923 1528 1039 1563 ποιεῖ’
1053 1521 1127 1577 την
1155 1521 1316 1578 χώραν.
1342 1525 1513 1576 πέμψας
1532 1526 1579 1566 δὲ
1606 1523 1628 1566 ὃ
1643 1527 1799 1578 βασι-α

325 1581 423 1631 λεύς
450 1583 677 1638 πρεσβείαν
697 1585 800 1640 πρὸς
820 1586 962 1640 αὕτὸν,
986 1590 1134 1643 πρῶτα
1153 1591 1230 1642 μὲν
1249 1591 1440 1644 περὶτῶν
1455 1592 1682 1646 βαρβάρων
1695 1592 1768 1646 τῆς

326 1646 486 1703 ἐφόδου
520 1650 773 1705 α’πελογεΐτο,
801 1651 861 1708 μη
891 1652 998 1694 κατά
1026 1655 1191 1709 γνώμην
1218 1655 1357 1712 ἐκείνῳ
1386 1658 1648 1710 γεγενῆσθαι,
1677 1653 1767 1698 ἄλλ’

326 1712 486 1763 αὐτούς
514 1714 592 1771 ἀφ’
628 1713 792 1759 ἑαυτῶν
816 1718 978 1771 μεγάλα
1008 1720 1280 1773 δυναμένους,
1308 1717 1411 1763 ἅττα
1439 1716 1489 1763 ἂν
1505 1723 1605 1778 δοκῇ
1621 1727 1768 1764 ποιεῖν.

324 1781 448 1820 τοῦτο
496 1781 542 1822 δὲ
576 1782 823 1836 συμβαίνειν
867 1779 914 1824 οὗ
947 1786 1109 1837 μᾶλλον
1147 1784 1219 1828 διὰ
1251 1786 1324 1842 τὴν
1365 1788 1533 1830 ἐκείνων
1569 1787 1797 1843 δύναμιν,ᾗ

419 1881 473 1906 ιι.
499 1869 645 1903 οἰκείαν
669 1868 722 1905 Μ.

324 1946 498 1980 audaciae
523 1952 770 1991 excepturum,
794 1946 878 1980 duci
901 1947 1096 1981 mandavit.
1145 1948 1218 1994 Qui
1243 1954 1280 1985 et
1303 1957 1451 1998 propter
1474 1954 1672 2000 neglectam
1699 1967 1766 1990 cu-

323 1994 504 2028 rationem
527 1994 688 2028 vulneris
731 1999 768 2027 et
803 1995 943 2039 alioqui
968 1999 1114 2040 propter
1138 1995 1236 2030 hunc
1260 2009 1379 2032 casum
1405 2011 1508 2034 suum
1529 2002 1568 2034 iu
1599 2003 1675 2049 ipsa
1705 2003 1779 2037 via-

323 2039 487 2073 decessit.
538 2040 660 2074 Crales
686 2041 796 2074 militi
834 2041 959 2075 urbem
996 2041 1262 2086 diripiendam,
1303 2046 1566 2081 incendendam
1594 2054 1766 2084 everten-

323 2085 479 2131 damque
509 2087 682 2131 permisit.
758 2087 958 2121 Incolarum
990 2099 1072 2133 pars
1108 2092 1261 2124 maxima
1299 2098 1336 2125 et
1369 2095 1585 2139 praecipua,
1625 2106 1766 2130 summa

320 2132 462 2174 hieme,
491 2143 585 2167 novo
610 2134 781 2166 nimirum
807 2135 997 2176 Ianuario,
1023 2135 1119 2168 nuda
1145 2139 1361 2183 expellitur,
1388 2150 1526 2186 perque
1550 2142 1764 2176 Berrhoeam

321 2183 359 2211 et
395 2179 484 2212 alias
519 2179 630 2212 urbes
667 2179 872 2223 dissipatur.
932 2181 1188 2226 Egentissimus
1219 2185 1373 2230 quisque
1406 2186 1452 2220 ad
1482 2187 1588 2222 aedes
1621 2190 1763 2223 relictas

320 2225 556 2270 confugiens,
594 2225 647 2258 ibi
681 2227 911 2271 relinquitur.
962 2229 1105 2269 Crales,
1132 2230 1250 2264 hieme
1279 2234 1487 2276 saeviente,
1517 2236 1688 2279 imposito
1724 2236 1779 2278 in¹

318 2282 436 2304 arcem
462 2271 664 2317 praesidio,
690 2272 833 2306 domum
861 2274 969 2309 redit.
1020 2278 1126 2310 Fama
1153 2278 1335 2322 vulgavit,
1360 2281 1495 2314 milites
1532 2286 1569 2315 et
1591 2283 1781 2316 animalia.

317 2319 479 2352 vector-ia
514 2319 671 2362 plurima
707 2319 850 2364 frigoris
887 2321 1085 2357 acerbitate
1112 2325 1149 2356 in
1176 2327 1297 2358 castris
1323 2333 1499 2365 emortua,
1553 2329 1764 2372 Byzantium

318 2375 482 2398 reversus
508 2365 706 2408 imperator
742 2367 787 2398 de
823 2365 1027 2401 Moesorum
1058 2380 1141 2415 rege
1177 2372 1379 2407 Alexandro
1405 2375 1567 2420 quaerit:
1602 2374 1781 2421 singula—L

317 2421 394 2444 rem
423 2412 557 2457 quippe
597 2423 640 2444 ex
668 2422 710 2445 eo
745 2413 1043 2448 moestitudinem
1069 2417 1258 2461 capiebat,
1301 2419 1398 2464 quod
1440 2421 1567 2454 Persae
1598 2422 1638 2456 in
1683 2424 1797 2458 eius-,v-

316 2468 462 2500 regnum
493 2459 682 2501 inopinato
708 2458 910 2500 irruentes,
940 2462 1076 2495 cladem
1104 2464 1137 2497 ci
1165 2466 1406 2509 gravissimam
1443 2467 1652 2503 intulerant.
1701 2469 1763 2503 ln-

316 2504 479 2538 cessebat
505 2506 602 2538 enim
636 2504 874 2538 Alexandrum
908 2509 1092 2552 suspicio,
1126 2521 1199 2544 non
1239 2518 1367 2557 suopte
1403 2517 1516 2554 nutu,
1551 2514 1614 2547 sed
1650 2515 1760 2550 missu
1775 2525 1785 2546 ν’

315 2550 545 2594 imperatoris
575 2551 748 2592 irrupisse
776 2552 972 2586 barbaros:
1000 2567 1092 2599 quae
1121 2567 1175 2589 res
1201 2557 1515 2593 vehementissime
1541 2560 1648 2594 illum
1680 2567 1789 2595 cru-i·

315 2597 447 2638 ciabat,
476 2598 573 2644 quia,
598 2608 679 2631 cum
705 2599 738 2630 ei
765 2599 903 2631 nullam
932 2611 1053 2634 ansam
1078 2602 1227 2636 hostilia
1260 2605 1489 2638 machinandi
1518 2608 1786 2651 praebui-‘menzv

314 2649 450 2685 tamen,
475 2650 681 2688 contempto
709 2645 866 2685 foedere,
897 2645 943 2679 ab
971 2656 1013 2680 eo
1038 2655 1239 2684 vexaretur.
1288 2652 1395 2684 Missa
1416 2652 1525 2695 igitur
1556 2650 1797 2698 legatione,.}q

314 2691 472 2735 primum
497 2691 644 2738 quidem
673 2691 717 2726 de
743 2692 949 2726 incursione
974 2693 1211 2730 barbarorum
1237 2696 1448 2742 respondit,
1488 2711 1562 2733 non
1590 2711 1668 2734 eam
1694 2703 1784 2735 suae

313 2737 500 2773 voluntate
525 2738 676 2781 factam,
700 2737 764 2773 sed
790 2739 886 2784 ipsos
910 2749 975 2785 per
999 2751 1037 2774 se
1061 2747 1253 2788 potente-«³,
1294 2744 1557 2790 cupiditatibus
1582 2748 1656 2783 suis
1680 2757 1776 2782 nlo-¹
