1794 3158
375 98 448 140 An
490 98 859 153 CANTAcqum
899 100 998 141 ιη’».
1041 101 1093 139 n.
1346 81 1453 154 503

22 206 161 264 afferte
177 206 314 240 contra
328 199 531 242 Palamam
548 217 621 254 pro
643 202 849 241 Barlaamo
867 208 970 241 stare
984 208 1210 254 coeperunt.
1243 202 1325 244 Nec
1347 203 1456 243 vide-

19 249 92 319 ξω·
124 256 165 294 ὶη
196 254 271 294 bac
298 257 456 308 prima
445 257 607 311 Synodo
633 257 684 296 de
710 257 963 299 distinctione
987 257 1229 296 substantiae
1257 265 1295 296 et
1323 271 1456 297 essen·

23 308 103 402 &ue
130 309 291 350 divinae·
316 310 577 376 disceptatum
605 311 755 361 fuisse,
786 311 853 350 sed
879 312 929 351 de
956 311 1040 351 solo
1067 311 1217 350 lumine
1236 312 1456 363 Thabmio,

29 363 116 414 icet
157 364 338 404 Palamas
365 368 444 405 iam
481 369 630 406 semina
658 366 820 405 alteiius
854 366 991 405 itidem
1020 368 1311 407 controversiae
1340 369 1456 407 iecis-

22 425 110 470 set,
139 426 185 457 ut
214 426 368 459 constat
397 435 442 461 ex
474 422 604 463 verbis
639 422 750 472 eius,
778 435 881 474 quae
913 420 1032 474 paulo
1061 429 1155 460 ante
1181 422 1449 461 recitavimus.

23 515 28 521 ,
102 473 289 514 Ceterum
316 475 399 515 sive
424 478 604 540 quaestio
627 475 722 514 haee
749 477 894 529 agitata
919 483 1004 514 tum
1033 477 1098 526 sit,
1128 477 1211 516 sive
1226 491 1322 524 non,
1344 477 1454 516 haud

23 525 142 581 longo
169 536 259 581 post
285 536 465 583 tempore
492 532 751 578 exstiterunt,
796 531 866 583 qui
897 529 1030 569 lumen
1065 531 1101 568 Γ
1105 531 1314 570 habormm
1343 546 1453 574 crea-

20 587 106 634 tum
147 597 230 622 esse
254 585 508 625 ostenderent
542 585 804 637 Palamaeque
829 587 1098 637 opinationem
1127 586 1176 624 de
1204 586 1456 626 distinctione

18 636 261 685 substantiae
291 645 329 678 et
357 641 595 693 operationis
631 639 790 679 divinae
817 638 976 693 publice
1008 647 1046 679 et
1083 641 1270 692 privatim
1300 641 1453 680 nefelle-

18 692 123 732 rent.
180 693 239 732 Ex
268 693 413 734 horum
442 708 610 733 numero
641 702 862 747 postremus
886 708 966 733 non
990 701 1074 733 erat
1098 695 1312 748 Gregorius
1336 696 1453 735 Acin-

18 745 150 800 dynus
178 749 410 788 monachus.
469 749 620 788 Conna
649 749 757 788 hunc
795 763 888 803 ergo
910 778 922 800 ,
966 755 1013 788 ut
1049 745 1245 788 Bailaami
1287 757 1454 790 sectato-

11 814 116 857 rem,
143 802 267 842 altera
297 804 482 857 Synodus
509 811 646 844 coacta
674 812 761 853 est,
791 804 840 843 de
871 818 950 857 qua
983 803 1279 843 Cantacuzenus
1311 805 1454 845 ultimo

11 851 110 895 libri
138 857 300 896 secundi
327 860 480 912 capite,
523 859 701 912 praeside
744 860 830 912 ipso
860 860 1163 909 Cantacuzeno,
1200 859 1331 898 adhuc
1369 875 1454 899 ma-

15 924 95 964 gno
120 911 443 963 domestico,una
471 928 560 953 cum
591 915 812 966 patriancha
833 911 996 964 Ioanne,
1015 916 1168 967 primae
1194 914 1330 953 :tidem
1347 915 1452 968 Syn-

15 965 83 1012 odi
123 967 314 1019 praeside.
371 969 417 1006 In
458 982 539 1022 qua
565 969 728 1022 Synodo
756 969 936 1007 Barlaam
970 969 1106 1007 denuo
1134 968 1346 1008 damnatus
1375 977 1448 1017 est,

9 1027 63 1071 ⁴ut
91 1027 131 1060 et
169 1021 405 1075 Acindynus
431 1031 471 1063 et
507 1031 703 1076 quotquot
732 1023 879 1062 horum
910 1025 1091 1076 partibus
1119 1024 1349 1074 studebant,
1383 1032 1453 1063 to-

15 1088 187 1128 musque
213 1077 441 1130 Synodicus
467 1079 698 1129 confectus,
729 1093 810 1131 quo
830 1108 842 1128 ,
881 1085 926 1117 ut
954 1079 1027 1130 ipsi
1057 1078 1298 1128 credebant,
1345 1087 1454 1118 recta

7 1137 58 1176 'et
77 1144 172 1169 sana
199 1130 387 1184 dogmata
417 1132 694 1172 constabilita.
724 1134 924 1172 contraria
956 1147 1052 1172 vero
1079 1133 1344 1172 anathematis
1379 1134 1452 1172 da-

17 1186 212 1224 mnationi
244 1187 419 1226 subiecta
453 1187 692 1238 sunt31icet
721 1188 1020 1227 Cantacuzenus
1048 1187 1153 1226 lib10
1180 1195 1351 1241 quarto,
1382 1202 1451 1227 ca-

17 1241 100 1293 pite
128 1241 318 1293 vigesimo
342 1242 473 1289 tertio,
504 1243 726 1294 significare
752 1242 935 1281 videatur
939 1244 1142 1305 ‘primum
1153 1249 1306 1281 tomum
1337 1257 1449 1282 com-

0 1295 189 1348 ¹positum
220 1295 401 1335 fuissem
405 1299 563 1363 prima
594 1297 785 1350 Synodo,
813 1296 884 1335 ἐπι
906 1295 958 1350 τῇ
987 1293 1210 1348 διαγνώσει
1234 1295 1454 1347 ’''Avdpom-

0 1349 91 1412 ζλκου
118 1348 324 1399 βασιλέως
350 1350 425 1389 τοῦ
453 1350 562 1390 νέου.
619 1351 698 1390 Sed
716 1352 840 1390 codex
868 1352 1151 1404 Augustanus,
1183 1353 1224 1389 in
1254 1365 1333 1404 quo
1362 1360 1451 1391 acta

0 1404 139 1445 vtotius
165 1407 459 1444 controversiae
488 1405 608 1444 huius
636 1408 905 1453 continentur,
938 1413 1091 1444 tomum
1115 1407 1290 1459 primum
1310 1407 1357 1445 ad
1386 1421 1451 1445 s«-

17 1459 190 1500 cundam
206 1459 414 1511 Synodum
443 1460 590 1500 diseite
616 1461 762 1511 refert,
795 1468 833 1499 et
862 1475 911 1499 eo
939 1475 1018 1499 non
1049 1461 1301 1499 incommode
1330 1461 1452 1499 veiha

0 1513 289 1564 *Cantaeuzeni
309 1515 413 1553 trahi
435 1523 615 1580 possunt,
634 1522 680 1554 nt
698 1523 738 1554 et
760 1515 981 1566 Philothei,
1002 1517 1071 1568 qui
1092 1523 1137 1554 ut
1157 1516 1453 1554 Cantacuzenus

15 1574 97 1607 tres
117 1571 274 1620 tomos(
293 1570 348 1607 sic
365 1570 470 1608 enim
490 1565 615 1620 ὅρους
635 1584 703 1608 seu
724 1570 970 1609 definitiones
991 1578 1030 1609 et
1044 1571 1201 1610 decreta
1221 1570 1370 1624 Synodi
1386 1583 1454 1608 no-

13 1622 169 1662 minant
172 1623 450 1676 ‚)conscriptos
468 1624 587 1663 dicit·
610 1627 782 1677 primum
803 1625 841 1662 in
861 1627 989 1677 prima
1010 1625 1071 1664 vel
1091 1625 1263 1664 secunda
1275 1625 1453 1678 Synodo,

0 1676 212 1716 alterum
203 1693 241 1716 in
254 1677 417 1732 Synodo
434 1680 565 1727 tertia,
586 1679 750 1730 quando
767 1680 934 1718 loannes
956 1680 1180 1731 patniarcha
1195 1694 1219 1718 e
1232 1679 1335 1718 solio
1349 1680 1450 1718 deie-

12 1739 101 1771 ctus
120 1740 206 1782 est3
236 1733 286 1771 de
300 1748 406 1786 qua
400 1734 561 1787 Synodo
581 1734 881 1773 Cantacuzenus
911 1733 1012 1772 libro
1040 1735 1172 1781 tertio,
1190 1741 1229 1772 et
1248 1748 1321 1772 nos
1340 1740 1452 1786 post-

13 1801 92 1826 ea·
81 1817 93 1838 ,
135 1787 313 1837 tertium,
355 1789 397 1826 in
417 1795 570 1851 'quarta
601 1788 781 1842 Synodo,
812 1788 862 1827 de
887 1803 966 1841 qua
994 1788 1182 1827 historiae
1209 1788 1326 1826 huius
1347 1789 1454 1827 libro

12 1850 180 1895 quarto,
230 1843 358 1895 capite
386 1843 578 1895 vigesimo
623 1851 776 1896 quarto
837 1843 917 1881 Tot
956 1844 1062 1881 enim
1100 1843 1250 1896 Synodi
1290 1850 1451 1882 coactae

11 1905 106 1936 sunt
133 1898 173 1935 in
205 1910 323 1936 causa
361 1897 557 1936 Barlaami
591 1905 629 1936 et
666 1897 865 1951 Acindyni
906 1904 945 1936 et
984 1897 1178 1947 aliorum,
1217 1898 1285 1950 qui
1322 1899 1447 1935 insci-

10 1953 89 1991 tiae
115 1950 306 1990 Palamae
341 1966 424 1991 sese
466 1953 752 2005 opponebant:
787 1953 857 2004 qui
885 1959 930 1990 nt
958 1952 1006 1991 de
1040 1951 1194 1991 lumine
1224 1952 1447 1998 Thaborio‚

9 2007 64 2045 ita
93 2013 132 2045 et
162 2006 214 2044 de
239 2006 493 2046 distinctione
517 2007 761 2046 substantiae
790 2014 829 2045 et
855 2008 1020 2045 actionis
1040 2007 1200 2046 divinae
1218 2009 1451 2060 guavissime

10 2060 277 2100 hallucinatus
304 2069 375 2110 est,
404 2069 443 2100 et
472 2076 564 2101 cum
593 2062 664 2100 illo
694 2062 792 2100 haec
820 2061 1065 2114 quadruplex
1094 2062 1303 2115 Synodus;
1342 2063 1449 2100 veri-

11 2122 72 2154 tas
103 2116 207 2155 enim
240 2116 423 2164 dicenda,
456 2131 535 2156 non
565 2118 720 2155 silentio
746 2116 927 2169 tegenda.
986 2117 1232 2155 Sententiam
1263 2116 1452 2155 Palamae

9 2173 136 2223 aperit
163 2171 277 2210 nobis
304 2185 396 2210 cum
437 2171 706 2220 philotheus,
746 2178 832 2209 tum
876 2171 1008 2210 David
1045 2171 1294 2222 monachus,
1336 2173 1450 2208 cuius

9 2239 81 2265 ver
83 2225 146 2274 ba,
164 2232 303 2277 utpote
319 2227 527 2290 pauciora,
536 2226 759 2265 adscribere
776 2225 924 2278 placet:
958 2224 1186 2288 α’μὲθεκτος
1200 2225 1279 2275 μέν
1295 2224 1406 2263 ἐστιν
1422 2220 1448 2276 ἢ

10 2279 135 2319 odola
155 2280 230 2318 τοῦ
248 2280 352 2318 &mv
369 2295 438 2319 και
473 2277 649 2329 ἀόρατος
674 2294 797 2347 πασῃ
811 2280 938 2319 κτίσει
957 2293 1025 2318 και
1055 2274 1197 2325 αυτοῖς
1217 2283 1304 2325 τοῖς
1326 2274 1449 2333 ἄγγε’-

9 2336 96 2380 λοις
113 2363 124 2382 ,
151 2330 332 2385 μεθεκτή
359 2333 404 2373 δὲ
432 2332 462 2398 ᾖ
482 2335 687 2401 ἐνέργεια
687 2349 754 2373 και
775 2332 807 2402 »Z
828 2347 955 2388 χαρις
976 2333 1107 2373 αὐτοῦ
1125 2332 1148 2386 ἡ
1169 2331 1376 2382 θεοποιός,
1399 2334 1452 2384 ἡς

7 2388 234 2451 μετέχςυσι
259 2402 327 2426 και
360 2385 397 2427 οἱ
426 2392 587 2453 αγγεὶοι
616 2403 682 2428 και
715 2385 753 2427 οἱ
778 2384 905 2439 ἅγιοι,
934 2389 1210 2454 μετεχομένης
1239 2383 1319 2425 ὑπὸ
1353 2385 1449 2426 τού-

10 2458 93 2482 των
123 2437 356 2509 ‹Il—’momnis‘
384 2442 473 2482 ἐστι
501 2440 626 2482 πάλιν
656 2444 727 2509 τῆς
754 2443 870 2491 θείας
899 2441 1046 2491 ουσίας
1081 2440 1153 2481 καί
1186 2441 1450 2491 α’ὅιαίρετος·

11 2493 83 2536 διὰ
115 2497 236 2535 τοῦτο
265 2510 340 2535 ουκ
366 2494 449 2537 εἰσι
476 2496 552 2536 δύο
584 2495 677 2536 θεοι
697 2493 723 2549 ἢ
753 2493 828 2536 δύο
857 2497 1066 2559 θεότητες·
1099 2491 1236 2559 ω’σπερ
1267 2494 1347 2547 γᾶρ
1379 2494 1450 2534 ἐπὶ

12 2565 85 2591 του
115 2551 321 2614 αισθητοῦ
347 2549 467 2615 ἡλίου
497 2547 517 2590 ὃ
548 2551 630 2618 ,1¹ch
654 2550 791 2599 δίσκος
819 2551 949 2591 αὐτοῦ
977 2546 1196 2600 ἄψαυστός
1225 2549 1311 2589 ἐστι
1343 2564 1447 2588 παι-

11 2605 139 2650 τεὶῶς
177 2606 270 2644 καθ’
304 2600 455 2645 ἑαυτὸν
494 2607 566 2645 καί
604 2602 817 2673 ἆχιόρητος
855 2611 940 2651 τοῖς
972 2603 1021 2643 ὁ
1005 2607 1234 2658 θαλμοῖς·
1286 2599 1338 2643 ἀν
1366 2599 1446 2654 ya'o

13 2674 74 2709 τις
103 2659 351 2712 ἐπλησίασεν
373 2658 500 2716 avus,
541 2657 708 2712 ἔμελλεν
740 2641 1032 2716 ἀφαιρεθῆναί
1062 2673 1104 2699 τε
1141 2672 1213 2711 την
1251 2655 1449 2710 ὁοατικην
