1794 3158
349 172 462 238 416
852 183 1264 228 ΛΝΝΟΤΑΤιοΝΕε

347 305 453 339 mus,
489 289 646 330 tametsi
691 302 715 328 a
753 287 884 328 verbis
905 286 1194 336 ffliscessimus,
1222 285 1330 340 quod
1371 285 1478 326 bono
1515 286 1782 330 etflaudabili

350 347 558 399 interpreti
587 357 702 397 saepe
747 342 974 381 faciendum
1014 348 1088 380 est.
1153 341 1238 380 Nos
1288 343 1321 380 si
1357 341 1398 379 id
1438 343 1564 382 rarius
1601 343 1782 396 fecimus,

349 403 484 440 timori
517 407 677 448 nostro,
717 399 785 450 qui
825 398 998 450 primum
1039 397 1082 435 in
1128 394 1205 436 hoc
1236 396 1482 436 curriculum
1521 397 1779 451 ingredimur,

351 455 502 509 aliquid
538 453 796 493 condonetur.
827 465 993 491 ΡοΝΤΑΝ.

458 509 563 561 Pag.
599 506 687 558 154,
725 521 786 546 12.
822 501 976 552 αὐτούς
1004 519 1049 545 τε
1081 506 1139 545 Μ.
1250 545 1252 549 ,

458 564 562 616 Pag,
598 561 686 612 155,
718 575 755 601 2.
783 556 900 613 ἡμῶν
931 561 990 600 Μ.
1019 575 1094 615 mg.
1131 572 1202 615 pro
1244 554 1365 612 ἡμῖν,
1393 567 1432 600 et
1466 561 1509 600 in
1538 566 1649 602 textu
1688 562 1781 604 add.

351 615 450 670 ἡμῖν
477 625 565 669 post
595 613 1005 667 ἐπιστρατεύσαντες.

455 672 565 724 Pag.
603 671 689 721 155,
717 670 757 713 6.
788 669 928 710 αὐτῶν
958 672 1015 709 Μ.
1041 685 1115 724 pro
1144 666 1260 711 ἴσων.

459 727 571 780 Pag.
609 725 699 774 155,
739 724 798 776 14.
828 724 885 779 τῷ
919 725 1010 764 add.
1044 728 1099 766 M.
1129 741 1207 778 mg.
1248 731 1340 764 ante
1371 723 1472 780 θεῷ.

456 781 560 835 Pag.
600 779 689 829 155,
726 782 789 821 18.
819 779 1133 830 βουλευομένοις
1160 782 1217 821 Μ.
1249 793 1424 834 quoque.

458 836 566 889 Pag.
602 835 690 889 157,
723 834 862 886 4.(1εῑ
882 830 958 884 τήν
986 830 1151 887 εἰρήνην
1179 837 1237 873 Μ.

453 893 554 944 Pag.
593 890 682 944 157,
719 888 778 940 14,
847 888 945 928 uod
980 891 1114 928 enim
1145 889 1349 929 duabus
1391 890 1776 931 animantibus.

351 943 487 988 Εἰκών
512 954 550 985 et
582 944 770 999 parabola
802 904 954 994 sativa,
980 958 1058 997 qua
1086 951 1324 983 nocumenta
1351 945 1616 985 subiectorum
1638 960 1684 985 ex
1701 947 1780 986 dis-

342 1003 490 1042 cordiis
518 1008 558 1040 et
590 1000 703 1039 bellis
749 1001 974 1053 principum
1004 1014 1048 1038 ac
1078 999 1330 1038 dominorum
1357 1000 1532 1039 breviter
1550 1001 1774 1055 depingun-

346 1065 427 1099 tur.
482 1056 715 1096 Animantia
742 1069 885 1107 magna
913 1063 951 1093 et
981 1055 1146 1093 robusta
1177 1056 1335 1107 accipe,
1381 1055 1492 1094 verbi
1521 1057 1648 1109 gratia
1676 1056 1778 1096 duos

343 1120 497 1161 tauros,
531 1111 710 1165 qualium
735 1124 909 1163 pugnam
936 1109 1128 1162 Virgilius
1159 1109 1352 1149 describit
1381 1109 1451 1154 lib.
1489 1124 1548 1153 12.
1576 1124 1751 1156 ΡοΝΤΛΝ.

454 1167 562 1219 Pag.
597 1166 686 1218 157,
717 1179 781 1207 20.
811 1162 996 1218 διαμείνῃ
1025 1166 1081 1207 Μ.
1111 1179 1232 1218 supra
1268 1165 1338 1205 lin.

454 1222 561 1275 Pag.
601 1219 690 1267 158,
724 1233 789 1260 22.
828 1219 919 1258 vel
963 1234 1070 1258 cum
1119 1234 1168 1258 se
1226 1220 1398 1259 laesos
1436 1228 1675 1275 putant,
1723 1229 1780 1261 ut

344 1278 588 1317 iniurias
619 1275 969 1316 ulciscantur.
1007 1275 1154 1313 Causas
1186 1274 1280 1314 belli
1303 1276 1401 1314 duas
1428 1278 1557 1330 ponit,
1584 1275 1778 1315 ultionem

342 1333 512 1372 iniuriae
556 1338 596 1370 et
637 1331 846 1370 avaritiam
890 1330 972 1370 sive
1010 1330 1269 1382 cupiditatem
1313 1331 1512 1370 bonorum
1541 1330 1775 1370 alienorum.

341 1387 494 1427 Multos
522 1388 640 1425 etiam
670 1385 774 1424 bella
806 1399 920 1437 saepe
937 1392 1100 1438 propter
1124 1385 1271 1438 gloriae
1299 1387 1554 1439 cupiditatem
1580 1387 1794 1438 quaesisse

342 1442 440 1481 dicit
473 1455 504 1484 1.
530 1440 650 1480 Offic.
674 1442 730 1483 M,
755 1439 945 1479 Tullius:
1005 1439 1132 1495 Atque
1171 1441 1218 1479 id
1253 1443 1294 1479 in
1323 1443 1482 1494 magnis
1523 1442 1674 1480 animis
1712 1441 1777 1480 in-

338 1497 539 1551 geniisque
568 1497 800 1550 plerumque
825 1495 1015 1547 contingit
1029 1525 1039 1543 ‚
1079 1509 1198 1549 eoque
1233 1498 1385 1548 magis,
1416 1498 1453 1534 si
1493 1505 1581 1535 sunt
1604 1496 1667 1534 ad
1692 1510 1775 1534 rem

338 1552 560 1590 militarem
591 1551 680 1603 apti
705 1559 743 1589 et
767 1550 900 1604 cupidi
935 1551 1122 1589 bellorum
1155 1551 1427 1602 gerendorum,
1485 1551 1775 1591 Verumtamen

339 1620 432 1644 cum
459 1606 564 1644 idem
590 1605 748 1644 Tullius
775 1606 816 1642 in
845 1605 921 1644 hoc
951 1605 1091 1644 ordine
1119 1619 1185 1643 eos
1221 1612 1403 1644 numeret
1420 1635 1432 1655 ,
1472 1605 1540 1659 qui
1571 1606 1621 1644 de
1649 1607 1776 1658 impe-

338 1662 402 1700 rio
432 1661 705 1709 decertarunt,
746 1666 792 1698 ut
818 1659 1150 1713 Carthaginenses
1193 1667 1233 1698 et
1273 1661 1467 1709 Romani,
1509 1667 1639 1713 potest
1676 1660 1773 1713 dici,

338 1729 406 1754 eos
434 1716 640 1754 avaritiam
667 1716 750 1753 sive
781 1715 1038 1766 cupiditatem
1073 1707 1167 1752 belli
1195 1728 1354 1754 causam
1395 1729 1561 1769 eamque
1587 1715 1774 1756 iniustam

336 1769 538 1812 habuisse.
593 1770 806 1808 Praeterea
833 1783 924 1808 cum
964 1769 1070 1807 idem
1100 1766 1295 1819 affirmat,
1333 1771 1481 1810 nullum
1515 1770 1661 1809 bellum
1696 1785 1775 1810 esse

337 1826 479 1864 iustam
496 1854 506 1872 ‚
542 1824 620 1863 nisi
647 1824 758 1879 quod
795 1833 863 1863 cmc
892 1824 1004 1863 rebus
1031 1825 1202 1878 repetitis
1231 1833 1398 1876 geratur·
1421 1855 1432 1873 ,
1463 1834 1531 1864 aut
1561 1825 1774 1864 denuntia-

337 1888 419 1918 tum
444 1888 537 1918 ante
566 1880 619 1917 sit
642 1887 680 1918 et
706 1878 895 1918 indictum
906 1908 923 1925 ,
951 1878 1112 1918 videtur
1126 1878 1319 1919 divisione
1346 1894 1486 1932 parum
1513 1879 1638 1933 proba
1662 1894 1775 1919 usus.

341 1934 449 1973 Nam
496 1934 681 1987 quamvis
722 1941 836 1973 antea
877 1933 1135 1972 denuntietur
1175 1942 1214 1973 et
1254 1935 1453 1974 indicatur
1478 1963 1491 1986 ,
1543 1942 1673 1988 potest
1709 1942 1773 1974 ta-

341 2002 435 2028 men
463 1989 606 2028 iniuste
634 1988 756 2028 indici
796 2003 843 2028 ac
874 1988 1115 2031 denuntiari.
1176 1990 1308 2028 Iustae
1347 1990 1467 2042 igitur
1502 2003 1643 2029 causae
1670 1989 1774 2043 duae

342 2042 419 2082 hae
446 2044 756 2098 relinquuntur3
784 2043 849 2085 vel
875 2050 922 2083 ut
949 2045 1115 2084 iniurias
1137 2059 1448 2099 persequamur-3
1473 2045 1538 2087 vel
1564 2051 1610 2084 ut
1637 2051 1772 2084 nostra

343 2103 541 2138 tueamur.
570 2112 742 2139 PONTAN.

452 2153 554 2206 Pag.
591 2153 685 2206 159,
721 2167 784 2193 11.
813 2148 858 2192 τὸ
887 2167 967 2194 0111.
997 2154 1057 2193 M.

451 2207 558 2261 Pag.
591 2210 681 2261 159,
712 2222 776 2251 21.
807 2206 1204 2261 ἐξαπατηθήσεσθαι
1224 2210 1282 2250 Μ.

452 2261 559 2315 Pag.
593 2263 683 2313 160,
711 2277 750 2317 9.
777 2260 1058 2314 ἀναγαγόντας
1071 2265 1128 2303 Μ.
1157 2272 1195 2304 et
1219 2265 1245 2306 1.
1269 2280 1326 2309 10.
1349 2263 1502 2320 ἕγχειρ.
1522 2260 1580 2321 τῷ
1595 2265 1769 2317 βασιλεῖ.

453 2315 560 2368 Pag.
595 2317 685 2368 160,
719 2317 782 2369 14.
818 2317 1152 2370 ἀποκρινομένων
1180 2322 1237 2362 Μ.

452 2369 564 2422 Pag.
597 2371 689 2423 161,
724 2386 784 2416 ιο.
812 2366 1007 2426 ἑσπερίοις
1037 2374 1093 2412 Μ.
1121 2388 1240 2428 supra
1267 2374 1338 2415 lin.

451 2424 562 2477 Pag.
598 2426 688 2477 161,
725 2441 784 2481 17.
814 2421 902 2466 ἀλλ’
932 2425 1049 2482 αὐτῷ
1077 2428 1158 2468 τῶν
1185 2431 1225 2481 β.
1258 2432 1317 2470 Μ.

453 2478 563 2531 Pag.
601 2480 689 2527 162,
727 2482 788 2521 18.
834 2491 996 2521 tecum
1057 2486 1247 2524 vivere
1318 2486 1482 2526 iuxta
1531 2498 1588 2524 ac
1643 2485 1770 2523 mori

344 2546 441 2573 non
473 2547 716 2578 recusem.
775 2536 904 2576 Immo
921 2541 1119 2578 recusavit
1135 2547 1175 2578 et
1193 2540 1335 2579 defecit
1358 2541 1541 2592 turpiter,
1571 2546 1617 2578 ut
1632 2539 1769 2578 videre

342 2594 404 2627 est
430 2586 535 2627 libro
561 2590 706 2638 tertio,
754 2592 1092 2643 quemadmodum
1131 2602 1172 2633 et
1206 2596 1445 2648 Syrgiaunes
1464 2625 1474 2642 ‚
1515 2594 1673 2647 deffiquo
1704 2607 1768 2632 su-

344 2655 431 2695 pra.
485 2642 601 2682 Solus
629 2658 673 2682 ex
700 2644 828 2684 tribus
857 2648 1102 2686 amicissimis
1129 2649 1422 2689 Cantacuzenus
1450 2651 1490 2688 in
1522 2649 1599 2688 fide
1629 2649 1767 2701 persti-

345 2697 395 2735 tit
415 2710 557 2790 tusque
595 2698 647 2736 ad
686 2706 917 2742 extremum.
974 2695 1006 2743 ὦ
1039 2701 1155 2756 ‹pff-oc
1184 2702 1501 2759 οὖδείςξφίλος,
1534 2705 1663 2745 aiebat
1696 2705 1766 2746 So-

346 2765 415 2797 cra
431 2765 488 2795 es.
520 2762 692 2798 roxum.
