1800 3164
552 182 927 227 HlsTomARUM
969 186 1039 225 iv.
1072 190 1111 230 1.
1526 185 1564 238 9

128 280 222 336 υἶὸν
247 292 321 347 τῆς
348 290 482 346 α’ρχῆς
509 283 775 342 οἷποστερεΐν,
817 284 923 329 ἀλλὰ
966 287 1100 329 πάντα
1143 287 1431 342 συκοφαντίας
1465 281 1766 339 εἶναιΑ.Ο.ι347

127 361 203 402 καί
233 356 432 412 διαβολάς
466 353 727 403 πλασθείσας
756 352 836 395 ὑπὸ
869 356 953 396 τῶν
982 351 1188 396 εἰπόντων.
1244 354 1398 395 ἐκεῖνον
1424 354 1470 394 δὲ
1491 368 1576 394 τοι-

128 424 262 481 αύτην
291 421 461 478 γνώμην
488 422 666 477 ἐξαρχῆς
700 418 834 474 ἔχειν,
869 419 925 469 ὥς
952 419 1088 462 πάντα
1121 419 1247 462 πόνον
1273 420 1575 473 ὑπομενοῦντα,

127 490 203 533 καί
231 487 455 543 σύμπαντα
489 483 570 530 δ’σα
596 487 757 543 προσῆν
786 485 985 542 χρήματα
1012 483 1357 528 καταναλώσοντα
1376 485 1483 541 ὑπὲρ
1503 487 1576 541 τῆς

91 555 334 614 5ὤφελείας
361 556 459 598 τῶν
476 555 623 596 κοινῶν
651 555 724 595 καί
770 553 902 606 αὐτῆς
937 554 1010 608 τῆς
1033 554 1249 606 βασιλίδος
1276 552 1348 594 καί
1367 553 1451 594 τῶν
1477 554 1576 593 παί-

126 624 212 666 δων
255 620 329 664 καί
367 623 575 677 σφετέρας
603 618 808 671 εὐδοξίας,
841 619 981 672 μένων
1021 620 1092 661 ἐπὶ
1130 617 1360 674 σχήματος.
1429 617 1613 660 ἔπειταΒ

128 687 287 738 πολλὰς
324 688 600 743 εὐχαριστίας
637 687 838 729 α’πεδίδου
867 686 966 743 θεῷ,
1005 682 1069 727 ὅτι
1104 687 1186 736 ζιόν
1214 688 1274 736 εἰς
1309 683 1465 740 ταύτην
1497 680 1572 739 ἧκε

124 754 202 810 τήν
237 754 420 811 ἡμέραν,
461 749 552 808 ἣτις
591 750 844 804 ἀπαλλάξειε
873 751 1126 808 σαφέστατα
1152 754 1237 794 τῶν
1276 753 1574 808 συκοφαντιῶν

125 820 199 863 καὶ
223 823 306 864 τῶν
334 821 491 863 ἀδίκων
519 816 806 875 ἐγκλημάτων,
842 817 980 875 ἔργοις
1009 820 1153 867 αὐτοῖς
1185 818 1418 874 ποιήσαντα
1448 835 1574 860 κατα-

66 902 113 930 10
126 890 244 945 φανῆ
273 885 348 943 τήν
373 902 419 930 τε
450 889 536 929 τῶν
564 884 762 928 εἰπόντων
793 886 1036 940 μοχθηρίαν
1056 886 1131 926 καί
1148 882 1226 939 την
1247 886 1474 926 ἐπιείκειαν
1497 879 1575 926 αὖ-

124 957 215 998 τοῢ.
269 952 415 996 ἔπειτα
452 951 645 1011 εἰσῄεσαν
682 949 774 1005 ἅμα
800 951 989 1005 βασιλίδι
1024 953 1097 993 καί
1125 954 1299 1005 βασιλεῖ’
1319 952 1377 1008 τῷ
1408 951 1487 1007 υἱῷ
1515 952 1576 1000 εἰς

123 1019 200 1076 τὴν
227 1020 385 1072 οἰκίαν,
403 1019 430 1075 ἣ
448 1018 760 1075 παρεσκεύαστο
789 1017 894 1074 πρὸς
923 1017 1000 1073 την
1027 1021 1105 1060 τοῦ
1122 1020 1330 1072 βασιλέως
1346 1016 1577 1072 ὑποδοχήν.

97 1079 99 1081 ’
123 1089 198 1129 καί
226 1082 336 1129 ἄλλα
369 1102 414 1129 τε
445 1087 741 1142 διειλέχθησαν
769 1085 868 1140 περὶ
891 1087 972 1127 τῶν
1004 1083 1286 1141 πραγμάτων,
1316 1082 1390 1126 καί
1409 1083 1575 1138 Ἑλένην

121 1153 196 1210 τήν
215 1155 351 1195 αὐτοῦ
378 1154 597 1208 θυγατέρα
629 1154 687 1210 τῷ
706 1154 782 1210 νέῳ
813 1149 1106 1207 κατηγγύησαν
1133 1155 1311 1205 βασιλεῖ.
1366 1146 1477 1192 ἑάλω
1493 1149 1575 1206 γὰρ

32 1211 260 1262 αδαῦτοῦ
292 1218 504 1275 κατάκρας
542 1215 678 1268 εὖθὺς
718 1218 742 1260 ὅ
786 1219 1064 1274 πρεσβύτερος
1105 1215 1330 1272 βασιλεὺς,
1366 1219 1418 1258 οὐ
1444 1215 1576 1270 μόνον

123 1285 195 1329 διὰ
222 1286 298 1342 τὴν
323 1284 430 1341 πρὸς
455 1284 527 1328 τὸν
554 1286 715 1341 πατέρα
747 1280 936 1338 εὔνοιαν,
976 1285 1067 1327 ἀλλ’
1103 1280 1171 1326 ὅτι
1198 1282 1271 1326 καί
1301 1282 1429 1326 αὐτὸν
1461 1280 1576 1338 ἑώρα

122 1354 289 1408 δοχεῖον
317 1347 370 1395 ἄν
401 1368 466 1400 τις
493 1347 582 1393 εἶπε
605 1354 795 1407 χαρίτων
820 1353 1109 1397 παντοδαπῶν.
1179 1351 1230 1392 οὕ
1261 1347 1386 1403 μόνον
1406 1349 1486 1405 γάρ
1516 1346 1618 1396 εἶ-(ζ

122 1421 194 1470 δος
224 1416 339 1471 ἄξιον
368 1420 632 1460 ἐπεδείκνυτο
662 1417 918 1474 τυραννίδος,
953 1416 1060 1460 ἄλλα
1084 1419 1156 1459 καί
1173 1415 1280 1470 πρὸς
1302 1417 1480 1472 ἀνδρίαν
1503 1414 1578 1457 καί

120 1484 290 1528 σύνεσιν
318 1486 394 1526 οὐκ
422 1485 604 1540 ἀγεννεῖς
635 1484 868 1541 ὑπέφαινεν
896 1484 1093 1533 ἐλπίδας·
1150 1482 1179 1526 οἳ
1207 1486 1281 1525 καί
1312 1485 1371 1532 εἰς
1401 1480 1574 1538 ὕστερον

57 1569 110 1596 20
122 1553 244 1607 ἐξέβη
275 1555 364 1594 κατ’
393 1553 581 1600 ἐλπίδας.
638 1553 806 1594 συνέσει
824 1567 868 1593 τε
896 1550 976 1607 γὰρ
1008 1549 1180 1600 ου’δενὸς
1206 1551 1476 1592 α’πολείπεται
1494 1551 1576 1591 ταῖν

121 1614 339 1673 προγόνων
365 1620 600 1671 βασιλέων,
644 1616 719 1659 καί
743 1617 820 1673 τὴν
849 1614 1064 1671 εὐψυχίαν
1091 1619 1164 1658 καί
1197 1617 1275 1672 την
1303 1615 1465 1669 τόλμαν
1494 1613 1575 1669 οὐχ
1590 1624 1707 1670 v.567

115 1682 253 1738 ἅπαξ,
285 1680 393 1727 ἄλλά
423 1685 500 1726 καί
524 1682 721 1734 πολλάκις
750 1685 984 1734 ἐπεδείξατο
1015 1689 1098 1733 τοῖς
1128 1685 1360 1737 πολεμίοις.
1409 1684 1467 1733 εἰς
1495 1683 1572 1736 τὴν

117 1747 347 1807 ὑστεραίαν
375 1751 422 1792 δὲ
449 1752 636 1793 ἐκέλευεν
664 1749 688 1792 δ
718 1749 921 1804 βασιλεὺς
945 1750 1043 1800 τούς
1070 1766 1116 1792 τε
1137 1751 1251 1808 αὐτῷ
1274 1747 1479 1799 συνόντας
1497 1747 1577 1800 ἔξω

212 1843 246 1877 3.
270 1839 374 1886 ἔχειν
400 1850 470 1873 om.
496 1841 530 1873 P.
624 1853 657 1886 9.
684 1840 901 1886 καταφανὲς
924 1841 959 1875 Ρ.

118 1921 193 1953 illis
218 1920 357 1954 bellum
382 1927 608 1956 moveretur:
633 1932 754 1967 neque
780 1931 859 1953 eam
889 1931 968 1954 cum
987 1921 1062 1954 filio
1083 1921 1301 1967 imperatore
1318 1923 1472 1967 imperio
1490 1933 1576 1968 spo-

117 1968 210 2001 liare
236 1968 311 2001 ullo
349 1967 459 2000 modo
487 1969 712 2013 cogitavisse,
748 1968 812 2002 sed
838 1969 959 2001 omnia
991 1979 1107 2007 meras
1134 1980 1211 2003 esse
1237 1969 1479 2004 fabulantium
1507 1970 1578 2002 cri-

118 2015 339 2048 minationes
374 2015 620 2061 confictasque
651 2016 859 2049 calumnias.
910 2015 989 2048 Sibi
1013 2015 1101 2049 inde
1128 2016 1174 2050 ab
1203 2017 1312 2050 initio
1339 2018 1452 2050 fuisse
1488 2029 1575 2062 pro-

117 2062 277 2107 positum
306 2063 470 2108 quemvis
487 2063 647 2097 laborem
663 2063 803 2103 subire,
831 2067 868 2095 et
886 2067 1064 2109 quantum
1080 2069 1257 2109 quantum
1277 2063 1432 2097 haberet
1450 2068 1573 2108 op‘um,

95 2106 167 2142 'ad
200 2120 427 2143 communem
464 2111 704 2154 imperatricis
741 2110 975 2154 filiorumque
1009 2110 1167 2144 fructum
1199 2122 1240 2144 ac
1274 2122 1373 2144 suam
1410 2111 1573 2156 denique

117 2157 268 2201 gloriam
295 2157 333 2189 in
356 2158 495 2203 privato
519 2157 650 2191 habitu
675 2163 883 2191 manentem
908 2156 1132 2202 impendere.
1181 2158 1308 2191 Postea
1334 2160 1413 2193 Deo
1441 2159 1572 2203 exqui-

99 2204 206 2237 ‘sitas
230 2205 303 2248 agit
327 2205 471 2249 gratias,
503 2215 585 2237 cum
610 2206 711 2238 vivus
736 2203 783 2236 ad
812 2204 916 2237 illum
942 2204 1039 2237 diem
1064 2206 1287 2249 pervenerit,
1325 2216 1369 2238 ex
1393 2217 1467 2251 quo
1496 2218 1571 2238 ma-

115 2250 352 2285 nifestissime
389 2252 716 2286 obtrectationibus
749 2257 786 2285 ct
810 2251 954 2285 iniustis
978 2253 1270 2288 accusationibus
1298 2253 1392 2286 liber
1426 2254 1571 2286 futurus

115 2299 186 2338 sit,
219 2309 299 2331 cum
334 2299 440 2333 rebus
475 2299 563 2345 ipsis
598 2299 882 2332 obtrectatorum
915 2299 1120 2345 nequitiam
1148 2300 1439 2345 modestiamque
1467 2311 1571 2333 suam

115 2346 237 2390 palam
263 2344 464 2379 declararit.
516 2347 610 2379 Tum
636 2357 708 2379 una
735 2357 816 2379 cum
843 2347 1005 2390 Augusta
1033 2352 1070 2380 et
1088 2346 1165 2380 filio
1183 2348 1403 2392 imperatore
1425 2348 1462 2380 in
1483 2359 1571 2380 cou—

114 2393 215 2425 clave
247 2391 317 2425 sibi
355 2398 518 2437 paratum
546 2395 726 2437 ingressus
754 2399 817 2426 est.
868 2393 924 2426 Ibi
949 2404 1064 2426 sermo
1094 2394 1263 2427 inductus
1290 2394 1336 2427 de
1362 2406 1399 2427 re
1425 2393 1570 2438 publica

117 2445 156 2472 et
179 2439 405 2473 adolescenti
435 2439 616 2484 desponsa
643 2440 778 2474 Helena
806 2440 893 2478 filia,
944 2439 1075 2484 Coepit
1100 2442 1197 2474 enim
1222 2442 1344 2475 statim
1372 2440 1569 2475 vehemen-

114 2487 255 2519 tissime
280 2487 448 2520 iuvenem
473 2487 639 2532 diligere,
666 2498 740 2520 non
766 2487 883 2520 solum
909 2486 956 2520 ob
981 2498 1152 2529 amorem,
1179 2500 1251 2535 quo
1274 2490 1312 2523 in
1335 2494 1472 2534 patrem
1492 2490 1572 2522 eius

114 2532 251 2575 suerat,
278 2534 342 2566 sed
370 2535 478 2567 etiam
505 2534 603 2581 quod
629 2534 776 2568 videbat
805 2544 882 2567 esse
912 2534 1119 2567 Gratiarum
1146 2537 1431 2580 omnigenarum,
1457 2541 1498 2568 ut
1522 2538 1572 2568 ita

118 2580 256 2621 dicam,
289 2581 527 2619 domicilium,
584 2582 659 2614 Nec
689 2583 786 2614 enim
812 2582 927 2614 forma
954 2581 1142 2615 dumtaxat
1166 2584 1199 2617 ei
1226 2583 1345 2616 inerat
1371 2582 1478 2626 (ligna
1503 2583 1571 2616 im-

114 2627 239 2671 perio,
263 2639 386 2662 verum
413 2629 520 2662 etiam
543 2628 771 2662 fortitudinis
797 2633 907 2674 atque
939 2629 1158 2673 prudentiae
1183 2641 1258 2663 non
1282 2631 1461 2675 vulgarem
1487 2641 1571 2673 prae

116 2684 156 2707 se
181 2674 324 2707 ferebat
348 2675 534 2709 indolem:
562 2687 656 2722 quae
681 2676 833 2710 virtutes
858 2680 984 2720 postea
1012 2686 1180 2722 quoque,
1211 2682 1252 2709 ut
1274 2676 1504 2722 sperabatur,
1532 2678 1570 2708 in

117 2731 161 2753 eo
192 2721 395 2755 eluxerunt.
454 2723 555 2756 Nulli
591 2723 730 2768 quippe
757 2723 933 2755 maiorum
963 2734 1109 2755 suorum
1140 2725 1399 2768 imperatorum
1428 2723 1571 2755 intelli-

118 2767 237 2809 gentia
269 2769 448 2802 sccundus
488 2775 542 2803 est
578 2775 616 2804 et
649 2780 856 2813 generosam
892 2780 1151 2814 saepenumero
1201 2770 1360 2804 audendi
1399 2769 1566 2803 fiduciam

118 2811 286 2848 hostibus
313 2814 583 2856 demonstravit.
634 2817 812 2853 Postridie
838 2816 953 2851 edixit
977 2819 1189 2864 imperator,
1219 2822 1259 2851 ut
1282 2819 1345 2864 qui
1371 2827 1490 2851 secum
1513 2827 1570 2850 cs-
