<?xml version="1.0" encoding="UTF-8"?>
<!DOCTYPE html PUBLIC "-//W3C//DTD XHTML 1.0 Transitional//EN"
    "http://www.w3.org/TR/xhtml1/DTD/xhtml1-transitional.dtd">
<html xmlns="http://www.w3.org/1999/xhtml" xml:lang="en" lang="en">
 <head>
  <title>
</title>
<meta http-equiv="Content-Type" content="text/html;charset=utf-8" />
  <meta name='ocr-system' content='tesseract 3.04.00' />
  <meta name='ocr-capabilities' content='ocr_page ocr_carea ocr_par ocr_line ocrx_word'/>
</head>
<body>
  <div class='ocr_page' id='page_1' title='image "./corpusscriptorum25niebuoft_0435.png"; bbox 0 0 1794 3158; ppageno 0'>
   <div class='ocr_carea' id='block_1_1' title="bbox 415 125 1478 191">
    <p class='ocr_par' dir='ltr' id='par_1_1' title="bbox 415 125 1478 191">
     <span class='ocr_line' id='line_1_1' title="bbox 415 125 1478 191; baseline -0.004 -8"><span class='ocrx_word' id='word_1_1' title='bbox 415 144 488 183; x_wconf 84' lang='lat' dir='ltr'><strong>AD</strong></span> <span class='ocrx_word' id='word_1_2' title='bbox 530 142 900 185; x_wconf 74' lang='lat' dir='ltr'>CANTACUZEM</span> <span class='ocrx_word' id='word_1_3' title='bbox 943 145 1040 184; x_wconf 76' lang='lat' dir='ltr'><strong>mss.</strong></span> <span class='ocrx_word' id='word_1_4' title='bbox 1069 146 1101 183; x_wconf 91' lang='lat'><strong>1.</strong></span> <span class='ocrx_word' id='word_1_5' title='bbox 1364 125 1478 191; x_wconf 67' lang='lat'><strong>425</strong></span> 
     </span>
    </p>
   </div>
   <div class='ocr_carea' id='block_1_2' title="bbox 27 238 1488 2771">
    <p class='ocr_par' dir='ltr' id='par_1_2' title="bbox 45 238 1488 575">
     <span class='ocr_line' id='line_1_2' title="bbox 50 238 1485 299; baseline 0.001 -15"><span class='ocrx_word' id='word_1_6' title='bbox 50 241 168 296; x_wconf 72' lang='grc' dir='ltr'><em>ἱερᾶς</em></span> <span class='ocrx_word' id='word_1_7' title='bbox 192 238 393 297; x_wconf 74' lang='grc' dir='ltr'><em>’περιοχῆς</em></span> <span class='ocrx_word' id='word_1_8' title='bbox 419 243 893 299; x_wconf 76' lang='grc' dir='ltr'><em>τούςκατηχοῡμένους.</em></span> <span class='ocrx_word' id='word_1_9' title='bbox 947 246 1057 299; x_wconf 83' lang='lat' dir='ltr'><strong>Ergo</strong></span> <span class='ocrx_word' id='word_1_10' title='bbox 1105 259 1130 284; x_wconf 91' lang='lat' dir='ltr'><strong>a</strong></span> <span class='ocrx_word' id='word_1_11' title='bbox 1157 246 1343 284; x_wconf 84' lang='lat' dir='ltr'>missione</span> <span class='ocrx_word' id='word_1_12' title='bbox 1380 253 1485 286; x_wconf 85' lang='lat' dir='ltr'><strong>cate-</strong></span> 
     </span>
     <span class='ocr_line' id='line_1_3' title="bbox 49 300 1485 355; baseline 0.001 -15"><span class='ocrx_word' id='word_1_13' title='bbox 49 300 336 340; x_wconf 83' lang='lat' dir='ltr'><strong>chumenorum</strong></span> <span class='ocrx_word' id='word_1_14' title='bbox 364 302 484 340; x_wconf 87' lang='lat' dir='ltr'><strong>missa</strong></span> <span class='ocrx_word' id='word_1_15' title='bbox 513 302 590 340; x_wconf 88' lang='lat' dir='ltr'><strong>dici</strong></span> <span class='ocrx_word' id='word_1_16' title='bbox 618 310 756 355; x_wconf 85' lang='lat' dir='ltr'><strong>coepta</strong></span> <span class='ocrx_word' id='word_1_17' title='bbox 785 309 854 341; x_wconf 88' lang='lat' dir='ltr'><strong>est.</strong></span> <span class='ocrx_word' id='word_1_18' title='bbox 889 315 1063 341; x_wconf 63' lang='lat' dir='ltr'><strong>romum.</strong></span> <span class='ocrx_word' id='word_1_19' title='bbox 1478 315 1485 323; x_wconf 64' lang='lat'>*</span> 
     </span>
     <span class='ocr_line' id='line_1_4' title="bbox 54 353 1488 409; baseline 0.001 -16"><span class='ocrx_word' id='word_1_20' title='bbox 54 364 56 366; x_wconf 73' lang='grc'><strong><em>’</em></strong></span> <span class='ocrx_word' id='word_1_21' title='bbox 159 353 258 407; x_wconf 77' lang='lat' dir='ltr'><strong>Pag.</strong></span> <span class='ocrx_word' id='word_1_22' title='bbox 285 369 375 409; x_wconf 99' lang='grc'>197,</span> <span class='ocrx_word' id='word_1_23' title='bbox 394 370 454 395; x_wconf 87' lang='grc'><strong>11.</strong></span> <span class='ocrx_word' id='word_1_24' title='bbox 483 358 616 396; x_wconf 85' lang='lat' dir='ltr'><strong>velis</strong></span> <span class='ocrx_word' id='word_1_25' title='bbox 649 358 835 395; x_wconf 87' lang='lat' dir='ltr'><strong>sericis</strong></span> <span class='ocrx_word' id='word_1_26' title='bbox 867 358 1061 396; x_wconf 86' lang='lat' dir='ltr'><strong>rubris.</strong></span> <span class='ocrx_word' id='word_1_27' title='bbox 1099 354 1372 408; x_wconf 83' lang='lat' dir='ltr'><strong>Curopalata:</strong></span> <span class='ocrx_word' id='word_1_28' title='bbox 1415 353 1488 394; x_wconf 86' lang='grc' dir='ltr'><em>καί</em></span> 
     </span>
     <span class='ocr_line' id='line_1_5' title="bbox 45 405 1486 466; baseline 0.001 -18"><span class='ocrx_word' id='word_1_29' title='bbox 45 405 241 448; x_wconf 67' lang='grc' dir='ltr'><em>ἐνδύουσι</em></span> <span class='ocrx_word' id='word_1_30' title='bbox 274 407 431 463; x_wconf 83' lang='grc' dir='ltr'><em>ταύτην</em></span> <span class='ocrx_word' id='word_1_31' title='bbox 457 408 663 451; x_wconf 76' lang='grc' dir='ltr'><em>πάντοθεν</em></span> <span class='ocrx_word' id='word_1_32' title='bbox 685 407 756 450; x_wconf 72' lang='grc' dir='ltr'><strong>διὰ</strong></span> <span class='ocrx_word' id='word_1_33' title='bbox 784 411 964 461; x_wconf 81' lang='grc' dir='ltr'><em>βλατίων</em></span> <span class='ocrx_word' id='word_1_34' title='bbox 995 410 1188 462; x_wconf 70' lang='grc' dir='ltr'><em>ἑρυθρῶν</em></span> <span class='ocrx_word' id='word_1_35' title='bbox 1210 440 1221 457; x_wconf 85' lang='grc'>,</span> <span class='ocrx_word' id='word_1_36' title='bbox 1260 425 1379 466; x_wconf 88' lang='lat' dir='ltr'><strong>quam</strong></span> <span class='ocrx_word' id='word_1_37' title='bbox 1412 425 1486 449; x_wconf 85' lang='lat' dir='ltr'><strong>un-</strong></span> 
     </span>
     <span class='ocr_line' id='line_1_6' title="bbox 46 463 1485 518; baseline 0.001 -16"><span class='ocrx_word' id='word_1_38' title='bbox 46 463 248 518; x_wconf 82' lang='lat' dir='ltr'><strong>dequaque</strong></span> <span class='ocrx_word' id='word_1_39' title='bbox 277 465 445 504; x_wconf 85' lang='lat' dir='ltr'><strong>induunt</strong></span> <span class='ocrx_word' id='word_1_40' title='bbox 472 467 634 506; x_wconf 87' lang='lat' dir='ltr'><strong>bracteis</strong></span> <span class='ocrx_word' id='word_1_41' title='bbox 661 468 802 508; x_wconf 86' lang='lat' dir='ltr'><strong>rubris.</strong></span> <span class='ocrx_word' id='word_1_42' title='bbox 858 466 969 517; x_wconf 87' lang='lat' dir='ltr'>Quid</span> <span class='ocrx_word' id='word_1_43' title='bbox 996 466 1071 506; x_wconf 87' lang='lat' dir='ltr'><strong>sibi</strong></span> <span class='ocrx_word' id='word_1_44' title='bbox 1103 466 1263 506; x_wconf 88' lang='lat' dir='ltr'><strong>nomine</strong></span> <span class='ocrx_word' id='word_1_45' title='bbox 1301 466 1485 505; x_wconf 86' lang='lat' dir='ltr'><strong>bractea-</strong></span> 
     </span>
     <span class='ocr_line' id='line_1_7' title="bbox 45 519 863 575; baseline 0.005 -19"><span class='ocrx_word' id='word_1_46' title='bbox 45 529 139 569; x_wconf 65' lang='lat' dir='ltr'><strong>rum</strong></span> <span class='ocrx_word' id='word_1_47' title='bbox 167 519 289 567; x_wconf 83' lang='lat' dir='ltr'><strong>velit,</strong></span> <span class='ocrx_word' id='word_1_48' title='bbox 325 519 435 559; x_wconf 88' lang='lat' dir='ltr'><strong>haud</strong></span> <span class='ocrx_word' id='word_1_49' title='bbox 463 536 662 575; x_wconf 86' lang='lat' dir='ltr'><strong>assequor.</strong></span> <span class='ocrx_word' id='word_1_50' title='bbox 691 535 863 561; x_wconf 61' lang='lat' dir='ltr'><strong>ponus.</strong></span> 
     </span>
    </p>

    <p class='ocr_par' dir='ltr' id='par_1_3' title="bbox 43 573 1488 959">
     <span class='ocr_line' id='line_1_8' title="bbox 155 573 1485 632; baseline 0.002 -19"><span class='ocrx_word' id='word_1_51' title='bbox 155 573 259 627; x_wconf 83' lang='lat' dir='ltr'><strong>Pag.</strong></span> <span class='ocrx_word' id='word_1_52' title='bbox 280 587 370 630; x_wconf 87' lang='grc'>197,</span> <span class='ocrx_word' id='word_1_53' title='bbox 386 588 448 631; x_wconf 85' lang='lat'><strong>¹7·</strong></span> <span class='ocrx_word' id='word_1_54' title='bbox 469 591 599 632; x_wconf 82' lang='lat' dir='ltr'><strong>quae</strong></span> <span class='ocrx_word' id='word_1_55' title='bbox 618 577 769 631; x_wconf 87' lang='lat' dir='ltr'><strong>prius</strong></span> <span class='ocrx_word' id='word_1_56' title='bbox 795 585 1088 616; x_wconf 83' lang='lat' dir='ltr'><em>coronatae.</em></span> <span class='ocrx_word' id='word_1_57' title='bbox 1120 576 1374 630; x_wconf 87' lang='lat' dir='ltr'><strong>Imperatoris</strong></span> <span class='ocrx_word' id='word_1_58' title='bbox 1397 589 1485 615; x_wconf 85' lang='lat' dir='ltr'><strong>ma-</strong></span> 
     </span>
     <span class='ocr_line' id='line_1_9' title="bbox 45 626 1488 684; baseline 0 -17"><span class='ocrx_word' id='word_1_59' title='bbox 45 633 109 667; x_wconf 76' lang='lat' dir='ltr'><strong>ter</strong></span> <span class='ocrx_word' id='word_1_60' title='bbox 136 628 211 668; x_wconf 84' lang='lat' dir='ltr'><strong>fert</strong></span> <span class='ocrx_word' id='word_1_61' title='bbox 249 626 294 669; x_wconf 79' lang='grc' dir='ltr'><strong>τὸ</strong></span> <span class='ocrx_word' id='word_1_62' title='bbox 334 626 484 683; x_wconf 72' lang='grc' dir='ltr'><em>ἑαυτῆς</em></span> <span class='ocrx_word' id='word_1_63' title='bbox 521 631 711 680; x_wconf 81' lang='grc' dir='ltr'><strong>στέμμα,</strong></span> <span class='ocrx_word' id='word_1_64' title='bbox 773 645 885 670; x_wconf 87' lang='lat' dir='ltr'><strong>suam</strong></span> <span class='ocrx_word' id='word_1_65' title='bbox 929 645 1116 670; x_wconf 88' lang='lat' dir='ltr'><strong>coronam</strong></span> <span class='ocrx_word' id='word_1_66' title='bbox 1157 634 1453 684; x_wconf 80' lang='lat' dir='ltr'><strong>imperatoriam</strong></span> <span class='ocrx_word' id='word_1_67' title='bbox 1470 646 1488 683; x_wconf 81' lang='lat'><strong>3.</strong></span> 
     </span>
     <span class='ocr_line' id='line_1_10' title="bbox 43 687 1484 740; baseline 0.002 -17"><span class='ocrx_word' id='word_1_68' title='bbox 43 695 150 723; x_wconf 80' lang='lat' dir='ltr'><strong>nova</strong></span> <span class='ocrx_word' id='word_1_69' title='bbox 180 691 314 724; x_wconf 83' lang='lat' dir='ltr'><strong>autem</strong></span> <span class='ocrx_word' id='word_1_70' title='bbox 344 687 478 738; x_wconf 77' lang='lat' dir='ltr'><strong>regina</strong></span> <span class='ocrx_word' id='word_1_71' title='bbox 506 687 684 725; x_wconf 88' lang='lat' dir='ltr'><strong>nondum</strong></span> <span class='ocrx_word' id='word_1_72' title='bbox 713 694 903 725; x_wconf 83' lang='lat' dir='ltr'><strong>coronata</strong></span> <span class='ocrx_word' id='word_1_73' title='bbox 928 693 1077 725; x_wconf 77' lang='lat' dir='ltr'><strong>sex-tum</strong></span> <span class='ocrx_word' id='word_1_74' title='bbox 1106 694 1258 740; x_wconf 76' lang='lat' dir='ltr'><strong>gestat,</strong></span> <span class='ocrx_word' id='word_1_75' title='bbox 1292 687 1484 739; x_wconf 79' lang='grc' dir='ltr'><em>φοροῦσα</em></span> 
     </span>
     <span class='ocr_line' id='line_1_11' title="bbox 45 737 1484 795; baseline 0.003 -19"><span class='ocrx_word' id='word_1_76' title='bbox 45 737 256 791; x_wconf 78' lang='grc' dir='ltr'><em>στέφανον</em></span> <span class='ocrx_word' id='word_1_77' title='bbox 274 769 284 789; x_wconf 93' lang='grc'>,</span> <span class='ocrx_word' id='word_1_78' title='bbox 314 748 360 780; x_wconf 88' lang='lat' dir='ltr'><strong>ut</strong></span> <span class='ocrx_word' id='word_1_79' title='bbox 388 741 510 780; x_wconf 85' lang='lat' dir='ltr'><strong>habet</strong></span> <span class='ocrx_word' id='word_1_80' title='bbox 539 741 794 795; x_wconf 84' lang='lat' dir='ltr'><strong>Curopalata.</strong></span> <span class='ocrx_word' id='word_1_81' title='bbox 836 742 955 794; x_wconf 83' lang='lat' dir='ltr'>Cogit</span> <span class='ocrx_word' id='word_1_82' title='bbox 981 744 1130 795; x_wconf 84' lang='lat' dir='ltr'>quippe</span> <span class='ocrx_word' id='word_1_83' title='bbox 1157 743 1351 781; x_wconf 82' lang='lat' dir='ltr'><strong>sententia</strong></span> <span class='ocrx_word' id='word_1_84' title='bbox 1381 743 1484 794; x_wconf 82' lang='lat' dir='ltr'><strong>ipsa,</strong></span> 
     </span>
     <span class='ocr_line' id='line_1_12' title="bbox 48 790 1485 850; baseline 0.004 -20"><span class='ocrx_word' id='word_1_85' title='bbox 48 790 116 831; x_wconf 84' lang='lat' dir='ltr'><strong>hic</strong></span> <span class='ocrx_word' id='word_1_86' title='bbox 159 795 264 833; x_wconf 88' lang='lat' dir='ltr'><strong>inter</strong></span> <span class='ocrx_word' id='word_1_87' title='bbox 299 795 464 846; x_wconf 83' lang='grc' dir='ltr'><strong><em>στέμμα</em></strong></span> <span class='ocrx_word' id='word_1_88' title='bbox 492 804 532 836; x_wconf 88' lang='lat' dir='ltr'><strong>et</strong></span> <span class='ocrx_word' id='word_1_89' title='bbox 559 797 769 850; x_wconf 82' lang='grc' dir='ltr'><em>στέφανον</em></span> <span class='ocrx_word' id='word_1_90' title='bbox 808 796 1019 836; x_wconf 84' lang='lat' dir='ltr'>discrimen</span> <span class='ocrx_word' id='word_1_91' title='bbox 1055 797 1193 836; x_wconf 86' lang='lat' dir='ltr'><strong>facere.</strong></span> <span class='ocrx_word' id='word_1_92' title='bbox 1250 797 1354 836; x_wconf 89' lang='lat' dir='ltr'><strong>Nam</strong></span> <span class='ocrx_word' id='word_1_93' title='bbox 1380 811 1485 850; x_wconf 86' lang='lat' dir='ltr'><strong>quae</strong></span> 
     </span>
     <span class='ocr_line' id='line_1_13' title="bbox 45 849 1485 907; baseline 0.004 -22"><span class='ocrx_word' id='word_1_94' title='bbox 45 860 193 888; x_wconf 88' lang='lat' dir='ltr'><strong>corona</strong></span> <span class='ocrx_word' id='word_1_95' title='bbox 227 849 475 903; x_wconf 82' lang='lat' dir='ltr'>insignienda</span> <span class='ocrx_word' id='word_1_96' title='bbox 513 859 625 899; x_wconf 74' lang='lat' dir='ltr'><strong>erat,</strong></span> <span class='ocrx_word' id='word_1_97' title='bbox 664 866 752 891; x_wconf 86' lang='lat' dir='ltr'><strong>eam</strong></span> <span class='ocrx_word' id='word_1_98' title='bbox 769 881 780 901; x_wconf 88' lang='lat'>‚</span> <span class='ocrx_word' id='word_1_99' title='bbox 811 859 1026 907; x_wconf 85' lang='lat' dir='ltr'><strong>antequam</strong></span> <span class='ocrx_word' id='word_1_100' title='bbox 1053 858 1339 904; x_wconf 77' lang='lat' dir='ltr'>coronaretur,</span> <span class='ocrx_word' id='word_1_101' title='bbox 1381 854 1485 891; x_wconf 86' lang='lat' dir='ltr'><strong>ferre</strong></span> 
     </span>
     <span class='ocr_line' id='line_1_14' title="bbox 45 905 700 959; baseline 0.009 -18"><span class='ocrx_word' id='word_1_102' title='bbox 45 905 187 956; x_wconf 86' lang='lat' dir='ltr'><strong>utique</strong></span> <span class='ocrx_word' id='word_1_103' title='bbox 215 918 295 943; x_wconf 91' lang='lat' dir='ltr'><strong>non</strong></span> <span class='ocrx_word' id='word_1_104' title='bbox 325 914 496 959; x_wconf 86' lang='lat' dir='ltr'><strong>poterat.</strong></span> <span class='ocrx_word' id='word_1_105' title='bbox 526 921 700 950; x_wconf 77' lang='lat' dir='ltr'><strong>PONTAN.</strong></span> 
     </span>
    </p>

    <p class='ocr_par' dir='ltr' id='par_1_4' title="bbox 38 959 1484 1511">
     <span class='ocr_line' id='line_1_15' title="bbox 152 959 1483 1016; baseline 0.001 -15"><span class='ocrx_word' id='word_1_106' title='bbox 152 959 366 1014; x_wconf 68' lang='lat' dir='ltr'><strong>pag-¹97⁹</strong></span> <span class='ocrx_word' id='word_1_107' title='bbox 392 974 453 1016; x_wconf 93' lang='grc'><strong>19.</strong></span> <span class='ocrx_word' id='word_1_108' title='bbox 478 962 701 1001; x_wconf 80' lang='lat' dir='ltr'><strong>divinus</strong></span> <span class='ocrx_word' id='word_1_109' title='bbox 739 963 966 1016; x_wconf 78' lang='lat' dir='ltr'><em>trisagii</em></span> <span class='ocrx_word' id='word_1_110' title='bbox 995 963 1216 1014; x_wconf 74' lang='lat' dir='ltr'><strong>hymnus.</strong></span> <span class='ocrx_word' id='word_1_111' title='bbox 1251 962 1382 1012; x_wconf 88' lang='lat' dir='ltr'><strong>Quem</strong></span> <span class='ocrx_word' id='word_1_112' title='bbox 1410 976 1483 1002; x_wconf 92' lang='lat' dir='ltr'><strong>nos</strong></span> 
     </span>
     <span class='ocr_line' id='line_1_16' title="bbox 42 1011 1480 1071; baseline 0.003 -20"><span class='ocrx_word' id='word_1_113' title='bbox 42 1011 86 1052; x_wconf 84' lang='lat' dir='ltr'><strong>in</strong></span> <span class='ocrx_word' id='word_1_114' title='bbox 111 1014 230 1053; x_wconf 88' lang='lat' dir='ltr'><strong>missa</strong></span> <span class='ocrx_word' id='word_1_115' title='bbox 256 1023 394 1055; x_wconf 86' lang='lat' dir='ltr'><strong>nostra</strong></span> <span class='ocrx_word' id='word_1_116' title='bbox 416 1026 572 1056; x_wconf 84' lang='lat' dir='ltr'><strong>sanctus</strong></span> <span class='ocrx_word' id='word_1_117' title='bbox 585 1017 832 1070; x_wconf 86' lang='lat' dir='ltr'><strong>appellamus</strong></span> <span class='ocrx_word' id='word_1_118' title='bbox 853 1032 865 1056; x_wconf 70' lang='grc' dir='ltr'><strong><em>ε</em></strong></span> <span class='ocrx_word' id='word_1_119' title='bbox 894 1018 1003 1071; x_wconf 92' lang='lat' dir='ltr'><strong>quod</strong></span> <span class='ocrx_word' id='word_1_120' title='bbox 1024 1032 1113 1056; x_wconf 88' lang='lat' dir='ltr'><strong>cum</strong></span> <span class='ocrx_word' id='word_1_121' title='bbox 1139 1018 1257 1056; x_wconf 87' lang='lat' dir='ltr'><strong>tertio</strong></span> <span class='ocrx_word' id='word_1_122' title='bbox 1278 1018 1480 1066; x_wconf 80' lang='lat' dir='ltr'><strong>recitetur,</strong></span> 
     </span>
     <span class='ocr_line' id='line_1_17' title="bbox 42 1072 1484 1126; baseline 0.004 -20"><span class='ocrx_word' id='word_1_123' title='bbox 42 1075 289 1117; x_wconf 64' lang='lat' dir='ltr'><strong>cantetur-ve,</strong></span> <span class='ocrx_word' id='word_1_124' title='bbox 308 1073 659 1124; x_wconf 85' lang='lat' dir='ltr'><strong>(quemadmodum</strong></span> <span class='ocrx_word' id='word_1_125' title='bbox 683 1073 734 1111; x_wconf 88' lang='lat' dir='ltr'><strong>ab</strong></span> <span class='ocrx_word' id='word_1_126' title='bbox 753 1072 902 1126; x_wconf 85' lang='lat' dir='ltr'><strong>angelis</strong></span> <span class='ocrx_word' id='word_1_127' title='bbox 926 1075 969 1111; x_wconf 90' lang='lat' dir='ltr'><strong>in</strong></span> <span class='ocrx_word' id='word_1_128' title='bbox 986 1072 1097 1112; x_wconf 88' lang='lat' dir='ltr'><strong>coelo</strong></span> <span class='ocrx_word' id='word_1_129' title='bbox 1115 1073 1264 1112; x_wconf 86' lang='lat' dir='ltr'><strong>factum</strong></span> <span class='ocrx_word' id='word_1_130' title='bbox 1286 1073 1484 1125; x_wconf 80' lang='lat' dir='ltr'><strong>propheta</strong></span> 
     </span>
     <span class='ocr_line' id='line_1_18' title="bbox 41 1122 1483 1180; baseline 0.003 -19"><span class='ocrx_word' id='word_1_131' title='bbox 41 1122 165 1162; x_wconf 80' lang='lat' dir='ltr'><strong>lsaias</strong></span> <span class='ocrx_word' id='word_1_132' title='bbox 191 1124 374 1175; x_wconf 84' lang='lat' dir='ltr'><strong>audivit‚)</strong></span> <span class='ocrx_word' id='word_1_133' title='bbox 388 1127 428 1165; x_wconf 89' lang='lat' dir='ltr'><strong>in</strong></span> <span class='ocrx_word' id='word_1_134' title='bbox 450 1127 644 1166; x_wconf 89' lang='lat' dir='ltr'><strong>honorem</strong></span> <span class='ocrx_word' id='word_1_135' title='bbox 660 1130 783 1167; x_wconf 82' lang='lat' dir='ltr'><strong>trium</strong></span> <span class='ocrx_word' id='word_1_136' title='bbox 805 1130 1141 1167; x_wconf 81' lang='lat' dir='ltr'><strong>sanctissimarum</strong></span> <span class='ocrx_word' id='word_1_137' title='bbox 1157 1128 1375 1167; x_wconf 85' lang='lat' dir='ltr'><strong>divinitatis</strong></span> <span class='ocrx_word' id='word_1_138' title='bbox 1389 1142 1483 1180; x_wconf 85' lang='lat' dir='ltr'><strong>per-</strong></span> 
     </span>
     <span class='ocr_line' id='line_1_19' title="bbox 38 1178 1482 1234; baseline 0.004 -18"><span class='ocrx_word' id='word_1_139' title='bbox 38 1191 229 1218; x_wconf 82' lang='lat' dir='ltr'><strong>sonarum</strong></span> <span class='ocrx_word' id='word_1_140' title='bbox 249 1210 259 1227; x_wconf 92' lang='lat'><strong>‚</strong></span> <span class='ocrx_word' id='word_1_141' title='bbox 279 1183 419 1220; x_wconf 83' lang='lat' dir='ltr'><strong>merito</strong></span> <span class='ocrx_word' id='word_1_142' title='bbox 452 1178 582 1232; x_wconf 75' lang='grc' dir='ltr'><em>ὕμνος</em></span> <span class='ocrx_word' id='word_1_143' title='bbox 607 1184 824 1234; x_wconf 75' lang='grc' dir='ltr'><em>τρισαγιόυ</em></span> <span class='ocrx_word' id='word_1_144' title='bbox 842 1214 852 1230; x_wconf 79' lang='lat'>‚</span> <span class='ocrx_word' id='word_1_145' title='bbox 876 1185 1043 1234; x_wconf 56' lang='lat' dir='ltr'><strong>hymnus</strong></span> <span class='ocrx_word' id='word_1_146' title='bbox 1066 1193 1124 1222; x_wconf 85' lang='lat' dir='ltr'><strong>ter</strong></span> <span class='ocrx_word' id='word_1_147' title='bbox 1145 1184 1285 1232; x_wconf 84' lang='lat' dir='ltr'><strong>sancti,</strong></span> <span class='ocrx_word' id='word_1_148' title='bbox 1316 1183 1482 1222; x_wconf 81' lang='lat' dir='ltr'><strong>dicitur.</strong></span> 
     </span>
     <span class='ocr_line' id='line_1_20' title="bbox 42 1232 1484 1291; baseline 0.005 -21"><span class='ocrx_word' id='word_1_149' title='bbox 42 1232 91 1271; x_wconf 87' lang='lat' dir='ltr'><strong>ln</strong></span> <span class='ocrx_word' id='word_1_150' title='bbox 130 1232 300 1288; x_wconf 87' lang='lat' dir='ltr'><strong>liturgiis</strong></span> <span class='ocrx_word' id='word_1_151' title='bbox 334 1237 520 1276; x_wconf 87' lang='lat' dir='ltr'><strong>divorum</strong></span> <span class='ocrx_word' id='word_1_152' title='bbox 551 1238 685 1277; x_wconf 91' lang='lat' dir='ltr'><strong>Basilii</strong></span> <span class='ocrx_word' id='word_1_153' title='bbox 716 1246 754 1276; x_wconf 90' lang='lat' dir='ltr'><strong>et</strong></span> <span class='ocrx_word' id='word_1_154' title='bbox 793 1238 1064 1291; x_wconf 85' lang='lat' dir='ltr'><strong>Chrysostomi</strong></span> <span class='ocrx_word' id='word_1_155' title='bbox 1091 1235 1137 1276; x_wconf 84' lang='grc' dir='ltr'><strong>τὸ</strong></span> <span class='ocrx_word' id='word_1_156' title='bbox 1163 1235 1414 1289; x_wconf 74' lang='grc' dir='ltr'><em>χερουβικόν</em></span> <span class='ocrx_word' id='word_1_157' title='bbox 1443 1246 1484 1277; x_wconf 85' lang='lat' dir='ltr'><strong>et</strong></span> 
     </span>
     <span class='ocr_line' id='line_1_21' title="bbox 38 1282 1482 1347; baseline 0.003 -21"><span class='ocrx_word' id='word_1_158' title='bbox 38 1282 170 1338; x_wconf 66' lang='grc' dir='ltr'><em>ὕμνος</em></span> <span class='ocrx_word' id='word_1_159' title='bbox 183 1288 432 1342; x_wconf 75' lang='grc' dir='ltr'><em>χερουβικὸς</em></span> <span class='ocrx_word' id='word_1_160' title='bbox 459 1300 639 1336; x_wconf 86' lang='lat' dir='ltr'><strong>vocatur.</strong></span> <span class='ocrx_word' id='word_1_161' title='bbox 666 1294 740 1332; x_wconf 86' lang='lat' dir='ltr'><strong>Est</strong></span> <span class='ocrx_word' id='word_1_162' title='bbox 761 1301 800 1332; x_wconf 88' lang='lat' dir='ltr'><strong>et</strong></span> <span class='ocrx_word' id='word_1_163' title='bbox 825 1293 934 1332; x_wconf 89' lang='lat' dir='ltr'><strong>aliud</strong></span> <span class='ocrx_word' id='word_1_164' title='bbox 963 1288 1179 1344; x_wconf 77' lang='grc' dir='ltr'><em>τρισάγιον</em></span> <span class='ocrx_word' id='word_1_165' title='bbox 1192 1294 1274 1331; x_wconf 89' lang='lat' dir='ltr'><strong>sive</strong></span> <span class='ocrx_word' id='word_1_166' title='bbox 1286 1292 1387 1331; x_wconf 84' lang='lat' dir='ltr'><strong>alius</strong></span> <span class='ocrx_word' id='word_1_167' title='bbox 1405 1293 1482 1347; x_wconf 86' lang='lat' dir='ltr'><strong>hy-</strong></span> 
     </span>
     <span class='ocr_line' id='line_1_22' title="bbox 38 1340 1482 1401; baseline 0.003 -20"><span class='ocrx_word' id='word_1_168' title='bbox 38 1355 157 1383; x_wconf 89' lang='lat' dir='ltr'><strong>mnus</strong></span> <span class='ocrx_word' id='word_1_169' title='bbox 169 1340 389 1396; x_wconf 79' lang='grc' dir='ltr'><em>τρισάγιος,</em></span> <span class='ocrx_word' id='word_1_170' title='bbox 407 1362 548 1401; x_wconf 90' lang='lat' dir='ltr'><strong>nempe</strong></span> <span class='ocrx_word' id='word_1_171' title='bbox 572 1348 637 1387; x_wconf 80' lang='lat' dir='ltr'><strong>hic</strong></span> <span class='ocrx_word' id='word_1_172' title='bbox 668 1343 785 1398; x_wconf 79' lang='grc' dir='ltr'><em>ἅγιος</em></span> <span class='ocrx_word' id='word_1_173' title='bbox 810 1345 831 1387; x_wconf 80' lang='grc' dir='ltr'>ὅ</span> <span class='ocrx_word' id='word_1_174' title='bbox 860 1346 974 1396; x_wconf 75' lang='grc' dir='ltr'>θεὸς,</span> <span class='ocrx_word' id='word_1_175' title='bbox 992 1343 1106 1398; x_wconf 72' lang='grc' dir='ltr'><em>ἅγιος</em></span> <span class='ocrx_word' id='word_1_176' title='bbox 1135 1343 1333 1397; x_wconf 79' lang='grc' dir='ltr'><strong>ἰσχυρὸς,</strong></span> <span class='ocrx_word' id='word_1_177' title='bbox 1365 1342 1482 1400; x_wconf 74' lang='grc' dir='ltr'><em>ἅγιος</em></span> 
     </span>
     <span class='ocr_line' id='line_1_23' title="bbox 39 1395 1479 1456; baseline 0.006 -20"><span class='ocrx_word' id='word_1_178' title='bbox 39 1395 273 1449; x_wconf 68' lang='grc' dir='ltr'><em>ἀθάνατος,</em></span> <span class='ocrx_word' id='word_1_179' title='bbox 305 1400 473 1453; x_wconf 78' lang='grc' dir='ltr'><em>ἐλέησον</em></span> <span class='ocrx_word' id='word_1_180' title='bbox 500 1401 639 1455; x_wconf 78' lang='grc' dir='ltr'>ἡμᾶς,</span> <span class='ocrx_word' id='word_1_181' title='bbox 670 1403 720 1442; x_wconf 90' lang='lat' dir='ltr'><strong>de</strong></span> <span class='ocrx_word' id='word_1_182' title='bbox 747 1418 828 1456; x_wconf 90' lang='lat' dir='ltr'><strong>quo</strong></span> <span class='ocrx_word' id='word_1_183' title='bbox 857 1403 1107 1455; x_wconf 75' lang='lat' dir='ltr'><strong>Nic-ephorus</strong></span> <span class='ocrx_word' id='word_1_184' title='bbox 1127 1401 1199 1440; x_wconf 86' lang='lat' dir='ltr'><strong>lib.</strong></span> <span class='ocrx_word' id='word_1_185' title='bbox 1222 1401 1281 1453; x_wconf 75' lang='grc'><strong>14.</strong></span> <span class='ocrx_word' id='word_1_186' title='bbox 1312 1417 1396 1456; x_wconf 88' lang='lat' dir='ltr'><strong>cap.</strong></span> <span class='ocrx_word' id='word_1_187' title='bbox 1413 1403 1479 1454; x_wconf 74' lang='lat'><strong>46.</strong></span> 
     </span>
     <span class='ocr_line' id='line_1_24' title="bbox 41 1453 1415 1511; baseline 0.004 -20"><span class='ocrx_word' id='word_1_188' title='bbox 41 1465 89 1492; x_wconf 79' lang='lat' dir='ltr'><strong>ac</strong></span> <span class='ocrx_word' id='word_1_189' title='bbox 117 1453 168 1492; x_wconf 93' lang='lat' dir='ltr'><strong>de</strong></span> <span class='ocrx_word' id='word_1_190' title='bbox 196 1455 272 1494; x_wconf 88' lang='lat' dir='ltr'><strong>hoc</strong></span> <span class='ocrx_word' id='word_1_191' title='bbox 299 1456 464 1496; x_wconf 79' lang='lat' dir='ltr'><strong>forsitan</strong></span> <span class='ocrx_word' id='word_1_192' title='bbox 493 1458 619 1497; x_wconf 83' lang='lat' dir='ltr'><strong>verba</strong></span> <span class='ocrx_word' id='word_1_193' title='bbox 646 1461 819 1499; x_wconf 86' lang='lat' dir='ltr'><strong>auctoris</strong></span> <span class='ocrx_word' id='word_1_194' title='bbox 846 1458 1074 1511; x_wconf 83' lang='lat' dir='ltr'><strong>accipienda</strong></span> <span class='ocrx_word' id='word_1_195' title='bbox 1105 1465 1210 1496; x_wconf 79' lang='lat' dir='ltr'><strong>sunt.</strong></span> <span class='ocrx_word' id='word_1_196' title='bbox 1240 1471 1415 1497; x_wconf 73' lang='lat' dir='ltr'><strong>PONTAN.</strong></span> 
     </span>
    </p>

    <p class='ocr_par' dir='ltr' id='par_1_5' title="bbox 27 1509 1481 2771">
     <span class='ocr_line' id='line_1_25' title="bbox 150 1509 1481 1566; baseline 0.002 -17"><span class='ocrx_word' id='word_1_197' title='bbox 150 1509 253 1562; x_wconf 79' lang='lat' dir='ltr'><strong>Pag.</strong></span> <span class='ocrx_word' id='word_1_198' title='bbox 285 1525 370 1565; x_wconf 87' lang='grc'>197,</span> <span class='ocrx_word' id='word_1_199' title='bbox 401 1527 459 1565; x_wconf 86' lang='grc'><strong>19.</strong></span> <span class='ocrx_word' id='word_1_200' title='bbox 491 1515 774 1554; x_wconf 82' lang='lat' dir='ltr'><strong>ambonem.</strong></span> <span class='ocrx_word' id='word_1_201' title='bbox 829 1514 1057 1553; x_wconf 88' lang='lat' dir='ltr'><strong>Ambonem</strong></span> <span class='ocrx_word' id='word_1_202' title='bbox 1093 1513 1259 1566; x_wconf 89' lang='lat' dir='ltr'><strong>quidam</strong></span> <span class='ocrx_word' id='word_1_203' title='bbox 1301 1514 1481 1552; x_wconf 83' lang='lat' dir='ltr'><strong>eruditus</strong></span> 
     </span>
     <span class='ocr_line' id='line_1_26' title="bbox 37 1562 1480 1622; baseline 0.003 -21"><span class='ocrx_word' id='word_1_204' title='bbox 37 1562 157 1616; x_wconf 78' lang='lat' dir='ltr'><strong>putat</strong></span> <span class='ocrx_word' id='word_1_205' title='bbox 184 1565 303 1605; x_wconf 84' lang='lat' dir='ltr'><strong>fuisse</strong></span> <span class='ocrx_word' id='word_1_206' title='bbox 325 1570 575 1619; x_wconf 66' lang='lat' dir='ltr'><strong>pordrchen,</strong></span> <span class='ocrx_word' id='word_1_207' title='bbox 620 1569 661 1607; x_wconf 90' lang='lat' dir='ltr'><strong>id</strong></span> <span class='ocrx_word' id='word_1_208' title='bbox 691 1577 749 1608; x_wconf 87' lang='lat' dir='ltr'><strong>est</strong></span> <span class='ocrx_word' id='word_1_209' title='bbox 786 1569 923 1622; x_wconf 86' lang='lat' dir='ltr'><strong>templi</strong></span> <span class='ocrx_word' id='word_1_210' title='bbox 954 1576 1106 1622; x_wconf 85' lang='lat' dir='ltr'><strong>partem</strong></span> <span class='ocrx_word' id='word_1_211' title='bbox 1138 1568 1312 1618; x_wconf 84' lang='lat' dir='ltr'><strong>editam,</strong></span> <span class='ocrx_word' id='word_1_212' title='bbox 1343 1568 1480 1621; x_wconf 85' lang='lat' dir='ltr'><strong>quales</strong></span> 
     </span>
     <span class='ocr_line' id='line_1_27' title="bbox 36 1617 1479 1676; baseline 0.004 -20"><span class='ocrx_word' id='word_1_213' title='bbox 36 1617 236 1659; x_wconf 76' lang='lat' dir='ltr'><strong>columnis</strong></span> <span class='ocrx_word' id='word_1_214' title='bbox 264 1621 450 1662; x_wconf 82' lang='lat' dir='ltr'><strong>suffultae</strong></span> <span class='ocrx_word' id='word_1_215' title='bbox 496 1632 564 1663; x_wconf 91' lang='lat' dir='ltr'><strong>aut</strong></span> <span class='ocrx_word' id='word_1_216' title='bbox 617 1625 834 1676; x_wconf 85' lang='lat' dir='ltr'><strong>parietibus</strong></span> <span class='ocrx_word' id='word_1_217' title='bbox 863 1625 1031 1675; x_wconf 74' lang='lat' dir='ltr'><strong>affixae,</strong></span> <span class='ocrx_word' id='word_1_218' title='bbox 1071 1623 1135 1662; x_wconf 87' lang='lat' dir='ltr'><strong>vel</strong></span> <span class='ocrx_word' id='word_1_219' title='bbox 1177 1625 1217 1661; x_wconf 91' lang='lat' dir='ltr'><strong>in</strong></span> <span class='ocrx_word' id='word_1_220' title='bbox 1263 1623 1479 1676; x_wconf 85' lang='lat' dir='ltr'><strong>adytorum</strong></span> 
     </span>
     <span class='ocr_line' id='line_1_28' title="bbox 38 1674 1479 1731; baseline 0.005 -20"><span class='ocrx_word' id='word_1_221' title='bbox 38 1674 238 1714; x_wconf 81' lang='lat' dir='ltr'><strong>vestibulo</strong></span> <span class='ocrx_word' id='word_1_222' title='bbox 266 1677 306 1714; x_wconf 89' lang='lat' dir='ltr'><strong>in</strong></span> <span class='ocrx_word' id='word_1_223' title='bbox 337 1677 463 1717; x_wconf 85' lang='lat' dir='ltr'><strong>altum</strong></span> <span class='ocrx_word' id='word_1_224' title='bbox 491 1686 724 1728; x_wconf 73' lang='lat' dir='ltr'><strong>exstructae,</strong></span> <span class='ocrx_word' id='word_1_225' title='bbox 745 1679 975 1718; x_wconf 87' lang='lat' dir='ltr'><strong>hominibus</strong></span> <span class='ocrx_word' id='word_1_226' title='bbox 993 1678 1229 1731; x_wconf 86' lang='lat' dir='ltr'><strong>recipiendis</strong></span> <span class='ocrx_word' id='word_1_227' title='bbox 1258 1679 1298 1716; x_wconf 92' lang='lat' dir='ltr'><strong>in</strong></span> <span class='ocrx_word' id='word_1_228' title='bbox 1319 1679 1479 1731; x_wconf 81' lang='lat' dir='ltr'><strong>templis</strong></span> 
     </span>
     <span class='ocr_line' id='line_1_29' title="bbox 36 1729 1480 1787; baseline 0.003 -20"><span class='ocrx_word' id='word_1_229' title='bbox 36 1729 237 1770; x_wconf 81' lang='lat' dir='ltr'><strong>visuntur.</strong></span> <span class='ocrx_word' id='word_1_230' title='bbox 267 1732 400 1771; x_wconf 85' lang='lat' dir='ltr'><strong>Maius</strong></span> <span class='ocrx_word' id='word_1_231' title='bbox 429 1734 551 1786; x_wconf 84' lang='lat' dir='ltr'><strong>igitur</strong></span> <span class='ocrx_word' id='word_1_232' title='bbox 571 1764 581 1782; x_wconf 89' lang='lat'>‚</span> <span class='ocrx_word' id='word_1_233' title='bbox 613 1734 770 1787; x_wconf 84' lang='lat' dir='ltr'><strong>longius</strong></span> <span class='ocrx_word' id='word_1_234' title='bbox 802 1742 841 1772; x_wconf 86' lang='lat' dir='ltr'><strong>et</strong></span> <span class='ocrx_word' id='word_1_235' title='bbox 870 1734 986 1772; x_wconf 86' lang='lat' dir='ltr'><strong>latius</strong></span> <span class='ocrx_word' id='word_1_236' title='bbox 1016 1733 1207 1786; x_wconf 85' lang='lat' dir='ltr'><strong>quiddam</strong></span> <span class='ocrx_word' id='word_1_237' title='bbox 1237 1734 1326 1782; x_wconf 79' lang='lat' dir='ltr'><strong>erit,</strong></span> <span class='ocrx_word' id='word_1_238' title='bbox 1358 1748 1480 1786; x_wconf 88' lang='lat' dir='ltr'><strong>quam</strong></span> 
     </span>
     <span class='ocr_line' id='line_1_30' title="bbox 36 1787 1476 1841; baseline 0.004 -20"><span class='ocrx_word' id='word_1_239' title='bbox 36 1793 257 1837; x_wconf 83' lang='lat' dir='ltr'><strong>suggestus.</strong></span> <span class='ocrx_word' id='word_1_240' title='bbox 315 1788 467 1827; x_wconf 82' lang='lat' dir='ltr'><strong>Verum</strong></span> <span class='ocrx_word' id='word_1_241' title='bbox 504 1791 654 1841; x_wconf 84' lang='lat' dir='ltr'><strong>optime</strong></span> <span class='ocrx_word' id='word_1_242' title='bbox 693 1789 931 1828; x_wconf 78' lang='lat' dir='ltr'><strong>describitur</strong></span> <span class='ocrx_word' id='word_1_243' title='bbox 960 1789 1010 1827; x_wconf 90' lang='lat' dir='ltr'><strong>ab</strong></span> <span class='ocrx_word' id='word_1_244' title='bbox 1040 1787 1254 1840; x_wconf 86' lang='lat' dir='ltr'><strong>Onuphrio</strong></span> <span class='ocrx_word' id='word_1_245' title='bbox 1275 1816 1286 1837; x_wconf 92' lang='lat'><strong>,</strong></span> <span class='ocrx_word' id='word_1_246' title='bbox 1326 1787 1476 1838; x_wconf 84' lang='lat' dir='ltr'><strong>libello,</strong></span> 
     </span>
     <span class='ocr_line' id='line_1_31' title="bbox 37 1844 1478 1895; baseline 0.004 -19"><span class='ocrx_word' id='word_1_247' title='bbox 37 1853 120 1891; x_wconf 92' lang='lat' dir='ltr'><strong>quo</strong></span> <span class='ocrx_word' id='word_1_248' title='bbox 148 1854 265 1881; x_wconf 86' lang='lat' dir='ltr'><strong>voces</strong></span> <span class='ocrx_word' id='word_1_249' title='bbox 302 1844 493 1895; x_wconf 85' lang='lat' dir='ltr'><strong>quasdam</strong></span> <span class='ocrx_word' id='word_1_250' title='bbox 527 1845 809 1884; x_wconf 82' lang='lat' dir='ltr'><strong>ecclesiasticas</strong></span> <span class='ocrx_word' id='word_1_251' title='bbox 848 1845 1036 1883; x_wconf 86' lang='lat' dir='ltr'><strong>obscuras</strong></span> <span class='ocrx_word' id='word_1_252' title='bbox 1072 1846 1356 1895; x_wconf 81' lang='lat' dir='ltr'><strong>interpretatus</strong></span> <span class='ocrx_word' id='word_1_253' title='bbox 1403 1851 1478 1882; x_wconf 86' lang='lat' dir='ltr'><strong>est.</strong></span> 
     </span>
     <span class='ocr_line' id='line_1_32' title="bbox 35 1893 1480 1953; baseline 0.003 -19"><span class='ocrx_word' id='word_1_254' title='bbox 35 1893 181 1942; x_wconf 83' lang='lat' dir='ltr'><strong>Ambo,</strong></span> <span class='ocrx_word' id='word_1_255' title='bbox 212 1897 359 1950; x_wconf 83' lang='lat' dir='ltr'><strong>inquit,</strong></span> <span class='ocrx_word' id='word_1_256' title='bbox 387 1899 531 1938; x_wconf 88' lang='lat' dir='ltr'><strong>dicitur</strong></span> <span class='ocrx_word' id='word_1_257' title='bbox 558 1908 759 1953; x_wconf 82' lang='lat' dir='ltr'><strong>suggestus,</strong></span> <span class='ocrx_word' id='word_1_258' title='bbox 790 1914 855 1938; x_wconf 89' lang='lat' dir='ltr'><strong>seu</strong></span> <span class='ocrx_word' id='word_1_259' title='bbox 881 1900 1080 1953; x_wconf 77' lang='lat' dir='ltr'><strong>pulpitum</strong></span> <span class='ocrx_word' id='word_1_260' title='bbox 1111 1912 1388 1946; x_wconf 83' lang='lat' dir='ltr'><strong>marmoreum,</strong></span> <span class='ocrx_word' id='word_1_261' title='bbox 1424 1913 1480 1938; x_wconf 76' lang='lat' dir='ltr'><strong>ex</strong></span> 
     </span>
     <span class='ocr_line' id='line_1_33' title="bbox 35 1951 1476 2005; baseline 0.003 -17"><span class='ocrx_word' id='word_1_262' title='bbox 35 1963 113 2002; x_wconf 81' lang='lat' dir='ltr'><strong>quo</strong></span> <span class='ocrx_word' id='word_1_263' title='bbox 152 1951 273 1991; x_wconf 87' lang='lat' dir='ltr'><strong>lector</strong></span> <span class='ocrx_word' id='word_1_264' title='bbox 303 1967 368 1992; x_wconf 82' lang='lat' dir='ltr'><strong>seu</strong></span> <span class='ocrx_word' id='word_1_265' title='bbox 413 1954 598 1994; x_wconf 77' lang='lat' dir='ltr'><strong>diaconus</strong></span> <span class='ocrx_word' id='word_1_266' title='bbox 632 1957 833 1994; x_wconf 81' lang='lat' dir='ltr'><strong>lectionem</strong></span> <span class='ocrx_word' id='word_1_267' title='bbox 879 1969 944 1993; x_wconf 91' lang='lat' dir='ltr'><strong>seu</strong></span> <span class='ocrx_word' id='word_1_268' title='bbox 982 1954 1233 2005; x_wconf 80' lang='lat' dir='ltr'><strong>evangelium</strong></span> <span class='ocrx_word' id='word_1_269' title='bbox 1274 1954 1476 1992; x_wconf 80' lang='lat' dir='ltr'><strong>recitabat.</strong></span> 
     </span>
     <span class='ocr_line' id='line_1_34' title="bbox 39 2004 1478 2064; baseline 0.002 -21"><span class='ocrx_word' id='word_1_270' title='bbox 39 2004 150 2058; x_wconf 78' lang='lat' dir='ltr'><strong>Quos</strong></span> <span class='ocrx_word' id='word_1_271' title='bbox 177 2007 314 2046; x_wconf 87' lang='lat' dir='ltr'><strong>multos</strong></span> <span class='ocrx_word' id='word_1_272' title='bbox 344 2018 383 2047; x_wconf 90' lang='lat' dir='ltr'><strong>et</strong></span> <span class='ocrx_word' id='word_1_273' title='bbox 418 2023 579 2061; x_wconf 81' lang='lat' dir='ltr'><strong>magnos</strong></span> <span class='ocrx_word' id='word_1_274' title='bbox 622 2019 660 2049; x_wconf 88' lang='lat' dir='ltr'><strong>et</strong></span> <span class='ocrx_word' id='word_1_275' title='bbox 685 2010 964 2064; x_wconf 81' lang='lat' dir='ltr'><strong>pulcherrimis</strong></span> <span class='ocrx_word' id='word_1_276' title='bbox 993 2009 1132 2047; x_wconf 85' lang='lat' dir='ltr'><strong>tabulis</strong></span> <span class='ocrx_word' id='word_1_277' title='bbox 1158 2010 1385 2047; x_wconf 86' lang='lat' dir='ltr'><strong>marmoreis</strong></span> <span class='ocrx_word' id='word_1_278' title='bbox 1411 2022 1478 2047; x_wconf 89' lang='lat' dir='ltr'><strong>or-</strong></span> 
     </span>
     <span class='ocr_line' id='line_1_35' title="bbox 34 2063 1479 2119; baseline 0.003 -22"><span class='ocrx_word' id='word_1_279' title='bbox 34 2068 147 2099; x_wconf 81' lang='lat' dir='ltr'><strong>natos</strong></span> <span class='ocrx_word' id='word_1_280' title='bbox 167 2074 244 2114; x_wconf 87' lang='lat' dir='ltr'><strong>per</strong></span> <span class='ocrx_word' id='word_1_281' title='bbox 272 2063 378 2102; x_wconf 83' lang='lat' dir='ltr'><strong>urbis</strong></span> <span class='ocrx_word' id='word_1_282' title='bbox 407 2066 607 2115; x_wconf 86' lang='lat' dir='ltr'><strong>ecclesias,</strong></span> <span class='ocrx_word' id='word_1_283' title='bbox 647 2074 687 2103; x_wconf 89' lang='lat' dir='ltr'><strong>et</strong></span> <span class='ocrx_word' id='word_1_284' title='bbox 706 2065 940 2119; x_wconf 85' lang='lat' dir='ltr'><strong>praesertim</strong></span> <span class='ocrx_word' id='word_1_285' title='bbox 965 2063 1075 2118; x_wconf 82' lang='lat' dir='ltr'><strong>apud</strong></span> <span class='ocrx_word' id='word_1_286' title='bbox 1100 2072 1272 2102; x_wconf 87' lang='lat' dir='ltr'><strong>sanctum</strong></span> <span class='ocrx_word' id='word_1_287' title='bbox 1299 2064 1479 2102; x_wconf 86' lang='lat' dir='ltr'><strong>Paulum</strong></span> 
     </span>
     <span class='ocr_line' id='line_1_36' title="bbox 33 2114 1480 2175; baseline 0.003 -23"><span class='ocrx_word' id='word_1_288' title='bbox 33 2114 231 2155; x_wconf 77' lang='lat' dir='ltr'><strong>videmus.-</strong></span> <span class='ocrx_word' id='word_1_289' title='bbox 266 2132 379 2172; x_wconf 83' lang='lat' dir='ltr'><strong>quem</strong></span> <span class='ocrx_word' id='word_1_290' title='bbox 399 2120 526 2158; x_wconf 86' lang='lat' dir='ltr'><strong>locum</strong></span> <span class='ocrx_word' id='word_1_291' title='bbox 553 2121 775 2175; x_wconf 80' lang='lat' dir='ltr'><strong>Cyprianus</strong></span> <span class='ocrx_word' id='word_1_292' title='bbox 795 2120 896 2158; x_wconf 86' lang='lat' dir='ltr'><strong>libro</strong></span> <span class='ocrx_word' id='word_1_293' title='bbox 923 2120 957 2158; x_wconf 81' lang='lat'><strong>3.</strong></span> <span class='ocrx_word' id='word_1_294' title='bbox 982 2120 1091 2173; x_wconf 80' lang='lat' dir='ltr'><strong>epist.</strong></span> <span class='ocrx_word' id='word_1_295' title='bbox 1122 2116 1161 2156; x_wconf 85' lang='lat'><strong>5.</strong></span> <span class='ocrx_word' id='word_1_296' title='bbox 1181 2119 1340 2156; x_wconf 78' lang='lat' dir='ltr'><strong>honoris</strong></span> <span class='ocrx_word' id='word_1_297' title='bbox 1361 2133 1480 2158; x_wconf 89' lang='lat' dir='ltr'><strong>causa</strong></span> 
     </span>
     <span class='ocr_line' id='line_1_37' title="bbox 31 2169 1479 2230; baseline 0.003 -23"><span class='ocrx_word' id='word_1_298' title='bbox 31 2169 207 2209; x_wconf 78' lang='lat' dir='ltr'><strong>tribunal</strong></span> <span class='ocrx_word' id='word_1_299' title='bbox 227 2173 428 2226; x_wconf 80' lang='lat' dir='ltr'><strong>quoddam</strong></span> <span class='ocrx_word' id='word_1_300' title='bbox 454 2175 635 2214; x_wconf 84' lang='lat' dir='ltr'><strong>ecclesiae</strong></span> <span class='ocrx_word' id='word_1_301' title='bbox 659 2176 891 2230; x_wconf 78' lang='lat' dir='ltr'><strong>appellavit.</strong></span> <span class='ocrx_word' id='word_1_302' title='bbox 923 2173 988 2213; x_wconf 87' lang='lat' dir='ltr'><strong>Ab</strong></span> <span class='ocrx_word' id='word_1_303' title='bbox 1007 2172 1215 2212; x_wconf 85' lang='lat' dir='ltr'><strong>ambiendo</strong></span> <span class='ocrx_word' id='word_1_304' title='bbox 1237 2173 1383 2212; x_wconf 84' lang='lat' dir='ltr'><strong>dictum</strong></span> <span class='ocrx_word' id='word_1_305' title='bbox 1403 2187 1479 2212; x_wconf 82' lang='lat' dir='ltr'><strong>vo-</strong></span> 
     </span>
     <span class='ocr_line' id='line_1_38' title="bbox 33 2222 1477 2286; baseline 0.003 -24"><span class='ocrx_word' id='word_1_306' title='bbox 33 2222 132 2271; x_wconf 80' lang='lat' dir='ltr'><strong>lunt,</strong></span> <span class='ocrx_word' id='word_1_307' title='bbox 154 2227 263 2280; x_wconf 84' lang='lat' dir='ltr'><strong>quod</strong></span> <span class='ocrx_word' id='word_1_308' title='bbox 290 2228 394 2267; x_wconf 88' lang='lat' dir='ltr'><strong>locus</strong></span> <span class='ocrx_word' id='word_1_309' title='bbox 419 2231 487 2268; x_wconf 85' lang='lat' dir='ltr'><strong>ille</strong></span> <span class='ocrx_word' id='word_1_310' title='bbox 515 2232 707 2286; x_wconf 76' lang='lat' dir='ltr'><strong>utrimque</strong></span> <span class='ocrx_word' id='word_1_311' title='bbox 736 2230 920 2283; x_wconf 78' lang='lat' dir='ltr'><strong>gradibus</strong></span> <span class='ocrx_word' id='word_1_312' title='bbox 942 2230 1152 2270; x_wconf 77' lang='lat' dir='ltr'><strong>ambiatur.</strong></span> <span class='ocrx_word' id='word_1_313' title='bbox 1185 2227 1296 2266; x_wconf 86' lang='lat' dir='ltr'><strong>Nam</strong></span> <span class='ocrx_word' id='word_1_314' title='bbox 1323 2229 1367 2267; x_wconf 90' lang='lat' dir='ltr'><strong>in</strong></span> <span class='ocrx_word' id='word_1_315' title='bbox 1387 2230 1477 2281; x_wconf 82' lang='lat' dir='ltr'><strong>qui-</strong></span> 
     </span>
     <span class='ocr_line' id='line_1_39' title="bbox 32 2277 1476 2337; baseline 0.003 -20"><span class='ocrx_word' id='word_1_316' title='bbox 32 2277 195 2318; x_wconf 80' lang='lat' dir='ltr'><strong>busdam</strong></span> <span class='ocrx_word' id='word_1_317' title='bbox 209 2283 376 2321; x_wconf 88' lang='lat' dir='ltr'><strong>ecclesiis</strong></span> <span class='ocrx_word' id='word_1_318' title='bbox 396 2284 474 2323; x_wconf 87' lang='lat' dir='ltr'><strong>duo</strong></span> <span class='ocrx_word' id='word_1_319' title='bbox 495 2286 696 2337; x_wconf 83' lang='lat' dir='ltr'><strong>graduum</strong></span> <span class='ocrx_word' id='word_1_320' title='bbox 723 2285 878 2324; x_wconf 85' lang='lat' dir='ltr'><strong>ordines</strong></span> <span class='ocrx_word' id='word_1_321' title='bbox 897 2286 1074 2323; x_wconf 77' lang='lat' dir='ltr'><strong>visuntur</strong></span> <span class='ocrx_word' id='word_1_322' title='bbox 1090 2314 1100 2331; x_wconf 87' lang='lat'>‚</span> <span class='ocrx_word' id='word_1_323' title='bbox 1131 2297 1227 2322; x_wconf 85' lang='lat' dir='ltr'><strong>unus</strong></span> <span class='ocrx_word' id='word_1_324' title='bbox 1247 2297 1274 2321; x_wconf 90' lang='lat' dir='ltr'><strong>a</strong></span> <span class='ocrx_word' id='word_1_325' title='bbox 1296 2284 1476 2331; x_wconf 72' lang='lat' dir='ltr'><strong>sinistris,</strong></span> 
     </span>
     <span class='ocr_line' id='line_1_40' title="bbox 33 2335 1478 2389; baseline 0.003 -17"><span class='ocrx_word' id='word_1_326' title='bbox 33 2335 182 2389; x_wconf 80' lang='lat' dir='ltr'><strong>quofit</strong></span> <span class='ocrx_word' id='word_1_327' title='bbox 212 2351 388 2376; x_wconf 77' lang='lat' dir='ltr'><strong>ascensus</strong></span> <span class='ocrx_word' id='word_1_328' title='bbox 427 2353 562 2379; x_wconf 83' lang='lat' dir='ltr'><strong>versus</strong></span> <span class='ocrx_word' id='word_1_329' title='bbox 588 2342 775 2380; x_wconf 82' lang='lat' dir='ltr'><strong>orientem</strong></span> <span class='ocrx_word' id='word_1_330' title='bbox 797 2371 806 2387; x_wconf 89' lang='lat'>‚</span> <span class='ocrx_word' id='word_1_331' title='bbox 830 2340 932 2378; x_wconf 84' lang='lat' dir='ltr'><strong>alter</strong></span> <span class='ocrx_word' id='word_1_332' title='bbox 963 2354 989 2378; x_wconf 90' lang='grc' dir='ltr'><em>α</em></span> <span class='ocrx_word' id='word_1_333' title='bbox 1030 2340 1198 2386; x_wconf 76' lang='lat' dir='ltr'><strong>dextris,</strong></span> <span class='ocrx_word' id='word_1_334' title='bbox 1237 2339 1478 2377; x_wconf 78' lang='lat' dir='ltr'><strong>occidentem</strong></span> 
     </span>
     <span class='ocr_line' id='line_1_41' title="bbox 32 2393 1477 2448; baseline 0.003 -22"><span class='ocrx_word' id='word_1_335' title='bbox 32 2399 222 2442; x_wconf 83' lang='lat' dir='ltr'><strong>spectans,</strong></span> <span class='ocrx_word' id='word_1_336' title='bbox 252 2406 328 2446; x_wconf 79' lang='lat' dir='ltr'><strong>quo</strong></span> <span class='ocrx_word' id='word_1_337' title='bbox 343 2393 406 2448; x_wconf 84' lang='lat' dir='ltr'><strong>fit</strong></span> <span class='ocrx_word' id='word_1_338' title='bbox 431 2394 642 2438; x_wconf 81' lang='lat' dir='ltr'><strong>descensus.</strong></span> <span class='ocrx_word' id='word_1_339' title='bbox 698 2395 751 2434; x_wconf 86' lang='lat' dir='ltr'><strong>In</strong></span> <span class='ocrx_word' id='word_1_340' title='bbox 789 2394 1021 2448; x_wconf 68' lang='lat' dir='ltr'><strong>quibusdam</strong></span> <span class='ocrx_word' id='word_1_341' title='bbox 1046 2407 1144 2433; x_wconf 85' lang='lat' dir='ltr'><strong>vero</strong></span> <span class='ocrx_word' id='word_1_342' title='bbox 1180 2393 1272 2430; x_wconf 87' lang='lat' dir='ltr'><strong>aliis</strong></span> <span class='ocrx_word' id='word_1_343' title='bbox 1309 2394 1477 2431; x_wconf 82' lang='lat' dir='ltr'><strong>ecclesiis</strong></span> 
     </span>
     <span class='ocr_line' id='line_1_42' title="bbox 31 2442 1478 2504; baseline 0.003 -23"><span class='ocrx_word' id='word_1_344' title='bbox 31 2442 220 2484; x_wconf 81' lang='lat' dir='ltr'><strong>diaconus</strong></span> <span class='ocrx_word' id='word_1_345' title='bbox 236 2461 326 2496; x_wconf 84' lang='lat' dir='ltr'><strong>una,</strong></span> <span class='ocrx_word' id='word_1_346' title='bbox 358 2449 615 2489; x_wconf 78' lang='lat' dir='ltr'><strong>subdiaconus</strong></span> <span class='ocrx_word' id='word_1_347' title='bbox 637 2451 764 2489; x_wconf 84' lang='lat' dir='ltr'><strong>altera</strong></span> <span class='ocrx_word' id='word_1_348' title='bbox 781 2452 823 2488; x_wconf 90' lang='lat' dir='ltr'><strong>in</strong></span> <span class='ocrx_word' id='word_1_349' title='bbox 844 2451 1038 2504; x_wconf 85' lang='lat' dir='ltr'><strong>pulpitum</strong></span> <span class='ocrx_word' id='word_1_350' title='bbox 1069 2464 1135 2488; x_wconf 88' lang='lat' dir='ltr'><strong>seu</strong></span> <span class='ocrx_word' id='word_1_351' title='bbox 1154 2447 1358 2487; x_wconf 88' lang='lat' dir='ltr'><strong>ambonem</strong></span> <span class='ocrx_word' id='word_1_352' title='bbox 1383 2462 1478 2486; x_wconf 88' lang='lat' dir='ltr'><strong>con-</strong></span> 
     </span>
     <span class='ocr_line' id='line_1_43' title="bbox 30 2498 1479 2556; baseline 0.003 -20"><span class='ocrx_word' id='word_1_353' title='bbox 30 2499 192 2538; x_wconf 84' lang='lat' dir='ltr'><strong>scendit.</strong></span> <span class='ocrx_word' id='word_1_354' title='bbox 251 2501 326 2541; x_wconf 89' lang='lat' dir='ltr'><strong>Est</strong></span> <span class='ocrx_word' id='word_1_355' title='bbox 353 2517 447 2556; x_wconf 84' lang='lat' dir='ltr'><strong>ergo</strong></span> <span class='ocrx_word' id='word_1_356' title='bbox 490 2518 566 2543; x_wconf 86' lang='lat' dir='ltr'><strong>vox</strong></span> <span class='ocrx_word' id='word_1_357' title='bbox 605 2506 757 2544; x_wconf 85' lang='lat' dir='ltr'><strong>Graeca</strong></span> <span class='ocrx_word' id='word_1_358' title='bbox 786 2498 948 2555; x_wconf 73' lang='grc' dir='ltr'><em>ἇμβων,</em></span> <span class='ocrx_word' id='word_1_359' title='bbox 986 2498 1194 2555; x_wconf 72' lang='grc' dir='ltr'><em>ἅμβωνος,</em></span> <span class='ocrx_word' id='word_1_360' title='bbox 1239 2517 1342 2555; x_wconf 83' lang='lat' dir='ltr'><strong>quae</strong></span> <span class='ocrx_word' id='word_1_361' title='bbox 1375 2504 1479 2541; x_wconf 85' lang='lat' dir='ltr'><strong>inter</strong></span> 
     </span>
     <span class='ocr_line' id='line_1_44' title="bbox 31 2555 1476 2608; baseline 0.003 -18"><span class='ocrx_word' id='word_1_362' title='bbox 31 2559 161 2592; x_wconf 83' lang='lat' dir='ltr'><strong>cetera</strong></span> <span class='ocrx_word' id='word_1_363' title='bbox 180 2555 372 2607; x_wconf 81' lang='lat' dir='ltr'><strong>significat</strong></span> <span class='ocrx_word' id='word_1_364' title='bbox 389 2573 592 2598; x_wconf 87' lang='lat' dir='ltr'><strong>ascensum</strong></span> <span class='ocrx_word' id='word_1_365' title='bbox 613 2569 652 2599; x_wconf 88' lang='lat' dir='ltr'><strong>et</strong></span> <span class='ocrx_word' id='word_1_366' title='bbox 667 2560 799 2599; x_wconf 88' lang='lat' dir='ltr'><strong>locum</strong></span> <span class='ocrx_word' id='word_1_367' title='bbox 831 2560 983 2599; x_wconf 89' lang='lat' dir='ltr'><strong>editum</strong></span> <span class='ocrx_word' id='word_1_368' title='bbox 1005 2589 1016 2608; x_wconf 86' lang='lat'><strong>‚</strong></span> <span class='ocrx_word' id='word_1_369' title='bbox 1038 2575 1059 2598; x_wconf 84' lang='lat' dir='ltr'><strong>a</strong></span> <span class='ocrx_word' id='word_1_370' title='bbox 1080 2558 1203 2597; x_wconf 86' lang='lat' dir='ltr'><strong>verbo</strong></span> <span class='ocrx_word' id='word_1_371' title='bbox 1229 2557 1443 2606; x_wconf 78' lang='grc' dir='ltr'><em>α’ναβαίνω</em></span> <span class='ocrx_word' id='word_1_372' title='bbox 1465 2587 1476 2606; x_wconf 93' lang='grc'>,</span> 
     </span>
     <span class='ocr_line' id='line_1_45' title="bbox 36 2608 1476 2668; baseline 0.002 -22"><span class='ocrx_word' id='word_1_373' title='bbox 36 2608 145 2660; x_wconf 90' lang='lat' dir='ltr'><strong>quod</strong></span> <span class='ocrx_word' id='word_1_374' title='bbox 170 2617 226 2649; x_wconf 88' lang='lat' dir='ltr'><strong>est</strong></span> <span class='ocrx_word' id='word_1_375' title='bbox 243 2613 427 2652; x_wconf 79' lang='lat' dir='ltr'><strong>ascendo.</strong></span> <span class='ocrx_word' id='word_1_376' title='bbox 475 2615 641 2668; x_wconf 81' lang='lat' dir='ltr'><strong>Cap.15.</strong></span> <span class='ocrx_word' id='word_1_377' title='bbox 660 2615 819 2655; x_wconf 87' lang='lat' dir='ltr'><strong>concilii</strong></span> <span class='ocrx_word' id='word_1_378' title='bbox 836 2615 1103 2657; x_wconf 80' lang='lat' dir='ltr'><strong>Laodicensis,</strong></span> <span class='ocrx_word' id='word_1_379' title='bbox 1118 2612 1225 2664; x_wconf 79' lang='lat' dir='ltr'><strong>quod</strong></span> <span class='ocrx_word' id='word_1_380' title='bbox 1237 2615 1388 2651; x_wconf 78' lang='lat' dir='ltr'><strong>Graece</strong></span> <span class='ocrx_word' id='word_1_381' title='bbox 1403 2619 1476 2659; x_wconf 85' lang='lat' dir='ltr'><strong>cst,</strong></span> 
     </span>
     <span class='ocr_line' id='line_1_46' title="bbox 33 2661 1473 2723; baseline 0.013 -23"><span class='ocrx_word' id='word_1_382' title='bbox 33 2661 113 2701; x_wconf 77' lang='grc' dir='ltr'><strong>τῶν</strong></span> <span class='ocrx_word' id='word_1_383' title='bbox 143 2662 215 2703; x_wconf 71' lang='grc' dir='ltr'><strong>ἐπὶ</strong></span> <span class='ocrx_word' id='word_1_384' title='bbox 239 2663 311 2704; x_wconf 84' lang='grc' dir='ltr'><em>τὸν</em></span> <span class='ocrx_word' id='word_1_385' title='bbox 335 2661 510 2717; x_wconf 80' lang='grc' dir='ltr'><em>ἄμβωνα</em></span> <span class='ocrx_word' id='word_1_386' title='bbox 535 2668 873 2721; x_wconf 62' lang='grc' dir='ltr'><em>ἀναβαινόντων,</em></span> <span class='ocrx_word' id='word_1_387' title='bbox 915 2671 1055 2710; x_wconf 86' lang='lat' dir='ltr'><strong>Latine</strong></span> <span class='ocrx_word' id='word_1_388' title='bbox 1083 2668 1251 2720; x_wconf 67' lang='lat' dir='ltr'><strong>legitur,</strong></span> <span class='ocrx_word' id='word_1_389' title='bbox 1292 2669 1363 2723; x_wconf 74' lang='grc' dir='ltr'><strong>(Ιαὶ</strong></span> <span class='ocrx_word' id='word_1_390' title='bbox 1380 2667 1473 2722; x_wconf 67' lang='grc' dir='ltr'>1Μῖ·</span> 
     </span>
     <span class='ocr_line' id='line_1_47' title="bbox 27 2717 610 2771; baseline 0.015 -15"><span class='ocrx_word' id='word_1_391' title='bbox 27 2717 156 2771; x_wconf 75' lang='lat' dir='ltr'><strong>pitum</strong></span> <span class='ocrx_word' id='word_1_392' title='bbox 185 2721 410 2762; x_wconf 83' lang='lat' dir='ltr'><strong>ascendunt.</strong></span> <span class='ocrx_word' id='word_1_393' title='bbox 441 2738 610 2765; x_wconf 59' lang='lat' dir='ltr'><strong>roxum.</strong></span> 
     </span>
    </p>
   </div>
  </div>
 </body>
</html>
