1794 3158
309 147 424 214 404
821 160 1232 203 ANNOTATmNEs

308 268 444 306 rietus-,1
499 264 637 314 Ceteri,
664 263 734 318 qui
750 263 794 301 in
820 262 1012 313 legatione
1041 269 1204 300 mortem
1242 259 1428 310 obiemnt,
1462 259 1522 300 ad
1544 262 1732 300 incertam

308 323 414 359 vitae
461 320 676 374 periculum
729 318 808 355 sine
843 316 924 354 ullo
963 317 1099 354 mortis
1140 324 1240 354 metu
1274 316 1444 370 profecti
1474 325 1581 355 sunt.-
1638 316 1732 354 Ser—

309 377 395 414 vius
433 375 628 428 Sulpicius
659 386 745 410 cum
778 370 914 426 aliqua
951 371 1214 424 perveniendi
1247 371 1305 409 ad
1335 371 1394 410 M.
1425 369 1637 409 Antonium
1666 383 1734 424 spe

303 431 498 485 profieetus
532 437 587 465 est
609 456 619 474 ‚
664 427 774 464 nulla
813 424 1041 463 revertendi.
1101 425 1182 479 Qui
1210 439 1297 463 cum
1334 426 1390 463 ita
1420 424 1576 478 uffectus
1615 434 1730 470 esset,

310 494 352 523 ut
371 514 383 535 ‚
427 485 463 521 si
498 483 555 520 ad
587 494 751 534 gravem
783 481 1046 518 valetudinem
1086 480 1198 518 labor
1243 480 1347 518 vitae
1381 482 1593 518 accessisset
1608 508 1618 527 ‚
1660 480 1737 517 sibi

309 541 390 593 ipse
418 537 640 592 diffideret,
669 549 746 574 non
779 535 975 573 recusavit
991 563 1003 583 ,
1044 535 1244 589 quominus
1280 535 1347 572 vel
1377 535 1419 573 in
1451 543 1629 573 extremo
1651 533 1734 585 spi-

309 595 401 641 ritu,
416 593 453 629 si
479 605 598 645 quam
631 604 746 644 opem
777 591 838 627 rei
857 589 1040 644 publicae
1048 590 1166 640 serre
1187 597 1334 643 posset⁷
1362 604 1416 628 ex
1444 589 1620 629 eriretur.
1646 587 1734 627 Ita·

308 662 381 701 que
407 659 485 684 non
502 643 613 683 illum
630 646 691 683 vis
716 645 867 691 hiemis,
902 658 980 683 non
1002 644 1125 691 nives,
1144 657 1222 682 non
1241 604 1442 696 longitud?
1461 644 1628 695 itineris,
1655 657 1734 681 non

308 702 496 755 asperitas
529 701 701 747 viarum,
743 713 821 737 non
856 699 1007 737 morbus
1045 700 1312 751 ingravescens
1344 698 1587 737 retardavit:
1626 712 1735 736 cum-

309 771 381 810 que
420 756 502 793 iam
541 754 599 792 ud
634 768 875 806 congressum
917 754 1223 808 colloquiumque
1253 754 1333 791 eius
1367 754 1628 807 pervenisset,
1679 751 1738 791 od

308 824 422 865 quem
439 819 527 848 erut
550 810 702 856 missus,
741 809 783 846 in
822 809 909 862 ipsa
942 822 1036 846 cura
1065 817 1102 847 et
1138 807 1386 848 medicatione
1414 807 1582 848 obeundi
1602 821 1735 847 'nune-

308 867 363 904 ris
386 865 448 903 sui
473 863 640 903 excessit
658 878 680 901 e
698 864 783 902 vita
818 869 892 904 etc.
936 876 1109 904 PONTAN.

417 918 521 971 Pug.
552 932 620 971 97,
656 918 695 956 3.
730 913 834 955 κατὰ
864 912 910 955 τὸ
941 914 1175 965 Βυζάντιον
1204 917 1260 959 M.

416 974 597 1026 Pag.97‚
617 985 652 1025 7.
685 986 706 1010 e
737 971 867 1010 malo
895 971 1014 1010 boni
1038 973 1315 1026 quippiam
1340 971 1611 1024 exsistere.
1637 969 1737 1009 Sen-

306 1029 430 1068 tentia
460 1034 517 1067 est
552 1027 649 1064 haee
678 1026 864 1065 fortasse:
896 1039 986 1064 cum
1016 1026 1070 1064 ita
1094 1025 1329 1065 tumultuari
1347 1027 1588 1079 miscereque
1604 1027 1739 1064 omnia

305 1083 457 1122 malum
486 1082 549 1129 sit,
580 1094 660 1119 non
690 1095 803 1133 posse
829 1080 921 1119 inde
949 1081 1153 1134 quippiam
1173 1081 1269 1119 boni
1297 1081 1535 1133 exspectari:
1569 1094 1651 1125 seu,
1683 1081 1740 1118 ni-

307 1138 366 1176 hil
395 1136 663 1190 profuturum‚
696 1149 788 1175 cum
818 1135 923 1173 mala
951 1149 1032 1173 non
1064 1136 1159 1175 dent
1185 1136 1308 1186 bona,
1338 1136 1413 1174 nisi
1444 1149 1514 1187 per
1541 1135 1738 1184 accidens,

306 1200 353 1231 ut
379 1192 598 1246 loquuntur
625 1190 865 1243 philosophi.
924 1189 1058 1242 Atque
1090 1191 1144 1229 ita
1171 1191 1312 1229 merito
1343 1204 1384 1229 se
1411 1189 1498 1229 illos
1524 1190 1740 1242 reprehen-

310 1247 416 1285 dere.
476 1244 583 1284 Mala
615 1245 776 1297 quidem
805 1251 911 1283 certe
947 1245 1126 1284 facienda
1162 1259 1245 1283 non
1283 1252 1375 1284 sunt
1395 1273 1407 1294 ,
1438 1252 1484 1283 ut
1518 1245 1608 1284 inde
1636 1245 1741 1283 bona

310 1303 511 1340 eveniant.
567 1299 743 1339 Effectus
772 1301 876 1339 enim
905 1313 951 1339 ex
991 1313 1110 1339 causa
1136 1299 1241 1339 mala
1268 1299 1539 1339 commendari
1566 1313 1647 1339 non
1674 1312 1742 1339 so-

310 1356 376 1398 let.
419 1369 590 1396 PONTAN.

773 1400 791 1421 ἲ
1298 1411 1318 1420 υ

421 1411 522 1463 Pag.
550 1424 619 1463 97,
657 1424 722 1449 20.
757 1423 789 1448 ω
818 1409 909 1453 add.
938 1410 993 1451 M.
1024 1417 1115 1450 ante
1141 1411 1330 1461 βασιλευ.

421 1465 523 1517 Pag.
553 1466 619 1518 98,
647 1464 687 1507 6.
717 1461 790 1503 ἐὰν
819 1465 866 1504 δὲ
892 1462 950 1517 μή
980 1464 1037 1504 Μ.
1070 1473 1109 1504 et
1137 1480 1245 1518 supr.
1274 1466 1344 1510 lin.
1365 1464 1557 1519 βούλητε.

422 1519 524 1572 Pag.
555 1519 622 1571 98,
661 1519 722 1558 15.
754 1513 861 1558 ὥστε
891 1522 950 1558 M.
980 1534 1053 1572 pro
1081 1519 1139 1565 εἰς
1168 1518 1228 1558 τὸ.

424 1575 526 1626 Pag.
541 1587 607 1626 99,
626 1588 665 1626 9.
697 1575 850 1612 unius
877 1576 1010 1612 enim
1040 1575 1255 1612 claritas
1284 1574 1505 1614 alterius
1530 1575 1741 1613 eversio.

315 1628 435 1679 Quod
451 1630 554 1666 senis
577 1630 795 1680 potentiam
814 1637 853 1667 et
870 1631 1159 1676 auctoritatem,
1178 1629 1300 1668 hostis
1319 1631 1392 1680 tui,
1421 1630 1664 1678 videbamus,
1684 1644 1747 1668 sa-

313 1685 389 1723 luti
403 1691 495 1721 tuae
510 1682 760 1730 timebamus,
781 1690 819 1720 et
847 1683 994 1721 idcirco
1023 1684 1215 1722 dabamus
1236 1684 1339 1724 illius
1355 1684 1418 1723 vel
1435 1685 1746 1737 constringendi,

313 1739 379 1779 vel
409 1737 632 1787 occidendi,
665 1737 726 1775 vel
759 1739 878 1775 etiam
903 1737 1076 1789 fugiendi
1104 1738 1279 1778 consilia.
1333 1740 1450 1778 Nunc
1480 1741 1650 1779 vicissim
1677 1746 1748 1778 tua

314 1793 494 1847 potentia
537 1793 579 1830 fit
610 1790 716 1830 illius
750 1790 1022 1840 imbecillitas,
1059 1799 1127 1830 tua
1169 1794 1293 1845 gloria
1330 1793 1435 1833 illius
1465 1801 1745 1846 contemptus:

315 1849 434 1901 idque
460 1849 546 1885 iure
575 1846 742 1898 optimo,
773 1849 866 1898 quia
883 1847 967 1898 ipse
994 1854 1033 1884 te
1062 1846 1111 1884 ad
1138 1847 1235 1885 haec
1256 1850 1394 1900 coegit.
1441 1849 1554 1888 Hanc
1580 1850 1748 1887 istorum

317 1910 356 1942 et
382 1916 472 1942 mox
503 1901 751 1954 sequentium
779 1900 995 1940 verborum
1013 1903 1247 1939 sententiam
1277 1917 1358 1941 esse
1385 1903 1531 1942 iudico.
1574 1916 1748 1945 ΡοΝτΑΝ.

426 1958 527 2008 Pag.
561 1969 649 2005 100,
676 1969 733 1993 12.
772 1955 1061 2003 nobilibus,
1106 1956 1320 1995 ducibus
1347 1959 1590 2000 omnibus.
1638 1958 1749 2008 Quos

319 2026 455 2064 supra,
477 2012 591 2049 initio
610 2011 749 2062 capitis
765 2006 862 2055 τούς
889 2008 971 2048 τῶν
998 2005 1216 2060 ταγμάτων
1238 2007 1449 2062 ἡγεμόνας,
1472 2026 1547 2051 eos
1568 2012 1632 2051 hic
1652 2007 1750 2058 τούς

318 2067 389 2118 τῆς
412 2062 639 2117 συγκλήτου
663 2065 845 2117 appellat.
874 2064 983 2102 Scire
1001 2065 1121 2117 igitur
1142 2064 1248 2114 licet,
1269 2061 1488 2117 σύγκλητον
1514 2072 1554 2104 et
1577 2068 1749 2119 συγκλη-

319 2117 459 2166 τικούς
486 2119 565 2158 late
585 2121 768 2171 usurpari
795 2134 820 2158 a
844 2127 981 2158 nostro
1010 2127 1186 2170 auctore,
1216 2127 1260 2158 ut
1288 2134 1405 2172 supra
1427 2121 1478 2158 ad
1497 2129 1615 2173 eaput
1630 2123 1751 2174 quin-

319 2182 409 2214 tum
425 2175 559 2212 docui.
585 2174 696 2213 Sicut
716 2172 755 2213 οἱ
775 2174 820 2213 ἐν
839 2172 946 2213 τέλει
971 2174 1078 2226 apud
1107 2188 1196 2212 eum
1225 2174 1330 2213 idem
1348 2189 1463 2228 saepe
1491 2176 1612 2226 valet,
1641 2176 1750 2228 quod

323 2227 526 2279 εὐγενεῖς,
559 2226 903 2281 ἐπιφανέστεροι,
944 2221 1123 2279 ἄριστοι.
1179 2230 1314 2280 Quare
1352 2244 1424 2268 nec
1460 2230 1560 2269 illud
1598 2244 1751 2283 semper

323 2284 466 2321 Latine
498 2289 556 2320 est
583 2289 739 2321 senatus
761 2311 773 2332 ‚
807 2284 954 2321 civicus
981 2284 1144 2335 inquam
1165 2312 1176 2333 ,
1218 2298 1290 2322 nec
1325 2284 1401 2322 hoc
1445 2299 1598 2338 semper
1629 2285 1752 2324 habet

323 2338 527 2376 notionem
556 2337 804 2388 magistratus
821 2367 832 2388 ‚
866 2336 936 2375 sed
958 2351 1075 2391 saepe
1103 2339 1295 2390 primores
1313 2369 1324 2388 ‚
1354 2353 1551 2392 proceres,
1579 2342 1753 2391 optima-

320 2399 385 2442 tes
425 2398 463 2430 et
494 2390 739 2430 nobilitatem
782 2392 987 2446 significat.
1043 2393 1250 2432 Interdum
1277 2408 1369 2434 cum
1398 2393 1455 2450 τῷ
1490 2392 1753 2446 συγκλητικοὶ

326 2445 600 2486 confunditur.
634 2459 806 2485 PONTAN.

436 2499 543 2551 Pag.
566 2513 654 2546 100,
678 2514 740 2553 19.
772 2510 818 2539 et
834 2499 855 2524 *
876 2500 1199 2543 caballario.
1232 2503 1360 2541 Huius
1376 2502 1587 2542 caballarii
1606 2517 1752 2542 nomen

329 2556 479 2594 Graece
507 2555 562 2592 sic
604 2555 774 2605 positum
811 2563 893 2605 est,
934 2556 1217 2608 φραμπέριντε
1252 2554 1478 2608 τεμπινιόλ.
1538 2558 1646 2607 Quid
1676 2557 1752 2596 hoe

314 2609 495 2651 .monstri
514 2611 533 2646 ?
587 2607 650 2646 Tu
680 2610 858 2658 confice,
902 2611 935 2648 si
976 2611 1047 2652 vis.
1103 2612 1205 2650 Sunt
1232 2618 1271 2650 et
1298 2611 1374 2650 alia
1401 2613 1562 2664 propria
1590 2612 1754 2651 mirabi-

330 2665 420 2705 liter
447 2669 633 2714 corrupta
654 2663 693 2700 in
725 2662 800 2702 hac
825 2663 1016 2713 historia,
1056 2665 1163 2717 quod
1194 2673 1326 2704 tamen
1357 2680 1438 2704 non
1466 2681 1620 2719 semper
1655 2667 1753 2706 vitio

331 2718 588 2759 librariorum
615 2717 912 2759 attribuendum
939 2726 1012 2763 est.
1056 2733 1224 2762 PONTAN.
1283 2719 1539 2776 φαμπέριντε
1569 2722 1623 2765 Μ.
