1794 3158
415 145 489 186 An
534 145 910 188 CANTAcUzEm
944 148 1055 189 r1⁴13.
1098 149 1130 188 1.
1383 129 1492 186 385

54 245 221 299 magnis
250 258 296 284 ac
341 245 558 300 Splendidis
601 254 738 300 postea
778 249 995 288 virtutibus
1029 248 1238 288 emendata
1279 256 1399 299 sunt,
1455 257 1495 289 et

49 314 142 340 cum
178 300 475 340 Cantacuzenus
517 316 684 352 amore,
729 310 816 342 tum
844 305 1042 357 Gregoras
1079 304 1173 344 odio
1220 312 1407 357 peccare:
1453 312 1493 343 et

49 353 120 395 ille
156 355 352 408 quaedam
381 370 476 396 vera
504 358 681 397 omisisse
697 387 710 409 ,
751 357 818 397 hic
849 358 976 398 multa
1013 360 1095 398 non
1122 367 1217 400 vera
1245 360 1287 398 in
1316 360 1494 398 medium

42 408 229 451 >attulisse
253 411 397 463 potuit.
437 424 611 454 Pom-An.

165 465 270 517 Pag.
299 479 366 519 27,
404 478 467 519 ¹7·
524 464 598 506 τὸν
626 462 697 505 ἐπὶ
721 465 793 518 τῆς
829 467 1016 520 κεφαλῆς
1044 467 1184 518 λίθον,
1225 468 1399 521 lapidem
1422 482 1493 507 su-

50 531 125 572 pra
144 526 279 571 caput,
308 518 482 573 lapidem
512 521 650 574 utique
677 522 924 573 pretiosum,
965 522 1150 575 qualibus
1181 523 1306 577 pileus
1336 523 1402 563 ille
1429 524 1492 562 di-

49 574 340 626 stinguebatur.
396 575 452 614 Et
478 575 652 615 fortassis
683 576 749 614 hic
779 575 896 622 λίθος
933 578 974 615 in
1015 580 1167 629 apicem
1208 593 1380 622 coronae
1409 580 1493 616 eius

50 628 242 677 insertus,
286 629 474 670 visendae
505 630 790 683 magnitudinis
821 638 918 671 erat.
975 631 1094 670 Certe
1121 634 1239 672 etiam
1264 634 1334 674 lib.
1362 632 1400 683 4.
1428 634 1491 671 di-

49 682 154 721 citur
182 683 287 738 λίθῳ
327 685 629 737 κεκοσμημένος
671 687 800 731 πῖλος.
857 686 1025 724 Subiicit
1065 701 1181 736 mox,
1221 689 1380 741 imperii
1409 702 1492 727 esse

0 742 1 745 ’
49 737 292 790 symbolum.
347 738 467 777 Unde
495 746 604 792 patet
629 738 932 790 συνεκδοχικῶς
959 740 1159 781 locutum:
1197 757 1291 782 nam
1319 758 1399 781 non
1430 742 1491 781 la-

41 793 123 844 -piS‚
153 794 408 845 quantumvis
429 796 637 846 pretiosus,
668 794 739 832 sed
767 808 929 844 corona,
946 797 1062 843 tiara,
1087 805 1156 836 aut
1172 797 1353 836 diadema
1383 812 1492 850 sym-

40 845 189 890 bolum
216 861 262 886 ac
291 849 448 901 signum
476 856 534 888 est
566 850 735 902 imperii.
778 849 1152 901 Cassidisjbrmam
1182 853 1372 906 hodieque
1396 853 1490 890 reti-

46 911 140 940 nent
158 902 328 957 usczfiae
355 903 587 953 Turcarum,
625 905 757 957 inquit
789 905 831 942 in
854 905 1058 944 Pandecte
1087 906 1277 945 historiae
1294 908 1490 946 Turcicae

47 956 332 1008 Leunclavius‚
361 959 487 997 instar
510 959 652 1013 pileoli
683 959 855 1007 rotundi,
885 961 1014 998 ovalis
1029 961 1212 1015 figurae,
1237 962 1304 1000 vel
1330 963 1493 1000 rotundi

45 1012 180 1060 calicis
197 1041 207 1060 ‚
238 1013 382 1067 absque
414 1013 637 1067 pedunculo
661 1015 804 1065 sactae
817 1032 828 1052 :
855 1016 1074 1054 cuiusmodi
1090 1030 1255 1055 coronas
1281 1018 1415 1065 ovales
1433 1031 1488 1055 ex

40 1064 146 1105 ¹auro
174 1067 300 1106 solido
324 1077 474 1119 gestare
502 1069 680 1108 solebant
703 1070 954 1122 imperatores
986 1071 1134 1109 Graeci
1152 1101 1162 1118 ‚
1192 1072 1390 1126 planeque
1425 1080 1486 1110 ta-

46 1119 96 1163 lis
122 1123 242 1160 etiam
271 1123 543 1176 imponebatur
569 1123 610 1161 T
605 1124 780 1176 lieolepto
801 1126 1070 1178 patriarchae,
1097 1140 1185 1164 cum
1205 1140 1274 1165 nos
1299 1127 1488 1165 Constan-

44 1176 212 1229 tinopoli
229 1191 389 1215 essemus
405 1206 418 1225 ,
460 1192 487 1216 a
514 1178 659 1217 duobus
686 1179 780 1216 aliis
815 1188 902 1218 tunc
933 1180 1076 1218 ibidem
1105 1182 1371 1234 praesentibus
1401 1195 1486 1235 pa—

44 1231 225 1270 triarchis
246 1260 258 1279 ‚
286 1231 487 1283 Sylvestro
519 1232 803 1272 Alexandrino
840 1243 879 1272 et
915 1235 1108 1273 Mz‘chaele
1129 1234 1386 1284 Antiocheno,
1419 1237 1487 1274 die

40 1298 112 1331 ,1,0.
151 1285 296 1325 Martii·
307 1314 320 1336 ‚
357 1301 461 1326 anno
490 1287 708 1327 Christiano
741 1286 873 1337 1585„
910 1293 987 1342 quo'
1013 1299 1186 1343 tempore
1213 1291 1264 1328 ab
1291 1291 1346 1329 eis
1371 1292 1486 1329 inau-

41 1340 274 1393 gurabatur,
312 1341 420 1396 quod
450 1341 595 1381 Graeci
626 1351 771 1381 vocant
806 1344 848 1381 in
882 1345 1060 1382 thronum
1094 1345 1293 1384 collocari.
1350 1345 1488 1383 Solent

42 1395 232 1450 hodieque
266 1394 474 1434 Genitzari
494 1406 533 1435 et
565 1398 642 1436 alii
664 1397 825 1435 ditiores
846 1411 902 1436 ex
932 1413 1029 1438 auro
1057 1399 1182 1438 solido
1196 1400 1338 1450 factas
1373 1414 1487 1438 uscu-

23 1449 115 1506 flas
130 1459 292 1503 gestare.
346 1450 472 1490 Becos
493 1453 575 1506 ipse
598 1452 686 1490 vidi
701 1453 756 1490 sic
783 1462 953 1502 ornatos,
985 1455 1056 1507 qui
1079 1453 1238 1492 Sulcani
1267 1454 1486 1493 Tur-carum

39 1508 212 1554 'cursores
232 1514 342 1553 sunt,
383 1507 527 1545 circum
547 1507 673 1560 ipsum
705 1521 858 1560 semper
882 1508 1195 1560 obambulantes,
1227 1523 1347 1562 quum
1371 1524 1393 1548 e
1419 1523 1486 1549 sa-

28 1560 130 1614 ,έῃᾳίο
173 1575 235 1599 seu
261 1561 417 1615 palatio
437 1561 588 1615 prodit.
617 1575 786 1601 PONTAN.

36 1612 40 1618 ²
152 1615 254 1667 Pag.
276 1629 341 1668 27,
375 1628 432 1668 ¹9.
463 1615 789 1666 διακαρτερῆσαι
816 1616 875 1655 Μ.

150 1669 256 1722 Pag.
277 1670 345 1720 28,
369 1683 408 1708 2.
437 1665 676 1721 ἐπανελθών
702 1671 760 1708 Μ.

153 1723 255 1776 Pag.
275 1723 343 1774 28,
363 1724 399 1763 3.
429 1726 605 1762 anima
621 1739 660 1762 m
699 1726 863 1778 ipsam
897 1734 1167 1766 eructans.
1187 1724 1396 1764 Praecedit
1409 1726 1484 1774 βα-

0 1775 3 1831 ζ
36 1779 116 1831 ρέα
136 1778 359 1829 στενάχων,
390 1779 590 1831 quomodo
610 1780 808 1818 Homerus
837 1779 1026 1832 loquitur.
1050 1778 1194 1832 ψυχὴν
1211 1779 1483 1831 ἐρευγόμενος

39 1834 175 1888 ipsene
213 1832 396 1883 finxerit,
426 1847 475 1872 an
510 1834 561 1872 ab
595 1834 770 1872 Homero
797 1834 924 1874 aliove
955 1843 1073 1888 poeta
1102 1836 1330 1886 sumpserit,
1363 1842 1402 1872 et
1430 1849 1484 1873 an

38 1890 217 1942 priorem
257 1902 397 1930 vocem
438 1890 654 1929 mutaverit
674 1918 687 1942 ,
737 1890 768 1928 si
808 1890 972 1930 forsitan
1011 1889 1135 1943 μῆνιν
1176 1891 1277 1938 fuit,
1325 1890 1481 1943 ignoro.

39 1957 215 1986 vossun.
759 1991 762 1994 Α

51 2037 53 2040 ,
150 1999 252 2052 Pag.
288 1998 356 2048 28,
392 2014 433 2053 9.
492 1999 575 2039 ταῖν
607 1997 669 2037 ἐπ’
709 1999 838 2055 ἀρετῇ
875 1997 947 2039 καί
979 2000 1206 2055 φιλοσοφίᾳ
1246 1997 1479 2051 γνωριζιιων.

26 2051 306 2107 .Philosophia
344 2069 426 2093 non
465 2068 621 2107 semper
661 2064 720 2094 est
752 2055 820 2094 illa
859 2056 1090 2094 divinarum
1135 2056 1483 2106 humanarumque

38 2100 175 2162 ferum
207 2111 404 2163 cognitio:
437 2124 550 2162 saepe
578 2109 685 2149 enim
714 2109 920 2149 liberalem
948 2111 1185 2160 doctrinam,
1202 2124 1271 2149 seu
1290 2108 1483 2146 eruditio-

20 2160 133 2214 Jpem
162 2165 400 2218 ingenuam,
442 2179 511 2204 seu
541 2165 781 2218 φιλολογίαν
811 2166 954 2204 Graeci
982 2165 1058 2204 hoc
1083 2166 1209 2204 verbo
1229 2165 1479 2216 exprimunt:

20 2220 27 2265 ’ᾗ
39 2218 234 2261 Isocrates
263 2219 459 2272 inprimiS‚
477 2222 542 2272 (ex
577 2234 656 2272 quo
682 2220 798 2273 plura
831 2221 1057 2259 testimonia
1082 2220 1266 2259 Budaeus
1295 2218 1480 2270 prosert‚)

28 2275 114 2327 *qni
142 2276 259 2313 etiam
286 2276 466 2313 oratione
493 2273 590 2326 περὶ
617 2273 690 2325 τῆς
722 2270 884 2327 εἰρήνης
910 2275 952 2313 in
992 2274 1070 2313 fine
1117 2271 1379 2328 φιλοσόφους
1407 2286 1482 2310 νο-

28 2326 105 2379 {cat
134 2329 316 2368 homines
346 2328 569 2368 litterarum
598 2330 818 2377 studiosos,
852 2330 946 2382 quia
990 2337 1030 2368 et
1059 2332 1304 2382 φιλοσοφεῖν
1348 2340 1479 2365 σπου-

26 2377 187 2432 Ῑράζειν
216 2384 420 2438 significat.
476 2384 586 2423 Sacri
618 2385 826 2437 scriptores
854 2385 1024 2432 Graeci,
1070 2385 1246 2423 studium
1282 2383 1389 2421 vitae
1418 2383 1480 2419 in·-

27 2445 231 2488 ,pocenter
270 2446 309 2478 et
365 2445 501 2478 sancte
551 2439 732 2492 agundae
768 2439 1011 2492 frequentius
1053 2440 1306 2492 φιλοσοφίαν
1346 2437 1478 2475 nomi-

39 2500 166 2532 nant:
197 2494 291 2547 quia
315 2495 505 2532 nimirum
536 2495 653 2533 timor
680 2494 848 2533 Domini
872 2494 1083 2548 disciplina
1100 2496 1313 2549 sapientiae
1330 2521 1340 2540 ,
1377 2491 1481 2530 Pro-

35 2547 154 2587 verb.
187 2549 314 2601 capite
340 2548 496 2588 decimo
527 2551 683 2601 quinto.
728 2564 904 2590 PONTAN.

154 2601 255 2655 Pag.
275 2603 343 2653 28,
369 2619 430 2657 19.
464 2604 767 2659 quandoque
788 2619 958 2659 paren
973 2604 1122 2643 tibus.
1163 2601 1326 2654 Saepius
1359 2614 1479 2639 avum

42 2663 196 2709 patrem
225 2660 430 2698 nominat:
464 2673 556 2698 vere
587 2660 693 2698 enim
722 2667 832 2711 pater
864 2667 937 2710 est,
958 2660 1141 2712 quamvis
1159 2672 1239 2695 non
1259 2657 1477 2709 proximus,

0 2743 2 2746 >
43 2711 111 2759 ⁸24¹
139 2713 284 2762 maior,
313 2711 389 2752 hoc
416 2721 499 2762 est,
533 2716 747 2768 antiquior.
809 2715 932 2755 Unde
962 2714 1171 2752 Germanis
1203 2712 1476 2750 Crossvatuw:

94 2790 373 2827 Cantacuzenus
396 2793 460 2827 111.
1173 2793 1215 2825 σε’»
