1800 3164
499 170 877 214 HlsTORlARUM
916 177 985 215 lv.
1033 180 1103 221 Ωιι.
1371 144 1494 233 Δ’175

57 267 171 326 ’,όρεσι
185 275 257 314 καί
269 276 499 330 σπηλαίοις,
519 273 592 316 τόν
603 273 808 329 πρόβολον
821 274 894 318 καί
899 276 1188 332 προασπιστῆν
1201 278 1275 333 τῆς
1290 278 1496 337 ὖμετέρας
1508 290 1545 323 Α.
1561 290 1598 326 C.
1615 294 1695 330 1351

22 380 32 396 Ι,
55 333 244 395 εὖκλείας
260 337 333 380 καί
351 339 486 394 δόξης,
516 337 554 380 οἱ
578 342 660 382 τῶν
678 339 809 382 θείων
828 340 1086 397 ἄσκητηρίων
1102 341 1310 399 ἡγήτορες,
1333 345 1408 400 τήν
1424 347 1496 401 τῆς
1508 337 1539 370 D

27 401 259 467 Ιρ«ἳμετεέρας
280 402 426 458 ἰσχύος
446 402 686 459 ἀκρόπολιν.
715 406 930 462 μνήσθητε
955 406 1055 457 τούς
1074 407 1179 463 ὑπὲρ
1208 406 1328 463 ὑμῶν
1356 416 1496 454 τελευ-

52 469 194 534 Ι’ναίους
207 469 368 523 α’γῶνας
380 465 523 523 αὐτοῦ,
539 473 640 525 πῶς,
655 473 930 526 πεπονηκότος
949 469 1028 529 ἤδη
1045 475 1242 526 καθάπαξ
1257 480 1332 519 τοῦ
1349 476 1498 531 σώμα-

16 525 118 600 {1⁰9
138 532 183 576 ἔκ
204 550 247 576 τε
265 536 348 576 τῶν
365 539 597 590 πολεμικῶν
618 537 882 592 τραυμάτων,
903 538 948 581 ἔκ
969 556 1013 581 τε
1029 543 1111 582 τῶν
1122 541 1320 597 ἷατρικιδν
1341 536 1497 600 καυτῆ-

52 615 151 656 ρων,
179 598 252 641 καί
269 598 373 656 πρὸς
401 602 588 644 θάνατον
615 605 811 644 ἐντεῦθεν
831 603 1115 658 ἐλαυνόμενος,
1142 606 1425 664 κατεφρόνησε
1450 626 1496 652 τε

13 666 29 710 f⁷
50 666 130 715 τοῦ
148 665 356 721 σώματος,
386 670 461 709 καί
484 669 558 722 τῆς
585 666 739 710 ἑαυτοῦ
762 670 870 723 ζωῆς
891 670 1147 726 ἀφειδήσας,
1180 675 1410 727 προθύμως
1427 676 1499 718 ἐπὶ

16 748 21 769 s
50 729 99 777 τὸ
110 732 228 787 βῆμα
246 734 318 773 καί
338 731 434 783 τούς
450 732 704 789 ἱεροφάντας
721 729 807 789 ἧκε,
827 737 898 776 καί
909 735 962 776 ου’
973 734 1171 790 πρότερον
1183 739 1345 782 ἐκεῖθεν
1362 739 1497 796 α’πήλ-

10 819 13 844 :
50 799 173 850 λαξε,
210 797 311 854 πρὶν
339 797 435 848 τούς
462 799 583 852 ὑμῶν
610 798 813 855 ὑβριστάς
841 803 914 842 καί
941 799 991 843 τὰ
1021 803 1187 844 ἐκείνων
1229 806 1489 862 διεφθορότα

38 860 238 917 ,δόγματα
267 863 340 906 καί
369 867 670 921 παρέγγραπτα
710 868 780 921 τῆς
808 867 1023 922 ἐκκλησίας
1054 868 1237 923 ναυάγια
1265 875 1495 927 συντρίψαι

49 943 95 971 τε
121 928 196 970 καὶ
220 926 330 980 ὅλοις
359 931 506 973 δοῦναι
546 933 713 987 φθορᾶς
741 931 813 973 καί
839 929 1048 983 ἀπωλείας
1067 937 1220 986 βυθοῖς
1245 952 1291 978 τε
1319 937 1393 979 καί
1418 936 1493 980 κύ-

16 1014 25 1059 ⁵,
46 997 193 1048 μασι.”
219 996 420 1046 τοιαύτας
449 999 521 1040 καί
547 996 675 1048 αὐτὸς
703 1000 800 1053 πρὶν
834 1000 1130 1055 διαφθαρῆναι
1157 999 1231 1051 τὰς
1262 1002 1387 1055 δόξας
1403 1002 1491 1060 εἶχε
1505 1016 1538 1051 Ρ.
1556 1015 1625 1050 803

45 1062 145 1117 περὶ
169 1061 253 1103 τῶν
282 1060 513 1116 δογμάτων.
533 1065 585 1106 ου’
611 1063 692 1124 γάρ
720 1063 831 1107 ἔστιν
859 1066 1002 1119 εἰπεῖν,
1033 1064 1090 1115 ὦς
1119 1069 1239 1123 ἕτερα
1265 1069 1346 1122 μὲν
1364 1065 1491 1126 ἦσαν,

46 1119 105 1169 ὧν
137 1129 316 1181 κατέγνω
365 1128 566 1182 βασιλεύς
595 1128 774 1182 δικάζων
813 1130 885 1179 καί
912 1130 1156 1188 διαφθοράν
1171 1138 1493 1192 κατεψηφίσατο

15 1191 119 1246 1,καὶ
145 1193 420 1250 παρατροπὴν
446 1197 518 1251 τῆς
551 1197 774 1251 ἀληθείας,
822 1197 944 1252 ἔτερα
977 1199 1017 1239 δ’
1055 1197 1077 1239 ὅ
1107 1199 1171 1240 ἐπ’
1200 1202 1304 1254 ἐμοῦ
1331 1218 1494 1258 γεγενη-

16 1259 167 1312 ιμένος
197 1258 325 1313 τόμος
352 1260 526 1315 ἐξήλασε
554 1263 624 1316 τῆς
656 1263 898 1318 ἐκκλησίας,
928 1265 1029 1305 καθ’
1058 1259 1111 1305 οὗ
1136 1263 1211 1322 τὴν
1237 1268 1492 1324 θαυμαστὴν

16 1324 283 1376 ’ἐπεδειξατο
313 1326 523 1381 σπουδὴν,
567 1326 674 1369 α’λλὰ
707 1326 842 1370 ταῦτα
870 1328 1151 1372 παντάπασιν.
1206 1330 1410 1383 ὡσαύτως
1444 1336 1493 1377 δὲ

41 1393 116 1433 καί
141 1394 242 1453 περί
264 1394 347 1435 ταῖν
373 1393 419 1435 ἐν
435 1387 558 1451 ’Ἄθῳ
594 1393 736 1447 ἁγίων,
768 1389 828 1436 ὧν
857 1398 995 1448 μέθας
1025 1398 1099 1437 καί
1124 1393 1396 1454 ἆδδηφαγίας
1415 1417 1491 1443 κα·-

41 1453 310 1511 ταψεύδεται,
338 1460 415 1499 τοῦ
440 1460 537 1511 βίου
566 1457 858 1515 λαμπρότερον
884 1459 1039 1511 παντὸς
1068 1461 1207 1518 φωτὸς
1225 1461 1303 1519 τήν
1323 1466 1490 1508 ἐκείνων

16 1583 17 1586 ¹
42 1522 195 1578 α’ρετὴν
222 1526 295 1566 καί
321 1522 552 1579 οἰκειότητα
584 1523 689 1580 πρὸς
715 1524 816 1567 θεὸν
845 1529 1061 1576 ποιοῦντος
1089 1529 1255 1585 ἐναργῆ.
1289 1534 1486 1574 τοσοῦτον

16 1586 120 1644 ’γὰρ
153 1589 383 1643 α’πέσχοντο
409 1591 545 1645 μέθης
571 1592 645 1632 καί
668 1593 902 1647 κραιπάλης
931 1591 1002 1634 διά
1029 1596 1151 1647 βίου,
1186 1591 1284 1637 ὅσον
1311 1596 1485 1652 ἀληθεί-

41 1670 94 1704 ας
127 1653 151 1696 ὅ
179 1657 430 1711 κατηγορῶν.
457 1653 646 1711 Ἕλληνες
671 1659 749 1710 μὲν
776 1654 851 1700 οὖν
880 1675 1010 1715 φασιν
1040 1661 1085 1701 ἐν
1113 1660 1282 1714 μύθοις,
1303 1656 1521 1708 ’‘Atiam-B

39 1718 92 1762 τά
118 1736 223 1773 τινα,
254 1722 339 1763 τῶν
375 1720 483 1774 μετὰ
523 1720 695 1775 Κρόνου
723 1726 835 1765 θεῶν
863 1727 1188 1781 καθῃρημένων,
1216 1723 1373 1781 ταύτην
1397 1725 1480 1769 ὑπο

38 1786 122 1829 τῶν
150 1787 361 1842 εἰρξάντων
388 1785 460 1843 την
487 1788 602 1843 δίκην
632 1788 953 1845 κατεψηφίσθαι
980 1789 1078 1839 τούς
1115 1793 1188 1846 τῆς
1216 1794 1292 1846 γῆς
1320 1792 1486 1847 ἀνέχειν

133 1866 165 1901 5.
191 1866 330 1913 ἰατρῶν
358 1866 438 1900 add.
463 1866 510 1899 M.
537 1872 620 1901 ante
649 1867 743 1912 ἰατρ.
843 1878 892 1902 12.
918 1868 1075 1901 τοιαῦτα
1099 1867 1136 1901 P.

39 1923 269 1959 claritudinis
321 1928 359 1958 et
407 1924 542 1970 gloriae
579 1924 806 1958 defensorem
854 1936 894 1958 ac
930 1931 1261 1970 propugnatorem:
1303 1938 1484 1964 sacrorum

38 1972 340 2007 monasteriorum
363 1971 633 2013 moderatores,
666 1973 775 2005 vestri
811 1972 950 2006 roboris
979 1983 1096 2006 arcem
1132 1972 1345 2009 desiderate.
1402 1975 1484 2009 Me-

38 2022 199 2064 mentote
225 2029 409 2063 supremos
434 2019 511 2051 eius
538 2029 602 2063 pro
628 2018 730 2052 vobis
764 2029 919 2063 agones,
947 2019 1154 2065 quomodo,
1180 2019 1375 2055 debilitato
1410 2022 1482 2055 iam

15 2080 21 2086 ·
65 2065 186 2100 cuitus
211 2070 290 2101 toto
314 2076 464 2111 corpore
500 2064 699 2099 hostilibus
735 2066 945 2099 vulneribus
986 2066 1284 2112 medicorumque
1322 2069 1483 2102 ustioni-

37 2075 133 2151 ειη,
159 2117 196 2144 et
218 2112 306 2148 inde
331 2113 377 2146 ad
398 2118 547 2146 mortem
577 2112 775 2152 tendente,
814 2123 852 2146 sc
884 2114 1142 2158 contempserit
1172 2115 1344 2160 vitaeque
1381 2114 1481 2148 haud

12 2171 16 2187 ³
37 2162 260 2206 pepercerit,
284 2159 452 2194 alacriter
476 2158 522 2191 ad
551 2159 713 2193 tribunal
739 2165 775 2192 et
801 2170 980 2193 sacrorum
1011 2160 1192 2194 antistites
1216 2162 1378 2202 venerit,
1412 2173 1482 2195 nec

38 2203 137 2252 prius
166 2206 251 2240 inde
279 2206 431 2245 abierit,
460 2218 563 2253 quam
591 2208 827 2239 insectatores
853 2212 987 2241 vestros
1028 2212 1065 2240 et
1101 2206 1296 2252 depravata
1332 2209 1480 2242 illorum

39 2251 203 2296 dogmata
238 2257 276 2287 et
308 2253 455 2287 inducta
481 2254 655 2287 ecclesiae
697 2253 882 2297 naufragia
925 2254 1136 2287 contriverit
1175 2260 1212 2288 et
1246 2256 1329 2288 imis
1354 2254 1480 2301 perdi-

37 2299 148 2335 tionis
175 2300 353 2346 exitiique
379 2300 548 2334 fluctibus
575 2300 754 2336 dederit.’'
779 2301 876 2336 Talis
902 2302 989 2334 item
1024 2302 1102 2334 eius
1140 2300 1231 2342 fuit,
1265 2303 1481 2347 priusquam

36 2351 322 2392 perverteretur,
359 2346 403 2380 de
430 2347 604 2392 dogmatis
640 2349 832 2385 sententia,
879 2347 961 2382 Non
993 2349 1089 2381 enim
1117 2347 1190 2381 dici
1227 2354 1370 2392 potest,
1408 2349 1482 2383 alia

37 2391 170 2434 §nis-e,
209 2403 302 2440 quse
337 2393 474 2428 iudicio
513 2406 577 2428 suo
611 2399 652 2427 ut
680 2393 973 2438 depravationem
1010 2406 1050 2428 ac
1084 2394 1281 2439 perniciem
1316 2395 1481 2430 veritatis

39 2440 290 2475 condemnavit
324 2441 544 2485 imperator:
591 2442 661 2474 alia
693 2447 827 2475 tomum
855 2441 922 2475 sub
948 2453 1005 2475 me
1030 2442 1234 2475 consectum
1259 2452 1303 2475 ex
1328 2442 1481 2477 ccclesia

39 2486 259 2527 exturbasse,
288 2487 471 2531 (adversus
497 2499 603 2534 quem
630 2493 765 2521 tomum
794 2492 922 2523 mirum
950 2494 1006 2522 est
1037 2492 1213 2535 quantum
1237 2489 1350 2522 studii
1374 2489 1481 2522 mihi—-

37 2531 186 2577 huet-im
211 2533 275 2567 sed
298 2534 422 2568 eadem
446 2535 680 2579 penitissime.
730 2535 827 2568 Idem
873 2540 909 2568 et
934 2535 978 2568 dc
1012 2535 1142 2569 sanctis
1170 2536 1207 2569 in
1234 2541 1356 2569 monte
1382 2536 1478 2570 Atho

37 2578 264 2620 habendum,
301 2592 391 2627 quos
427 2582 663 2616 temulentiae
704 2593 746 2615 ac
779 2583 914 2616 ventris
964 2583 1054 2615 vitio
1095 2581 1239 2616 deditos
1278 2585 1478 2623 mentitus,

38 2627 182 2671 quando
207 2628 281 2660 vit'a
319 2633 355 2662 et
379 2640 492 2663 mores
529 2631 626 2663 omni
654 2630 735 2663 luce
774 2630 905 2664 clarius
943 2629 1086 2663 illorum
1119 2629 1290 2663 virtutem
1327 2635 1364 2662 et
1397 2642 1477 2663 cum

38 2673 118 2709 Deo
143 2675 434 2709 coniunctionem
458 2675 627 2722 produnt.
687 2677 843 2710 Tantum
871 2677 966 2710 cnim
1003 2687 1145 2722 semper
1170 2687 1190 2709 a
1214 2676 1415 2710 vinolentia
1442 2681 1478 2708 ct

39 2721 184 2764 crapula
210 2719 424 2762 abfuerunt,
461 2728 636 2768 quantum
669 2730 854 2757 accusator
876 2735 895 2756 a
922 2723 1086 2757 veritate.
1135 2722 1267 2757 Graeci
1308 2723 1477 2755 fabulan-

40 2770 111 2808 tur,
149 2766 329 2802 Atlantem
352 2769 543 2815 quendam,
570 2770 639 2805 diis
673 2782 753 2805 cum
785 2771 939 2805 Saturno
967 2770 1068 2806 coelo
1091 2770 1227 2815 pulsis,
1259 2769 1326 2803 hac
1358 2780 1476 2814 poena
