1794 3158
309 141 339 196 5
355 162 371 195 1
383 142 419 197 6
803 158 1216 203 ANNOTATiours

305 266 410 305 haec
441 262 608 318 quidem
637 264 754 311 olim,
785 277 876 303 cum
903 277 1015 317 reges
1047 278 1134 304 una
1175 276 1266 304 cum
1303 263 1460 319 populo
1495 262 1732 319 expeditio·

303 333 373 359 nes
390 319 616 372 faciebant
648 328 687 358 et
716 320 757 358 in
789 333 871 369 eoS,
903 322 976 373 qui
1002 321 1218 359 Romanae
1251 320 1465 359 servitutis
1494 321 1630 372 iugum
1661 321 1735 361 de-

305 375 553 421 trectabant,
585 375 731 427 copias
761 374 964 414 ducebant
994 389 1045 414 ac
1081 383 1209 413 totum
1220 375 1324 425 fere
1357 374 1497 414 orbem
1528 384 1736 415 terrarum

304 431 547 469 renitentem
601 429 956 482 reluctantemque
995 430 1259 481 subigebant:
1304 436 1347 467 ut
1387 428 1520 468 Iulius
1551 431 1732 479 Caesar,

304 494 348 523 ut
381 483 647 523 admirabilis
676 483 746 522 ille
777 484 1003 535 Augustus,
1051 493 1094 523 ut
1123 483 1459 524 celebratissimus
1492 484 1701 524 Traianus
1724 514 1737 536 ‚

305 549 347 578 ut
382 551 558 589 magnus
591 538 662 576 ille
703 539 810 577 inter
858 551 971 591 reges
1015 539 1307 579 Constantinus
1352 546 1390 578 et
1424 538 1671 579 Theodosius
1699 548 1740 580 et

304 594 376 646 qui
410 600 504 646 post
542 592 662 631 illum
692 592 976 633 Christianam
1016 595 1256 646 religionem
1299 606 1351 633 ac
1383 592 1527 633 divini
1563 595 1739 634 numinis

305 648 458 688 cultum
487 655 580 686 sunt
609 648 818 702 amplexi.
875 649 1018 700 Neque
1050 651 1154 687 enim
1184 661 1270 702 par
1304 657 1427 699 erat,
1458 649 1550 704 ipso
1580 662 1674 701 rege
1693 651 1738 689 in

306 703 497 741 exercitu
525 712 734 752 versante,
762 712 998 755 praetorem
1027 703 1251 755 designari.
1310 703 1393 743 Sub
1431 703 1601 743 ducibus
1629 705 1737 744 enim

307 766 345 796 et
374 757 544 796 tribunis
571 757 795 808 degebant,
824 759 1044 813 omniaque
1085 759 1234 799 bellica
1271 758 1442 809 negotia
1471 772 1501 798 a
1529 760 1637 811 regis
1664 774 1744 799 vo-

305 813 468 850 luntate
497 811 734 864 pendebant
763 821 802 852 et
835 813 984 867 populi
1011 814 1133 853 totius
1163 813 1275 852 oculi
1299 814 1345 851 in
1376 827 1499 852 unum
1529 827 1582 852 ac
1608 814 1740 854 solum

306 881 442 918 regem
470 875 591 905 erant
623 869 811 907 coniecti.
872 869 973 906 Cum
1001 881 1101 906 vero
1135 881 1246 920 reges
1284 868 1364 920 ipsi
1407 867 1744 923 expeditionibus

305 923 500 960 interesse
533 921 753 967 desierunt,
787 931 870 961 tum
919 922 1081 962 demum
1108 930 1326 976 praetores
1362 931 1401 963 et
1427 924 1617 964 themata
1646 937 1745 964 con-

306 978 470 1015 stituta.
527 976 662 1029 Atque
692 977 802 1016 hanc
831 977 1000 1030 quidem
1031 979 1239 1017 rationem
1273 977 1499 1017 Romanum
1526 979 1744 1034 imperium

305 1033 348 1070 in
377 1031 622 1069 hodiernum
649 1045 772 1086 usque
795 1032 904 1071 diem
937 1034 1082 1074 tenuit.
1136 1032 1256 1071 Nunc
1285 1045 1384 1071 vero
1413 1034 1743 1087 cum'angustius

306 1095 398 1126 tam
437 1087 652 1134 orientem,
684 1099 809 1138 quam
842 1100 1033 1126 occasum
1061 1101 1203 1127 versus
1233 1087 1466 1126 Romanum
1493 1101 1659 1138 regnum
1687 1089 1740 1128 sit

294 1140 467 1194 factum
498 1148 538 1178 et
575 1143 774 1191 extremis
809 1142 967 1197 aliquot
1002 1142 1239 1195 provinciis
1277 1142 1510 1182 mutilatum
1530 1171 1543 1194 ,
1580 1143 1636 1183 ab
1668 1143 1745 1182 im-

302 1197 423 1249 perio
456 1194 656 1234 Heraclii
688 1195 870 1248 Libyci,
912 1197 985 1251 qui
1010 1207 1101 1250 post
1144 1211 1235 1236 eum
1269 1205 1497 1248 regnarunt
1519 1226 1530 1247 ,
1564 1211 1647 1237 non
1675 1199 1748 1237 ha·

307 1251 446 1289 bentes
480 1251 552 1289 ubi
600 1259 672 1288 aut
722 1251 931 1305 quomodo
979 1253 1211 1304 potentiam
1251 1251 1590 1307 dominatumque
1634 1266 1748 1292 suum

308 1312 581 1355 exercerent,
615 1306 658 1343 in
699 1319 854 1358 parvas
902 1307 1063 1361 aliquot
1098 1315 1244 1361 partes
1285 1307 1502 1360 imperium
1538 1321 1652 1346 suum
1685 1321 1750 1347 se-

308 1367 478 1398 cuerunt
507 1368 546 1397 et
576 1360 775 1399 militaria
803 1358 1008 1411 τάγματα,
1048 1362 1249 1400 Graecum
1279 1375 1503 1401 sermonem
1539 1361 1751 1414 affectan-

309 1422 390 1461 tes,
423 1415 604 1467 patrium
635 1428 734 1454 vero
766 1429 818 1454 ac
853 1416 1083 1454 Romanum
1115 1415 1401 1468 repudianteS,
1434 1419 1747 1458 constituerunt.

310 1467 420 1507 Haec
447 1467 543 1518 ille;
586 1468 698 1519 θέμα
717 1477 776 1508 est
815 1484 1103 1522 nonnunquam
1141 1471 1247 1509 idem
1288 1470 1397 1523 quod
1421 1466 1536 1519 τάξις
1572 1485 1641 1510 seu
1675 1468 1752 1511 τά-

312 1537 399 1574 γμα
428 1530 468 1562 et
494 1522 626 1576 legio:
659 1524 728 1563 sed
757 1526 860 1563 inter
891 1524 1077 1576 τάγματα
1104 1527 1186 1565 sive
1216 1524 1388 1579 legiones
1420 1532 1459 1564 et
1484 1525 1652 1576 θέματα
1672 1526 1750 1568 hoc

313 1578 490 1629 interest,
521 1578 630 1630 quod
660 1579 742 1629 illa,
770 1578 937 1619 florente
967 1582 1132 1633 imperio
1165 1581 1362 1628 Romano,
1395 1587 1443 1619 ut
1473 1582 1597 1619 iustae
1629 1581 1753 1635 legio-

313 1646 384 1671 nes
413 1634 467 1671 ita
488 1633 616 1672 dietae
644 1633 823 1686 suerunt,
850 1649 950 1688 quae
975 1643 1111 1688 postea
1139 1637 1352 1674 imminuto
1386 1641 1648 1689 truncatoque
1670 1638 1754 1676 He-

313 1687 425 1726 raclii
451 1688 697 1740 temporibus
727 1691 866 1729 eodem
897 1693 1080 1743 imperio,
1110 1687 1306 1741 θεμάτων
1335 1689 1654 1743 appellationem,
1682 1693 1755 1732 de-

315 1743 573 1782 sciscentibus
602 1756 626 1781 a
660 1747 787 1784 veteri
824 1745 1087 1797 amplitudine
1119 1745 1365 1800 legionibus,
1405 1746 1485 1785 sint
1529 1755 1755 1788 consecuta.

314 1797 426 1836 Haec
458 1799 654 1851 interpres
681 1800 723 1837 in
757 1800 928 1839 scholiis.
959 1814 1131 1843 PONTAN.

427 1853 610 1907 Pag.92‚
630 1853 665 1892 5.
706 1869 862 1909 quam
901 1865 1173 1910 parentem
1213 1869 1372 1898 suam.
1426 1856 1574 1896 Modus
1617 1857 1752 1898 decla-

316 1907 434 1946 randi
460 1910 593 1961 magni
622 1910 830 1950 cuiusdam
857 1911 1016 1952 amoris.
1075 1910 1183 1962 Quid
1213 1912 1320 1950 enim
1353 1911 1497 1963 cuique
1537 1912 1601 1952 vel
1642 1921 1754 1966 patre

314 1963 380 2002 vel
423 1971 550 2002 matre
599 1966 763 2004 carius?
820 1967 1101 2017 Quaesivimus
1140 1965 1354 2019 aliquando
1399 1966 1450 2004 ad
1493 1968 1755 2008 exercendum

316 2019 543 2070 ingenium,
575 2026 666 2058 uter
693 2035 837 2072 parens
867 2020 1002 2060 liberis
1039 2021 1200 2060 deberet
1235 2035 1318 2059 esse
1358 2022 1517 2072 carior,
1553 2030 1754 2063 momenta

316 2074 519 2112 rationum
546 2075 588 2112 in
617 2082 827 2129 utramque
856 2083 1010 2128 partem
1037 2077 1265 2125 attulimus,
1298 2082 1336 2114 et
1363 2075 1413 2114 ad
1441 2084 1660 2117 extremum
1699 2079 1756 2118 af-

318 2127 583 2179 firmavimus,
612 2137 766 2182 patrem
793 2131 1008 2170 amandum
1037 2145 1120 2171 esse
1147 2132 1302 2184 plenius
1324 2137 1363 2169 et
1388 2134 1644 2182 constantius,
1670 2147 1756 2174 ma-

321 2187 425 2220 trem
442 2183 627 2222 dulcius:
658 2186 982 2239 quandoquidem
1011 2194 1094 2225 tam
1121 2187 1389 2234 vehementer,
1413 2201 1512 2239 quos
1539 2189 1753 2242 genuisset,

322 2242 489 2289 tamque
522 2237 692 2278 dulciter
718 2241 912 2295 diligeret.
941 2255 1110 2283 PONTAN.

428 2291 537 2345 Pag.
567 2294 658 2343 106,
678 2309 717 2347 7.
749 2290 910 2345 ἅτ’ωθεν
929 2299 1014 2343 τοῖς
1033 2295 1249 2348 πράγμασι
1269 2291 1659 2352 παρηκολουθηκώς.
1691 2298 1757 2338 Ad

316 2345 454 2385 locum
486 2347 570 2386 divi
611 2349 744 2388 Lucae
785 2350 984 2390 allusum:
1043 2347 1157 2400 ἔδοξε
1203 2348 1331 2405 κᾶμοί
1371 2347 1758 2405 παρηκολουθηκότι

319 2393 484 2440 ἄνωθεν
525 2400 630 2440 πᾶσι
672 2400 870 2455 ἀκριβῶς.
929 2405 1050 2455 Quod
1086 2407 1248 2460 quidam
1295 2411 1350 2449 sic
1389 2408 1596 2455 reddunt,
1665 2422 1758 2447 uum

316 2457 464 2505 omnia,
494 2458 652 2509 repetito
681 2458 759 2496 alte
784 2462 983 2514 principio
996 2490 1006 2507 ‚
1033 2473 1301 2515 perscrutatus
1329 2466 1416 2503 sim.
1471 2462 1537 2502 Ad
1565 2475 1635 2501 ver
1665 2477 1752 2513 um,
1793 2482 1794 2485 ¹

307 2520 533 2551 affectatus.
604 2512 796 2565 Vulgatus
837 2516 1032 2568 interpres
1053 2546 1064 2565 ,
1111 2518 1239 2557 visum
1276 2528 1332 2559 est
1373 2527 1411 2558 et
1450 2518 1550 2556 mihi
1586 2526 1754 2557 assecuto

318 2567 454 2604 omnia
484 2581 513 2606 a
537 2569 751 2622 principio,
780 2583 952 2610 PONTAN.

429 2620 538 2672 Pag.
566 2622 657 2671 108,
680 2636 745 2662 20.
778 2622 834 2662 δι’
861 2623 1084 2676 ἐγκοληίων
1102 2622 1208 2665 κατὰ
1238 2623 1284 2665 τὸ
1310 2621 1528 2676 Ῥωμαίων
1559 2620 1657 2671 ἔθος
1682 2624 1758 2676 ἒμ-

317 2671 582 2723 πεὸώσαντες
612 2675 685 2727 τὴν
713 2679 876 2730 πρᾶξιν.
935 2678 1096 2719 Arrhae
1137 2687 1334 2720 vocantur
1373 2683 1533 2734 proprie
1571 2680 1758 2719 huiusce-

318 2729 428 2769 modi
472 2731 765 2784 sponsaliorum
804 2741 1038 2788 argumenta
1076 2742 1116 2775 et
1152 2735 1390 2786 munuscula
1408 2766 1421 2789 ,
1473 2749 1576 2791 quae
1613 2735 1761 2775 dautur
