1800 3164
255 103 322 168 14
781 122 1152 166 CANTACUZEM

48 223 406 286 ¹A'.C.1347cnz‹sc¹aa›
435 220 486 278 τῇ
523 224 618 280 θείᾳ
642 223 779 264 αὐτοῦ
811 220 989 275 δυνάμει
1016 225 1060 266 ἐν
1093 225 1316 284 δυναστείᾳ
1348 222 1486 270 ὅπλων
1532 228 1605 271 καί
1633 231 1701 272 ἔκ-

240 289 445 346 τεταμένῳ
473 291 682 343 βραχίονι,
714 287 766 330 ἵν’
793 290 837 330 ἐν
868 289 982 346 αὐτῷ
1011 291 1172 341 μᾶλλον
1202 293 1393 347 φανῶσιν
1421 293 1460 334 οἱ
1489 292 1562 336 διὰ
1598 310 1703 337 παν-

244 352 314 404 τὸς
342 354 508 409 ῥέοντες
542 353 727 408 ποταμοὶ
752 355 836 396 τῶν
868 356 998 397 αὐτοῦ
1025 356 1303 412 χαρισμάτων
1339 360 1411 401 καί
1438 360 1513 401 τοῦ
1545 361 1701 410 ἐλέους.

245 419 377 470 αὐτὸς
404 419 489 482 γάρ.
520 423 624 476 ἐστι,
657 422 755 476 περὶ
779 415 829 462 οὗ
857 423 1113 476 γέγραπται,
1144 420 1211 465 ὅτι
1230 423 1422 481 η’δυνήθη
1442 429 1704 482 παραβῆναι,

243 489 317 528 καί
344 484 393 528 οὗ
423 490 600 542 παρέβη,
630 488 704 527 καί
730 485 859 529 κακὸν
889 490 1078 543 ποιῆσαι,
1115 491 1190 531 καί
1228 486 1305 531 οὖκ
1345 490 1536 547 ἐποίησε·
1594 493 1744 546 ,tetih-5

233 556 312 595 «λον
341 554 387 594 δὲ
415 550 613 606 ἑπόμενος
640 553 699 609 τῷ
728 555 903 611 Χριστῷ
936 554 1232 598 οἷνταπέδωκεν
1261 555 1424 610 α’γαθὸν
1444 557 1542 600 ἀντὶ
1556 560 1705 612 κακοῦ,

114 621 155 655 V.
169 623 237 667 569
249 618 452 674 μνησθείς
479 620 622 668 ἐλέους
650 620 724 660 καί
751 620 1055 674 ἐπιλαθόμενος
1083 621 1276 675 ἀνομίας,
1339 620 1383 672 ὅς
1411 639 1456 678 γε
1489 625 1563 665 καί
1593 625 1705 680 γέγο-

243 700 311 726 νεν
339 683 500 737 α’γαθὸς
527 682 785 740 στρατιώτης
813 683 918 728 κατὰ
949 685 1022 728 τόν
1050 684 1228 743 πρώτως
1257 689 1503 744 α’θλήσαντα
1537 692 1704 746 Στέφα-

245 766 335 803 νον,
378 748 484 806 ὑπὲρ
527 752 609 794 τῶν
644 753 782 802 λίθοις
820 753 1058 805 βαλλόντων
1089 753 1218 796 αὐτὸν
1251 756 1437 798 διωκτῶν
1466 753 1704 810 προσευξά-

239 832 382 870 μενον,
400 819 473 858 καί
489 816 578 874 ,,μὴ
601 816 754 876 στήσῃς
777 814 962 873 αὖτοῖς,”
981 817 1190 876 εἰρηκότα,
1220 823 1444 875 ,,δε’σποτα,
1466 820 1543 877 τήν
1559 822 1702 878 ἆμαρ-
1722 839 1768 865 xo

201 883 336 937 Βτίαν
363 883 544 940 ταύτην·
571 886 624 926 ου’
649 884 730 941 γὰρ
758 884 912 939 οἴδασι,
945 888 993 928 τί
1011 886 1258 941 ἐποιήσαν.”
1314 883 1505 930 οὗδέποτ’
1533 891 1607 930 ἄπ’
1636 890 1704 931 αἰ-

234 954 339 999 ῶνος
367 946 569 1005 ἦκουσται
597 951 803 1007 τοσαύτην
832 948 986 1008 ἀνδρὸς
1018 952 1168 1009 α’ρετήν
1194 957 1418 1009 γεγονέναι,
1450 948 1539 997 οὔτ’
1558 956 1703 997 Ὀκτα-

243 1019 376 1075 βιανῷ
415 1020 476 1074 τῷ
515 1021 706 1071 βασιλεῖ,
740 1014 833 1060 οὔτε
865 1019 1093 1077 Θεοδοσίῳ,
1129 1014 1227 1061 οὕτε
1254 1021 1339 1076 μὴν
1369 1017 1606 1080 Αὐγούστῳ
1639 1023 1699 1079 τῷ

243 1085 453 1140 Καίσαρι,
482 1081 540 1133 ὥς
569 1082 644 1132 οὓς
672 1084 867 1140 ἠδυνήθη
892 1088 943 1142 τῇ
969 1088 1054 1127 τῶν
1075 1083 1215 1129 ὅπλων
1235 1087 1411 1139 δυνάμει
1429 1103 1698 1142 καταστρων-

244 1151 367 1192 νύναι
383 1151 442 1199 εἰς
464 1153 553 1205 γῆν,
588 1149 753 1200 τούτοις
782 1153 930 1193 δοῦναι
960 1151 1033 1194 τὸν
1063 1149 1223 1194 ἑαυτοῦ
1250 1152 1435 1209 χρηστὸν
1455 1151 1583 1207 ἔλεον,
1607 1154 1698 1196 ε’πι-
1718 1155 1767 1199 15

243 1214 475 1273 λαθόμενος
504 1217 588 1258 τῶν
604 1218 676 1266 ,εἰς
706 1216 836 1260 αὐτὸν
866 1217 1036 1260 πάντων
1062 1221 1212 1261 κακῶν.
1272 1220 1407 1262 ταῦτα’
1425 1234 1492 1261 τοι
1511 1219 1584 1261 καὶ
1599 1226 1703 1274 χαῖ-

240 1298 307 1338 ρε,
343 1280 546 1337 ἆγιοότατε
576 1285 772 1338 δέσποτα,
805 1289 859 1341 τῇ
890 1280 1021 1334 οὕτως
1047 1287 1229 1340 εὐτυχεῖ,
1259 1282 1367 1327 οὕτω
1401 1287 1701 1343 νικητικωτάτῃ

246 1349 396 1407 εἰσόδῳ
440 1346 678 1408 ἀναιμάκτῳ
717 1366 763 1392 τε
806 1350 880 1392 καί
913 1351 1077 1409 ἅζημίῳ
1119 1355 1199 1394 τοῦ
1237 1353 1549 1408 Χριστιανικοῦ
1576 1355 1699 1395 λαοῦ.

236 1417 319 1458 ,καί
356 1411 485 1466 αὖθις
520 1421 649 1473 χαῖρε
662 1449 674 1470 ,
715 1415 778 1459 ὅτι
815 1417 840 1472 ἦ
881 1417 1062 1473 ἀλήθεια
1097 1420 1149 1460 δι’
1179 1420 1380 1474 α’ληθειάς
1410 1419 1604 1473 ἐδείχθη.
1673 1414 1701 1472 ἦ

250 1480 330 1539 γάρ
374 1485 452 1524 τοῦ
490 1485 686 1539 Χριστοῦ
730 1482 912 1539 α’λήθεια
953 1482 1085 1536 ἔδειξε
1123 1483 1199 1540 τήν
1238 1486 1313 1527 τοῦ
1353 1484 1503 1526 α’θώου
1547 1482 1698 1526 τούτου
1713 1497 1764 1524 20

244 1551 454 1603 βασιλέως
491 1549 699 1604 οἷλήθειαν
736 1549 808 1592 ἐπὶ
841 1552 901 1608 τῷ
937 1551 1180 1607 ἀπαντῆσαι
1213 1549 1289 1607 τήν
1329 1546 1534 1605 ἀλήθειαν
1579 1550 1700 1608 αὐτῷ

200 1614 319 1657 (ἓκαὶ
353 1615 426 1659 τὸν
467 1615 582 1659 ἔλεον
637 1619 710 1659 καί
746 1619 1036 1673 καταφιλῆσαι
1072 1616 1237 1674 εἰρήνην
1278 1633 1321 1660 τε
1372 1617 1445 1659 καί
1480 1614 1699 1659 δικαιοσύ·

245 1698 333 1738 νην.
388 1681 469 1738 ἐγώ
509 1682 561 1740 δὴ
602 1684 789 1726 πέποιθα
822 1685 934 1726 τοῦτ’
974 1681 1083 1726 εἶναι
1110 1685 1270 1737 μᾶλλον
1298 1683 1403 1739 ὑπὲρ
1433 1683 1600 1740 εἰρήνης
1627 1681 1702 1724 καὶ

291 1780 307 1806 ·,
343 1775 374 1810 3.
398 1772 538 1807 ἑαυτοῦ
561 1775 599 1810 Ρ.
661 1775 713 1810 13.
736 1773 780 1809 ἐν
803 1773 887 1808 add.
909 1775 947 1808 P.
973 1779 1058 1808 ante
1076 1776 1178 1820 Av’y.
1202 1773 1285 1807 Vid.
1305 1773 1440 1807 Annot.
1499 1774 1557 1807 23.
1580 1770 1622 1806 δὲ
1641 1772 1692 1806 Μ.

245 1854 398 1894 effudit,
432 1854 518 1887 dum
543 1848 717 1889 videlicet
739 1855 794 1888 ini
821 1855 914 1888 hanc
942 1854 1102 1898 reginam
1129 1852 1294 1895 urbium,
1337 1852 1694 1898 Constantinopolim

248 1902 420 1947 inquam,
462 1906 499 1934 et
530 1907 864 1947 quantumcumque
891 1906 944 1934 est
978 1902 1190 1945 imperium,
1225 1901 1375 1934 coelesti
1399 1903 1538 1935 virtute
1561 1901 1601 1933 in
1627 1911 1697 1945 po-

239 1950 365 1982 rtentia
401 1960 583 1981 armorum
624 1954 661 1982 et
695 1949 843 1982 brachio
878 1953 1028 1981 extento
1058 1947 1232 1988 tradidit,
1266 1953 1308 1980 ut
1339 1949 1378 1980 in
1411 1947 1490 1992 ipso
1516 1945 1696 1980 donorum

247 1996 327 2028 eius
362 2001 399 2028 et
429 1996 700 2030 misericordiae
731 1997 835 2030 fluvii
860 2006 1039 2041 perennes
1072 1995 1201 2028 clarius
1228 2000 1454 2039 apparerent.
1502 1994 1572 2026 Hic
1597 1995 1696 2028 enim

248 2046 319 2082 est,
344 2042 390 2075 de
416 2054 490 2088 quo
510 2044 708 2087 scriptura:
736 2043 837 2088 „Qui
864 2044 988 2087 potuit
1012 2042 1226 2086 transgredi,
1257 2048 1294 2074 et
1317 2052 1391 2074 non
1419 2045 1474 2074 est
1496 2045 1696 2087 transgres-

249 2100 324 2129 sus,
350 2088 468 2123 facere
504 2091 611 2130 mala,
637 2096 674 2124 et
699 2101 773 2123 non
799 2091 919 2125 fecit?
969 2090 1082 2123 Immo
1110 2089 1271 2134 profecto
1306 2088 1490 2121 Christum
1515 2089 1693 2128 imitatus,

247 2137 388 2169 bonum
414 2148 480 2180 pro
505 2137 600 2170 malo
626 2136 808 2178 reddidit,
845 2148 982 2171 memor
1006 2137 1248 2170 miserationis
1275 2142 1313 2170 et
1337 2139 1523 2169 immemor
1550 2136 1694 2180 iniqui-

235 2184 348 2220 tatis.
396 2183 471 2228 Qui
502 2185 612 2218 etiam
636 2185 708 2217 suit
734 2183 850 2218 bonus
879 2185 997 2224 miles,
1025 2183 1221 2217 secundum
1248 2183 1432 2228 exemplar
1451 2183 1560 2227 primi
1575 2181 1697 2216 athle-

248 2235 310 2263 tae
350 2230 551 2275 Stephani,
603 2231 740 2266 orantis
775 2243 840 2276 pro
878 2231 1174 2275 persecutoribus
1214 2241 1251 2263 se
1284 2229 1535 2275 lapidantibus
1564 2229 1687 2263 dicen-

249 2278 393 2323 tisque:
426 2278 620 2319 ‚,Domine‚
644 2289 691 2311 ne
717 2283 855 2312 statuas
882 2278 957 2310 iuis
983 2277 1052 2313 hoc
1068 2283 1267 2323 peccatum,
1294 2278 1380 2324 quia
1395 2278 1575 2317 nesciunt,
1603 2277 1695 2324 quid

248 2325 426 2359 faciunt?
484 2325 679 2368 Nunquam
713 2331 797 2370 post
833 2325 998 2358 homines
1031 2332 1135 2359 natos
1178 2326 1288 2358 ullius
1321 2332 1393 2358 tam
1419 2325 1609 2368 singularis
1633 2325 1694 2359 in·

253 2372 515 2417 credibilisque
541 2374 656 2405 virtus
682 2372 808 2405 audita
837 2378 914 2413 est,
940 2383 1060 2417 neque
1088 2372 1298 2411 Octaviani,
1324 2383 1445 2418 neque
1472 2371 1693 2405 Theodosii:

252 2425 295 2453 ut
322 2431 412 2464 quos
436 2421 471 2452 vi
499 2430 678 2453 armorum
702 2420 804 2453 humi
828 2423 1058 2463 prosternere
1083 2421 1225 2465 potuit,
1266 2419 1363 2460 illis,
1399 2421 1559 2452 omnium
1591 2418 1630 2451 in
1655 2429 1694 2453 se

252 2466 525 2499 commissorum
551 2466 712 2507 oblitus,
739 2467 800 2511 pie
825 2466 1109 2500 miscricordiam
1142 2477 1243 2500 suam
1277 2467 1491 2510 impertiret.
1541 2466 1694 2500 Laetare

251 2514 377 2559 igitur,
403 2514 630 2547 sanctissime
656 2514 826 2555 Domine,
852 2513 941 2546 adeo
967 2514 1089 2554 felici,
1122 2514 1213 2547 adeo
1242 2513 1455 2558 triumphali
1481 2514 1694 2546 incruento-

252 2571 323 2606 que
365 2565 401 2594 et
438 2559 645 2593 Christiano
677 2562 814 2606 populo
846 2561 995 2594 minime
1029 2561 1139 2592 noxio
1171 2562 1345 2604 ingressu.
1401 2561 1535 2592 Iterum
1563 2559 1693 2602 gaude,

251 2607 424 2654 quoniam
461 2608 593 2641 veritas
626 2619 691 2652 per
729 2610 919 2642 veritatem
958 2615 1122 2652 suscepta
1151 2613 1216 2640 est.
1276 2605 1411 2640 Christi
1438 2606 1534 2639 enim
1559 2606 1692 2639 veritas

249 2655 359 2688 huius
390 2655 545 2689 insontis
571 2655 803 2700 imperatoris
828 2657 1015 2688 veritatem
1043 2654 1222 2687 ostendit:
1258 2659 1451 2698 propterea
1476 2652 1574 2698 quod
1598 2653 1692 2687 veri-

254 2707 310 2735 tas
351 2706 388 2734 et
422 2702 671 2735 misericordia
708 2702 764 2734 illi
807 2702 1070 2742 obviaverunt,
1104 2701 1317 2746 iustitiaque
1358 2705 1395 2734 et
1426 2711 1497 2744 pax
1522 2701 1618 2733 inter
1654 2711 1693 2733 se
1731 2703 1734 2707 “

251 2749 434 2784 osculatae
465 2753 559 2784 sunt.
607 2749 788 2795 Equidem
812 2749 884 2784 hoc
914 2749 959 2783 ad
992 2759 1116 2796 pacem
1143 2750 1266 2795 potius
1318 2754 1356 2782 et
1392 2748 1569 2793 optimum
1609 2748 1694 2781 uni-
