1800 3164
501 161 877 204 HlsTomARUM
914 164 983 203 iv.
1010 163 1053 207 6.
1429 141 1466 209 4
1479 161 1497 196 1

0 258 6 282 ⁵
61 275 114 306 τα
143 261 294 317 τρόπον
321 262 630 317 ἐπιχειροῦντες
669 260 799 303 αὐτὸν
843 261 1019 303 κωλύειν
1057 258 1132 302 καὶ
1169 260 1302 314 μηδὲν
1339 261 1413 316 ἒᾷν
1448 253 1710 320 τῷΑ.(Σ.ι347

60 328 182 385 κοινῷ
210 329 422 376 λυσιτελὲς
450 333 584 368 ποιεῖν
601 360 612 379 ,
644 327 699 375 ὥς
725 322 777 368 ἂν
802 328 983 381 μάλιστα
1012 327 1177 368 ἐκείνων
1212 324 1249 380 ἦ
1276 325 1400 366 κακία
1428 341 1504 367 συ-
1516 329 1630 374 P·725

0 440 2 442 ,
59 392 290 447 σκιάζοιτο,
331 393 405 435 καί
444 391 505 447 μή
547 394 686 448 δοκοίη
717 393 787 434 διὰ
817 392 887 435 τὸν
913 390 1017 447 πρὸς
1058 393 1235 446 βασιλέα
1263 389 1446 445 πόλεμον
1476 385 1503 447 ἦ

52 455 272 512 Ῥωμαίων
311 458 512 514 ἡγεμονία
554 457 840 515 διεφθάρθαι,
887 459 944 508 ὥς
988 460 1062 501 καί
1092 456 1197 511 μετὰ
1235 455 1312 512 τήν
1338 455 1506 512 εἰρήνην

5 519 132 567 zum*
153 523 201 566 τὸ
233 523 393 574 πάντας
417 524 713 580 ὑπαγαγέσθαι
728 526 906 579 βασιλέα
930 524 1136 581 ὠφελείας
1159 523 1384 577 οὐδεμιᾶς,
1405 524 1505 566 οὐδὲ

56 586 278 645 α’νακωχῆς
307 591 391 633 τῶν
419 592 555 633 κακῶν
590 592 858 646 γεγενημένης
874 623 887 644 ,
929 591 1058 632 αυ’τοι’
1082 606 1127 631 τε
1155 587 1406 644 ἐθορύβουν,
1447 588 1505 638 ὥς

3 678 6 681 *
57 651 108 698 οὗ
133 655 336 711 χρήματα
372 658 648 713 παρέξοντες,
688 659 762 706 καί
785 655 883 706 τοὺς
921 651 1075 705 ἄλλους
1115 656 1281 698 ἔπειθον
1320 654 1500 709 ὁμοίως,

57 721 174 766 δεινοὶ
205 725 429 765 πείσεσθαι
461 722 714 780 φάσκοντες,
763 725 803 766 εἰ
842 720 872 764 οἳ
897 722 955 778 μὴ
986 722 1190 779 πρότερον
1217 724 1413 776 πολέμιος
1444 716 1503 764 ὧν

56 786 90 830 δ’
124 787 324 842 βασιλευς
364 785 558 845 ἠδυνήθη
599 788 934 845 κατεργάσασθαι
956 821 967 843 ,
997 790 1136 830 ταῦτα
1162 789 1239 830 νῦν
1267 790 1311 830 ἐν
1336 788 1502 836 εὐνοίας

0 857 130 898 tonat
154 856 402 910 κηδεμονίας
440 854 711 911 προσχήματι
754 853 1024 909 ὗπομενοῦσι.
1078 856 1271 908 πολεμῶν
1310 851 1388 908 γὰρ
1418 855 1502 896 τῶν

53 923 133 976 μὲν
158 911 238 973 ἔξω
265 923 417 977 τειχῶν
445 922 723 977 ἀπεστέρησεν
754 920 976 975 ἁπάντων,
1015 922 1096 964 τῶν
1134 919 1252 963 ἔνδον
1281 922 1328 962 δὲ
1358 922 1431 961 καί
1457 922 1503 961 έν

50 989 176 1044 χερσὶ
214 988 444 1044 χρημάτων
480 987 671 1045 η’δυνήθη
718 992 860 1044 λαβεῖν
901 989 1035 1031 ου’δέν.
1091 989 1186 1031 νυνὶ
1212 989 1259 1029 δὲ
1291 984 1428 1030 ἐκεῖνοί
1456 997 1538 1029 τεΒ

54 1052 244 1096 ἀπόλωλε
267 1053 339 1096 καί
363 1057 447 1097 τῶν
469 1053 588 1097 ἔνδον
615 1050 747 1098 ὄντων
772 1054 970 1109 βούλεται
998 1055 1263 1110 ἀποστερεῖν,
1292 1053 1501 1105 πολέμους

53 1119 418 1176 προφασιζόμενος
445 1123 520 1163 καί
546 1121 818 1175 παρασκευας
838 1123 910 1164 καὶ
935 1119 1065 1170 ἄλλας
1092 1118 1329 1173 ἐξαπάτας,
1348 1112 1405 1161 ὧν
1426 1120 1500 1160 ου’-

0 1185 42 1228 15
57 1187 126 1227 δὲν
154 1184 308 1235 αὐτούς
334 1187 467 1229 πείσει
497 1188 578 1229 τῶν
611 1182 744 1230 ὄντων
772 1187 888 1245 αὐτῷ
915 1191 1202 1242 παραχωρεῖν,
1245 1187 1285 1228 εἰ
1311 1183 1369 1241 μή
1397 1181 1500 1239 βού-

52 1254 167 1293 λοιτο
194 1249 422 1305 βιάζεσθαι
450 1255 644 1309 φανεραῖς
671 1254 745 1295 καί
775 1253 1057 1309 διαφθείρειν.
1113 1253 1286 1294 τοιαῦτα
1325 1253 1404 1305 μὲν
1431 1251 1504 1293 καὶ

50 1320 190 1375 πολλῷ
218 1315 435 1375 δεινότερα
457 1317 616 1361 τούτων
652 1318 760 1375 πρὸς
787 1318 884 1369 τούς
914 1315 1064 1368 ἄλλους
1083 1320 1312 1373 διεδίδοτο,
1332 1320 1404 1360 καί
1428 1315 1502 1359 36-

50 1386 179 1439 ρυβος
205 1379 259 1439 ἧν
287 1386 361 1432 καί
387 1385 538 1437 α’ταξία
556 1419 568 1437 ,
613 1388 687 1434 καί
723 1385 876 1436 πάντες
904 1383 1058 1439 ὁμοίως
1086 1385 1191 1442 πρὸς
1218 1389 1302 1428 τῶν
1330 1384 1500 1439 χρημά-

48 1466 131 1492 των
158 1450 352 1492 ἀνένευον
379 1450 455 1506 τήν
482 1451 703 1508 εἰσφοράν.
733 1451 933 1506 βασιλεὺς
961 1454 1007 1494 δὲ
1035 1454 1128 1495 ε’πεί
1157 1453 1364 1505 ἐπύθετο,
1398 1467 1499 1494 συν-

0 1513 162 1571 eosdm
188 1517 267 1569 μὲν
293 1511 374 1572 ἤδη
401 1518 484 1560 τῶν
511 1511 876 1561 συνεσκευακότων
913 1517 988 1574 τὴν
1020 1520 1170 1561 κακίαν
1209 1517 1284 1560 καί
1329 1515 1498 1574 ιδ’ρμητο

20 1598 23 1599 ’
47 1581 236 1635 κολάζειν
271 1583 371 1634 τούς
409 1584 481 1627 ἔπί
521 1587 695 1628 τοιαῦτα
725 1586 944 1640 ἐνάγοντας
982 1585 1054 1628 τὸν
1083 1587 1236 1642 δῆμον,
1266 1581 1421 1628 ἄτοπον
1447 1586 1535 1641 ῆ-(ῑ

47 1649 247 1704 γούμενος
287 1652 361 1692 καί
396 1653 611 1700 παντελῶς
648 1649 728 1703 ἔξω
758 1655 834 1694 τοῦ
865 1654 994 1695 καλοῦ
1027 1651 1099 1694 καί
1123 1653 1200 1694 τοῦ
1233 1653 1397 1693 δικαίου
1427 1653 1496 1693 πί-

48 1730 172 1770 πτον,
217 1714 288 1758 διὰ
318 1714 393 1773 τήν
423 1733 546 1759 τινων
585 1718 884 1774 ἀγνωμοσύνην
910 1720 986 1775 τῆς
1011 1721 1098 1762 τῶν
1129 1712 1267 1761 ἄλλων
1295 1715 1494 1761 ἁπάντων

49 1849 178 1879 nentes
204 1847 382 1880 communi
412 1846 658 1888 commodare,
688 1848 842 1882 maxime
867 1851 907 1882 ut
930 1849 1091 1892 ipsorum
1117 1848 1329 1894 improbitas
1361 1853 1501 1893 tegere-

54 1895 137 1931 tur,
161 1903 228 1926 nec
251 1893 434 1927 videretur
457 1900 605 1942 propter
630 1894 767 1928 bellum
793 1899 922 1928 contra'
951 1896 1206 1940 imperatorem
1246 1896 1419 1941 asslictum
1458 1907 1500 1929 ac

47 1939 232 1983 perditum
269 1940 468 1974 Romanum
509 1943 730 1985 imperium,
769 1941 967 1988 (siquidem
1001 1946 1039 1975 et
1072 1947 1155 1986 post
1186 1953 1311 1987 pacem
1345 1948 1382 1975 et
1416 1949 1499 1986 post

49 1995 173 2019 omnes
197 1985 242 2020 ab
269 1988 488 2032 imperatore
512 1988 724 2033 subiugatos
749 1990 850 2022 nulla
877 1989 1006 2022 fuisset
1024 1988 1217 2022 subsecuta
1238 1989 1491 2030 commoditas,

47 2033 170 2066 nullae
195 2034 370 2068 malorum
397 2034 598 2080 induciae‚)
633 2040 669 2069 et
696 2035 767 2080 ipsi
800 2036 1140 2076 tumultuabantur,
1181 2041 1223 2069 ut
1259 2046 1319 2070 aes
1356 2047 1499 2081 nequa-

49 2090 157 2124 quam
183 2081 363 2121 collaturi,
395 2087 433 2116 ct
457 2082 538 2115 aliis
566 2081 662 2116 idem
689 2081 826 2116 dabant
850 2083 1062 2122 consilium,
1094 2083 1188 2115 male
1214 2082 1411 2115 admodum
1438 2092 1497 2118 se-

47 2136 127 2159 cum
146 2133 263 2161 actum
290 2128 335 2163 iri
351 2129 531 2170 dicentes,
548 2131 591 2170 si,
616 2140 709 2175 quae
734 2130 932 2174 imperator
959 2135 1079 2171 antea,
1108 2128 1227 2163 adhuc
1253 2130 1381 2170 hostis,
1409 2140 1497 2163 con.

46 2171 154 2208 ficere
189 2175 395 2221 nequisset,
430 2186 471 2208 ea
497 2188 593 2210 nunc
618 2181 767 2222 propter
791 2177 1068 2210 benevolentiae
1094 2181 1131 2210 et
1157 2177 1419 2211 sollicitudinis
1445 2178 1496 2210 si-

48 2221 285 2256 mutationem
312 2222 357 2255 ab
386 2223 465 2268 ipso
491 2224 619 2257 ferant.
670 2223 759 2257 Nam
784 2224 870 2257 dum
894 2223 1074 2265 bellaret,
1096 2235 1236 2258 omnem
1265 2223 1496 2258 suburbano-

49 2277 127 2300 rum
153 2267 345 2311 diripuisse
370 2271 580 2314 pecuniam:
606 2281 697 2317 quae
723 2271 818 2304 intra
843 2270 969 2304 urbem
1007 2276 1044 2304 et
1079 2272 1116 2304 in
1154 2271 1322 2305 manibus
1361 2271 1493 2304 civium

48 2319 154 2356 esset,
180 2315 226 2348 de
249 2327 290 2350 ea
315 2317 455 2351 auferre
479 2317 575 2351 nihil
602 2317 774 2362 potuisse.
822 2317 927 2351 Nunc
951 2323 988 2353 ct
1020 2319 1120 2352 illam
1147 2317 1422 2362 deperdidisse,
1457 2325 1494 2352 et

47 2359 142 2439 panc
164 2368 323 2396 avertere
350 2365 456 2403 velle,
481 2366 602 2398 nescio
632 2375 722 2409 quos
747 2370 938 2410 apparatus
967 2365 1120 2398 bellicos
1147 2371 1184 2398 et
1201 2365 1290 2398 alias
1318 2365 1493 2411 quasdam

64 2408 210 2443 allacias
233 2411 500 2454 praetexendo:
537 2423 689 2458 quorum
715 2412 809 2445 nihil
834 2416 973 2446 tautum
1000 2411 1098 2457 apud
1124 2423 1184 2445 eos
1205 2413 1404 2446 valiturum
1432 2414 1492 2452 sit.

47 2461 90 2488 ut
115 2456 169 2488 illi
194 2456 301 2491 bonis
327 2459 400 2491 suis
433 2458 585 2499 cedant,
619 2459 691 2493 nisi
718 2459 811 2493 forte
836 2460 905 2491 vim
942 2459 1165 2492 manifestam
1208 2459 1419 2493 adhibuerit
1457 2464 1494 2492 et

47 2501 218 2537 caedibus
243 2505 420 2539 saevierit.
479 2505 738 2539 Huiuscemodi
773 2512 810 2540 et
843 2505 900 2539 his
926 2506 1076 2539 tetriora
1104 2506 1143 2539 in
1172 2507 1299 2550 vulgus
1326 2506 1492 2540 dissemi-

47 2548 244 2591 nabantur,
270 2552 565 2598 exsistebantquc
593 2553 770 2586 tumultus
796 2557 830 2586 et
856 2553 1106 2596 perturbatio,
1146 2558 1183 2586 ct
1208 2564 1330 2586 omncs
1356 2554 1494 2597 pai-iter

47 2596 274 2631 contribuere
301 2600 490 2643 pecuniam
514 2598 734 2632 abnuebant.
785 2601 994 2644 lmperator,
1023 2599 1078 2632 his
1105 2600 1253 2639 auditis,
1280 2601 1493 2645 praestigias

49 2651 91 2674 ac
119 2641 220 2678 dolos
246 2646 488 2690 improborum
514 2646 691 2679 artificum
717 2646 965 2690 intelligebat,
990 2652 1027 2680 ct
1052 2647 1186 2690 populo
1212 2658 1334 2680 earum
1362 2647 1491 2680 turba-

52 2699 129 2722 rum
154 2697 315 2725 auctores
340 2694 467 2737 poenis
492 2692 647 2727 subdere
673 2694 842 2736 parabat,
869 2694 1017 2726 stultum
1046 2699 1082 2726 ct
1110 2693 1154 2726 ab
1184 2694 1280 2727 omni
1299 2693 1489 2727 honestate

52 2734 260 2785 iustitiaque
286 2739 444 2775 alienum
470 2740 623 2782 ducens,
650 2740 697 2776 ob
723 2740 955 2787 quorumdam
988 2740 1257 2786 perversitatem
1287 2746 1486 2775 ceterorum
