1800 3164
395 163 469 234 An
511 161 884 206 CANTACUZENI
923 162 1020 207 ΠΒ.
1051 165 1083 203 κ.
1362 140 1473 217 373

42 280 143 308 ,nam
177 265 244 305 illo
282 266 414 318 priore
453 278 570 304 suum
609 263 723 304 illum
762 263 996 304 orientalem
1035 263 1248 306 honorant.
1305 275 1477 304 romum.

45 316 255 373 .0¹3770¹'“c
283 322 339 363 M.
370 327 490 362 recte.

154 376 260 428 Pag.
281 389 343 425 11,
366 374 427 414 16.
463 374 862 414 Constantinum
890 374 1169 429 des-potam.
1215 373 1391 425 Despota
1412 371 1478 412 hic

14 461 18 463 μ
42 428 164 478 valet,
194 430 302 483 quod
333 430 518 483 Hispanis
549 437 589 468 et
601 429 801 469 Lusitanis
825 430 975 480 itffanS.
1027 429 1324 482 primogenitus
1352 429 1477 479 enim,

39 486 286 538 imperator,
324 485 393 539 qui
422 483 548 523 Gallis
576 483 786 535 Deifinus,
834 485 1021 537 Hispanis
1056 486 1251 537 princeps.
1309 484 1480 535 ipsemet

45 539 346 580 Cantacuzenus
375 539 570 579 rationem
597 537 725 588 affert,
753 553 826 578 cur
853 540 1030 591 Despota
1058 539 1188 578 dictus
1216 540 1267 578 sit
1293 540 1366 578 iste
1380 538 1481 578 Con-

35 596 255 642 stantinus,
288 603 327 635 et
365 594 479 634 affert
505 608 609 643 eam,
643 608 763 646 quam
793 593 1043 633 adduximus.
1107 594 1368 648 Imperatores
1395 594 1478 632 Ro-

43 650 153 692 mani
181 649 231 690 de
257 649 362 694 filiis,
392 657 462 688 aut
479 648 707 702 nepotibus,
735 655 806 688 aut
827 650 1144 701 consanguineis,
1173 663 1346 703 quorum
1363 663 1480 702 prae-

44 713 215 747 stantem
250 705 439 745 vidissent
479 703 655 743 indolem
697 709 736 743 et
788 703 839 742 ad
879 704 1159 757 imperandum
1196 704 1360 743 idoneos
1397 704 1482 746 fore

47 761 315 810 censuissent,
353 772 595 798 successores
633 757 708 797 sibi
746 755 954 812 legebant,
994 773 1095 811 quos
1126 760 1241 798 initio
1282 761 1482 812 principes

0 824 2 842 ’
45 816 263 855 iuventutis
289 814 575 854 nominabant:
634 820 722 867 post
759 813 954 853 nominati
983 821 1076 852 sunt
1108 814 1325 864 Caesare53
1358 815 1482 867 (quod

46 872 322 919 retinuerunt,
363 870 483 909 etiam
529 882 621 908 cnm
666 868 717 908 ad
760 868 919 908 culmen
964 869 1240 921 imperatoriae
1270 870 1484 908 maiestatis

44 924 359 975 adscendissent,
385 931 432 963 ut
443 924 629 963 Caesares
658 924 915 976 imperatores
940 923 1202 973 dicerentur3)
1230 924 1392 963 tandem
1413 925 1485 963 No·

47 979 228 1020 bilissimi
257 980 446 1018 Caesares
478 978 664 1031 appellati
692 986 798 1021 sunt.
855 978 978 1031 Apud
1007 979 1159 1018 Turcas
1177 978 1334 1018 Zelebis
1364 980 1485 1032 signi-

48 1035 141 1075 ficat
167 1034 356 1076 nobilem.
414 1034 546 1083 Quam
576 1047 714 1072 vocem
745 1047 882 1073 eorum
902 1034 1141 1072 monarchae
1172 1034 1336 1072 honoris
1367 1049 1487 1073 causa

50 1091 93 1129 in
121 1089 412 1129 successoribus
439 1089 519 1127 suis
559 1089 813 1127 nominandis
859 1089 1079 1127 imitatione
1128 1089 1400 1128 Romanorum
1427 1093 1487 1138 (ut

52 1144 196 1185 coniici
227 1146 365 1196 potest)
395 1150 652 1195 usurparunt.
706 1143 859 1183 Tamen
893 1143 1132 1182 Mahometis
1166 1145 1217 1184 ll.
1261 1150 1301 1182 et
1331 1158 1486 1182 sucees-

46 1214 189 1240 sorum
220 1198 292 1238 filii
329 1212 411 1238 non
442 1198 630 1249 Zelebes,
676 1197 745 1238 sed
774 1198 931 1239 Sultani
973 1199 1102 1252 coepti
1137 1205 1231 1239 sunt
1267 1198 1485 1253 indigitari.

53 1268 219 1296 PONTAN.

165 1310 347 1362 Pag.11‚
365 1321 427 1363 19.
455 1323 518 1347 ex
539 1308 694 1347 Irene
718 1308 911 1349 stlat-elz.
932 1309 1486 1360 Alontisf'erratiLom'-

51 1365 198 1405 hard.
221 1365 388 1419 princ.
406 1364 568 1416 filia.
626 1364 764 1402 Irenae
784 1364 878 1403 huic
907 1371 1065 1402 senatus
1086 1365 1304 1403 Gennensis
1318 1372 1490 1417 quatuor

53 1423 234 1460 triremes
260 1420 471 1458 instructas
497 1418 688 1468 decrevit,
720 1433 824 1471 quae
852 1418 962 1458 illam
993 1420 1228 1472 Byzantium
1257 1421 1490 1460 Andronico

12 1471 273 1528 ¹'nupturam
300 1474 506 1512 devexere.
563 1475 762 1527 Gregoras
787 1473 891 1512 libro
932 1481 1040 1512 sexto
1081 1476 1270 1528 scriptum
1313 1475 1489 1527 reliquit,

50 1545 151 1571 ,cum
180 1543 227 1569 eo
255 1529 495 1578 duceretur,
535 1530 658 1580 egisse
699 1543 850 1567 annum
883 1529 1139 1567 undecimum
1161 1560 1172 1578 ,
1213 1530 1493 1569 Andronicum

38 1599 153 1628 Nero
181 1586 344 1624 tertium
382 1597 502 1635 supra
546 1584 804 1622 vicesimum:
829 1586 965 1635 'quam
1007 1591 1045 1622 et
1078 1585 1213 1623 vultus
1254 1593 1293 1624 et
1333 1600 1493 1624 morum

55 1640 251 1694 elegantia
269 1638 571 1678 commendarit.
628 1638 838 1676 Mulierem
861 1640 974 1691 longe
1007 1639 1368 1678 ambitiosissimam
1384 1655 1495 1678 eam-

56 1695 149 1735 dem
179 1694 369 1734 describit
402 1693 504 1731 libro
532 1694 728 1745 septimo,
774 1694 922 1746 quippe
963 1707 1065 1746 quae
1100 1708 1239 1732 omnes
1272 1702 1352 1733 tres
1394 1695 1496 1735 filios

57 1764 151 1790 suos
184 1750 441 1802 imperatores
472 1748 665 1800 designari
695 1749 976 1800 percupiebat,
1007 1756 1046 1787 et
1073 1756 1119 1787 ut
1146 1749 1267 1790 modo
1294 1751 1496 1803 imperan-

56 1812 117 1845 tes
146 1805 311 1846 videret.
367 1804 567 1842 Romanas
599 1816 692 1854 opes
736 1803 776 1840 in
807 1803 1082 1841 Romanorum
1116 1803 1250 1844 hostes
1278 1805 1496 1857 profunde-

55 1860 143 1900 hat.
204 1859 372 1908 Ibidem,
401 1872 522 1911 quam
553 1857 651 1896 lenis
670 1857 720 1895 ad
751 1871 838 1896 eam
866 1856 1102 1910 placandam
1127 1858 1382 1898 Andronicus
1410 1860 1498 1898 fue-

57 1917 126 1955 rit.
181 1915 304 1954 Febri
333 1921 542 1967 correpta,
589 1913 674 1951 obit
702 1911 809 1951 diem
852 1926 969 1951 suum
1011 1913 1051 1951 in
1092 1913 1283 1965 oppidulo
1329 1915 1496 1965 Drama,

56 1983 138 2024 quo
169 1971 290 2009 animi
319 1970 445 2022 gratia
463 1967 744 2007 Thessalonica
772 1982 813 2006 se
841 1967 1020 2006 conferre
1049 1968 1214 2008 solebat.
1268 1970 1342 2008 Est
1364 1977 1499 2008 autem

57 2027 210 2065 Graece
256 2020 459 2075 ἄρχοντος
499 2021 826 2074 Λουμπαρὸὶάς.
882 2022 939 2062 At
968 2023 1075 2061 enim
1123 2038 1204 2062 non
1243 2026 1376 2077 paruit
1405 2024 1498 2063 huic

57 2080 284 2119 Marchioni
315 2079 497 2118 universa
525 2078 766 2117 Lombardia
785 2107 796 2123 ‚
840 2092 960 2130 quam
1001 2078 1226 2117 insubrium
1257 2086 1406 2118 veteres
1435 2079 1500 2117 di-

57 2149 164 2186 xere,
191 2133 372 2188 (proinde
411 2133 533 2172 malui
570 2133 791 2171 Lombardc·
808 2134 1005 2187 principis
1026 2162 1039 2183 ,
1083 2148 1204 2186 qnam
1232 2135 1500 2173 Lomhardiac

51 2191 266 2245 principis,
283 2196 327 2228 ut
356 2190 523 2227 vitarem
550 2185 597 2227 τὸ
628 2186 894 2240 ἄμφιβολον,)
923 2188 991 2227 scd
1019 2203 1065 2226 ca
1093 2188 1223 2227 sotum
1250 2189 1498 2241 regiuncula,

58 2259 164 2299 quae
192 2247 298 2283 inter
321 2244 479 2283 Padum
507 2250 547 2283 et
576 2244 783 2281 Tanarum
811 2243 884 2281 sita
912 2249 952 2281 et
979 2244 1059 2299 iam
1089 2244 1245 2296 pridem⁴
1269 2245 1500 2283 Montisfer-

57 2302 136 2340 rati
164 2301 325 2339 nomine
353 2306 495 2338 vocata
529 2305 599 2339 est.
658 2299 819 2336 Primus
861 2298 1043 2337 Marchio
1078 2301 1164 2338 eius
1211 2300 1285 2338 suit
1313 2299 1497 2338 Almara—

0 2395 2 2406 ,
25 2381 29 2386 .
58 2368 150 2404 ῐιιιε,
178 2369 201 2394 a
230 2368 366 2394 socero
387 2354 550 2393 Othone
578 2367 722 2406 magno
750 2360 922 2403 creatus,
951 2367 1056 2393 anno
1084 2354 1234 2394 Christi
1261 2354 1373 2410 9674
1409 2355 1500 2393 iude

0 2440 3 2449 .
59 2417 196 2464 postea
227 2409 478 2450 Marchioues
509 2410 730 2461 propagati.
784 2422 954 2454 romum.

170 2465 279 2517 Pag.
304 2478 367 2511 11,
400 2479 461 2518 ¹9·
495 2461 748 2516 Μουμφερᾶ
776 2463 836 2502 Μ.

175 2519 277 2571 Pag.
306 2533 367 2566 ιι,
392 2533 460 2558 21.
489 2527 534 2557 et
561 2518 1082 2572 JmellaeSimonidiS.
1137 2518 1501 2572 GeorgiusPachy-

0 2597 2 2604 ν
62 2574 213 2614 merius
236 2574 312 2613 hoc
345 2574 403 2613 illi
431 2588 577 2613 nomen
607 2574 753 2612 sactum
781 2575 919 2625 tradit,
950 2575 1073 2628 quod,
1105 2590 1196 2614 cum
1225 2575 1358 2627 plures
1389 2574 1502 2628 puel-

0 2646 4 2676 ι
63 2627 127 2668 lae
155 2628 387 2668 Andronico
415 2636 531 2668 natae
559 2635 811 2668 morerentur
831 2659 843 2679 ,
874 2644 897 2668 a
923 2631 1089 2669 muliere
1118 2629 1292 2682 quadam
1320 2630 1500 2678 edoctus,

67 2682 276 2721 duodecim
309 2684 580 2737 apostolorum
608 2684 819 2723 duodecim
849 2691 999 2724 statuas
1047 2699 1177 2724 cereas
1225 2685 1303 2724 viri
1344 2686 1500 2733 magni-

67 2737 206 2778 tudine
235 2739 414 2779 statuerit
454 2754 598 2793 casque
641 2740 716 2780 sub
744 2746 900 2793 tempus
929 2747 1065 2796 partus
1091 2739 1231 2780 ordine
1265 2738 1497 2781 accenderit,
