1794 3158
391 131 465 172 An
506 130 879 174 emmenum
910 134 1007 174 Lm.
1039 135 1105 175 iv.
1373 117 1484 190 549

0 246 12 278 ι
43 240 278 288 tentarunt:
314 235 534 287 conspicati
554 264 566 285 ,
607 237 771 289 opinor,
800 250 841 276 se
873 236 978 290 apud
1004 238 1309 291 perspicaciores
1339 252 1484 291 parum

0 305 11 333 ι
41 289 263 341 effecturos,
282 289 314 329 si
341 291 515 342 primam
537 288 647 329 illai‘n
670 294 776 331 viam
804 293 952 331 inirent
970 300 1010 332 et
1030 300 1231 344 tenerent:
1258 294 1355 346 quid
1376 296 1483 333 enim

38 344 227 384 insulsius
254 351 294 384 et
310 343 504 394 stolidius,
531 360 651 398 quam
671 360 858 396 asserere,
888 349 1058 399 primam
1093 356 1131 387 et
1160 363 1387 402 supremam
1420 349 1483 387 di·-

38 401 231 453 gnitatem
258 400 299 438 in
323 398 583 439 ecclesiastica
610 401 832 440 hierarchia
869 402 1042 454 pendere
1069 403 1120 442 ab
1153 404 1319 443 arbitrio
1358 405 1484 456 impe-

0 470 7 496 ι
36 456 213 495 satoris?
268 453 404 493 Aliam
441 468 536 508 ergo
578 458 775 495 rationem
807 457 1050 497 ‘ambitiosae
1082 472 1178 497 suae
1210 459 1387 512 cupidini
1418 473 1482 497 sa-

0 512 6 552 l
37 508 260 549 tisfaciendi
302 509 588 563 excogitarunt.
681 512 903 550 Romanam
944 513 1051 552 enim
1095 513 1301 553 ecelesiam
1335 515 1483 567 passim

0 575 4 607 ἐ
40 563 152 617 apud
175 565 267 604 Suos
288 565 513 612 traduxere‚
545 566 658 617 quasi
683 568 724 604 in
749 566 952 606 nonnullis
980 567 1070 606 fidei
1098 569 1292 620 capitibus
1316 583 1339 607 a
1360 570 1482 608 saeris

0 634 4 653 ι
35 617 179 659 litteris
214 627 252 658 et
282 619 334 658 ab
366 619 590 672 apostolicis
621 621 904 661 traditionibus
935 625 1094 675 penitus
1128 624 1260 663 deviet
1283 625 1483 677 pernicio-

0 695 4 703 =
33 687 182 727 uosque
208 688 364 714 errores
388 675 519 714 foveat
537 704 549 726 ,
580 682 742 715 tueatur
776 683 815 716 et
861 677 1049 716 omnibus
1088 678 1382 731 amplectendos
1406 680 1480 718 ob-

36 730 189 769 trudat.
243 730 499 782 Quapropter
519 744 606 769 eam
628 732 780 785 primae
797 731 900 771 sedis
922 731 1075 771 honore
1089 755 1092 758 v
1108 741 1147 772 et
1176 734 1350 772 eulmine
1379 735 1480 773 exci-

35 783 153 835 disse,
185 783 367 838 hancque
398 783 632 838 dignitatem
657 786 708 825 ad
745 786 1227 840 Constantinopolitanum
1257 789 1480 841 praesulem

34 839 239 879 transiisse
261 839 516 880 dictitabant.
573 841 717 890 Primi,
745 843 814 895 qui
842 841 945 881 hane
973 845 1079 882 viam
1103 843 1223 897 paulo
1242 845 1480 896 expressiore

65 895 138 934 ede
165 902 396 947 presserunt
425 902 464 934 et
491 896 745 946 institerunt,
774 897 962 937 videntur
987 898 1105 937 fuisse
1128 907 1260 952 patres
1282 899 1338 938 illi
1355 899 1477 938 Trul-
1504 895 1514 902 ’

33 908 115 991 limi
133 979 145 1001 ,
174 950 245 1003 qui
275 951 617 1003 utrturpissimam
644 952 926 1001 ambitionem,
959 968 1039 1006 qua
1068 954 1321 1006 aestuabant,
1351 953 1479 993 hone-

33 1004 146 1045 statis
179 1005 295 1059 quasi
337 1005 427 1045 velo
459 1005 742 1057 obnuberent,
786 1009 897 1046 varia
940 1009 980 1046 in
1035 1009 1270 1047 Latinorum
1312 1009 1478 1048 ecelesia

31 1073 207 1112 carpere,
236 1061 361 1099 immo
390 1067 429 1100 et
458 1060 650 1101 damnare
678 1063 839 1115 ingressi
868 1070 988 1102 sunt:
1019 1070 1064 1102 ut
1093 1066 1378 1103 continentiam
1407 1079 1477 1103 seu

31 1114 271 1154 caelibatum
301 1117 575 1155 ministrorum
603 1116 800 1168 ecelesiae,
831 1117 1022 1156 ieiunium
1050 1119 1230 1158 sabbati:
1265 1120 1337 1171 ipsi
1368 1122 1477 1159 enim

30 1170 200 1210 sabbato
239 1185 321 1209 non
362 1172 570 1223 ieiunant;
626 1174 787 1212 missam
824 1172 1036 1225 perfectam
1079 1181 1118 1212 et
1158 1174 1394 1227 completam
1436 1176 1476 1213 in

30 1225 365 1279 quadragesima:
407 1227 482 1279 ipsi
518 1228 624 1267 enim
645 1258 655 1275 ‚
697 1235 856 1281 excepto
894 1227 958 1267 die
988 1228 1214 1280 dominice,
1246 1229 1410 1268 sabbato
1439 1237 1478 1268 et

29 1281 128 1320 sesto
172 1282 511 1331 annuntiationis,
572 1284 713 1322 ceteris
740 1283 1067 1336 quadragesimae
1101 1284 1245 1323 diebus
1275 1284 1478 1323 celebrant

29 1337 216 1384 missam,
247 1350 368 1388 quam
397 1343 543 1376 vocant
572 1337 653 1376 τῶν
681 1337 1027 1390 προηγιασμένων
1046 1367 1058 1389 ,
1089 1338 1130 1377 id
1159 1345 1219 1377 est
1239 1369 1251 1390 ,
1285 1354 1340 1378 ex
1354 1354 1478 1393 prue-

27 1391 306 1446 eanceficattk,
338 1391 390 1430 ad
422 1406 513 1430 eum
547 1391 628 1430 fere
655 1392 821 1432 modum
839 1421 851 1443 ,
894 1406 975 1444 quo
1003 1393 1138 1431 Latini
1166 1393 1231 1432 die
1258 1407 1370 1432 sacro
1401 1409 1473 1446 pa-

29 1460 213 1486 rasceues
250 1460 295 1484 ex
328 1447 676 1499 praesanctificatis
720 1447 919 1486 offerunt:
967 1449 1039 1486 etsi
1069 1449 1211 1487 Graeci
1239 1463 1320 1488 non
1353 1463 1477 1488 unam

29 1508 187 1545 tautum
214 1501 401 1554 speeiem,
429 1509 475 1540 ut
502 1502 652 1552 Latini,
680 1502 748 1542 sed
778 1510 992 1555 utramque
1020 1502 1246 1554 adservant,
1274 1512 1313 1542 et
1340 1506 1380 1542 in
1401 1505 1476 1543 liae

30 1570 102 1596 sua
138 1558 260 1596 missa
289 1556 494 1599 adhibent.
551 1557 804 1596 Aeeusarunt
833 1559 951 1596 etiam
984 1559 1164 1607 Latinos,
1194 1559 1302 1611 quod
1330 1574 1352 1597 a
1384 1571 1477 1597 san-

27 1613 151 1665 guine
186 1619 224 1650 et
253 1611 449 1650 suffocato
480 1625 560 1650 non
600 1612 854 1662 abstineant3
912 1613 1020 1665 quod
1049 1613 1202 1652 aditum
1237 1614 1288 1652 ad
1319 1629 1477 1654 sacrum

29 1666 155 1712 altare
187 1666 297 1706 laicis
324 1681 402 1705 non
434 1665 729 1717 intercludant,
758 1675 804 1706 ut
837 1667 875 1705 id
918 1682 1043 1721 genus
1086 1668 1163 1707 alia
1211 1677 1472 1721 praeteream.

33 1722 192 1772 Quibus
218 1722 537 1760 accusationibus
566 1722 672 1760 viam
701 1737 782 1761 non
816 1722 911 1771 sibi,
941 1722 1009 1760 sed
1038 1722 1124 1761 aliis
1152 1725 1398 1771 munierunt,
1430 1731 1477 1763 ut

37 1778 265 1831 pontificem
295 1778 524 1816 Romanum
553 1776 602 1815 de
630 1791 700 1815 sua
731 1777 923 1830 dignitate
952 1777 1139 1816 excidisse
1175 1777 1335 1830 publice
1359 1793 1475 1831 prae-

37 1833 230 1871 dicarent.
288 1831 387 1870 Nam
416 1833 509 1885 ipsis
538 1833 631 1870 satis
660 1832 732 1870 fuit
763 1833 801 1870 in
824 1833 1019 1884 praesenti
1046 1847 1121 1871 ova
1151 1835 1343 1885 posuisse,
1373 1848 1478 1886 quae

35 1886 106 1926 alii
133 1887 402 1934 excluderent,
433 1901 707 1939 canonemque
736 1887 786 1926 de
811 1889 998 1940 episcopo
1033 1887 1476 1941 Constantinopolitano

35 1943 261 1982 condidisse
299 1942 416 1995 longe
458 1942 824 1995 impudentiorem,
857 1956 977 1995 quam
1021 1944 1257 1995 impostores
1295 1951 1477 1997 tempore

36 1998 206 2037 Concilii
234 1999 351 2051 primi
386 1997 813 2050 Constantinopolim-ni
842 2005 881 2036 et
908 1996 1270 2037 Calchedonensis:
1321 1999 1370 2037 de
1395 2014 1476 2052 qun

34 2052 151 2106 plura
173 2054 412 2092 Franciscus
439 2053 666 2091 Turrianus
692 2051 760 2095 lib.
793 2052 842 2091 de
873 2059 1007 2103 sexta,
1053 2055 1220 2106 septima
1268 2061 1305 2092 et
1334 2062 1475 2093 octava

0 2148 1 2151 ,
35 2108 202 2162 synodo.
255 2108 423 2149 Secutus
464 2115 522 2147 est
551 2108 744 2158 photius,
783 2108 851 2160 qui
881 2121 982 2160 quae
1010 2107 1193 2147 Trullani
1223 2109 1287 2147 isti
1316 2108 1475 2162 legisla-

0 2164 2 2184 ¹
35 2170 141 2203 tores
173 2164 412 2216 inceperant,
448 2164 651 2215 perliceret
671 2192 682 2213 ‚
724 2162 941 2202 ambitione
972 2162 1107 2202 throni
1138 2164 1476 2217 Constantinopo-

0 2247 1 2255 ,
34 2217 149 2258 litani
182 2218 300 2258 simul
329 2226 368 2257 et
395 2218 529 2257 furore
560 2220 599 2256 in
632 2217 845 2256 Nicolaum
878 2219 1054 2272 primum
1082 2219 1309 2270 pontificem
1349 2226 1388 2257 et
1434 2221 1476 2257 in

0 2291 1 2303 π
34 2282 186 2313 ceteros
215 2275 416 2312 Romanos
439 2273 639 2325 praesules
667 2275 875 2323 incensus,
917 2274 1026 2326 quod
1056 2273 1287 2324 obstarent,
1333 2288 1382 2312 ne
1413 2289 1474 2313 se·-

34 2329 127 2368 dem
159 2328 642 2380 Constantinopolitanam
671 2336 809 2367 contra
841 2329 901 2367 ius
928 2336 968 2367 et
995 2329 1052 2367 fas
1079 2336 1312 2381 occupatam
1341 2330 1474 2381 quiete

34 2384 266 2437 possideret.
298 2385 359 2422 De
388 2383 535 2422 Photio
553 2383 632 2422 diei
653 2390 796 2436 potest,
827 2383 935 2436 quod
964 2384 1235 2423 Tertullianus
1256 2383 1360 2421 libro
1378 2397 1473 2422 con-

34 2446 95 2478 tra
125 2439 428 2478 Valentinianos
457 2453 543 2491 cap.
570 2437 607 2489 4.
635 2439 689 2478 de
715 2438 958 2478 Valentino:
988 2439 1231 2493 Speraverat
1260 2439 1468 2491 episcopa-

33 2503 114 2533 tum
147 2494 381 2533 Valentinus
408 2493 644 2543 (Photius),
672 2495 765 2548 quia
794 2503 832 2533 et
865 2495 1019 2547 iugenio
1044 2502 1200 2549 poterat
1228 2502 1267 2530 ct
1296 2494 1468 2547 eloquio.

34 2549 120 2587 Sed
137 2550 263 2589 alium
289 2565 343 2588 ex
373 2550 562 2600 martyrii
579 2551 866 2603 praemgaciva
892 2551 971 2588 loci
980 2551 1145 2603 politum
1167 2548 1403 2598 indignanis,
1424 2549 1473 2586 (lc

34 2604 194 2642 ccclesia
213 2605 455 2643 authenticae
480 2605 636 2657 regulae
656 2605 826 2659 abrupit,
855 2608 925 2655 (ut
953 2605 1075 2641 solent
1109 2603 1235 2640 [mimi
1256 2617 1333 2657 pro
1358 2605 1473 2656 prio-

36 2668 124 2698 ratu
142 2659 264 2698 exciti
272 2661 593 2712 praesumpcione
611 2660 765 2699 ulcionis
788 2660 978 2708 aecendi,)
999 2657 1055 2695 ad
1067 2658 1371 2710 expugnandam
1382 2673 1472 2696 con-

34 2727 170 2757 memus.
199 2715 422 2766 veritatem,
451 2724 488 2755 ec
514 2715 714 2755 cuiusdam
732 2716 871 2754 veteris
899 2713 1095 2767 opinionis
1126 2713 1265 2753 semini
1294 2722 1383 2753 acccc
1405 2727 1470 2751 co-
