1800 3164
286 151 359 207 88
806 161 1176 206 CANTACUZENJ

75 276 114 309 A.
127 276 165 311 C.
185 276 272 323 1348
284 266 428 309 ἔπειτα
455 262 812 321 ἐπιστρατεύσωσι
834 261 1007 318 δεσπότῃ
1021 296 1033 315 ,
1051 262 1334 317 ἀσθενεστέρῳ
1353 260 1606 317 γεγενημένῳ
1626 253 1718 314 ἤδη.

283 333 356 375 καί
383 332 487 373 κατὰ
509 330 585 385 τὴν
612 331 767 372 ἐκείνου
799 330 1043 383 παραίνεσιν
1071 326 1205 368 πάντα
1235 327 1421 369 ἐτελεῖτο.
1477 326 1612 381 ἡμέρᾳ
1638 324 1718 379 γὰρ

282 400 331 454 τῇ
368 394 477 454 αύτῇ
514 397 677 438 πάντων
718 393 964 449 ἐκράτησαν,
1008 388 1100 434 ὅσοι
1126 390 1287 434 πόλεων
1324 388 1455 447 ἦρχον
1491 387 1521 445 ἦ
1549 393 1721 443 κωμῶν·

286 463 430 506 ἔπειτα
467 459 763 514 ἁπανταχόθεν
802 456 1098 515 ἀθροισθέντες
1136 461 1400 512 παμπληθεῖς
1431 455 1554 508 πεζοί
1579 471 1622 498 τε
1650 455 1724 496 καί
1778 492 1784 500 ,

247 528 421 577 Οἱππεῖς
461 525 641 583 ἐπῄεσαν
682 526 888 582 δεσπότῃ,
918 525 1200 577 Λαμπουδίου
1230 522 1336 577 μετὰ
1363 525 1445 564 τῶν
1474 516 1611 565 ἄλλων
1631 522 1766 567 ’τῶνᾷ

285 595 585 646 δυνατωτέρων
624 591 868 645 ἡγουμένου.
937 591 1133 645 δεσπότης
1170 591 1215 631 δὲ
1262 588 1361 638 τούς
1389 590 1523 637 ἰδίους
1550 586 1724 642 ἐφοπλί-

284 676 389 711 σας,
423 654 513 699 ὅσοι
542 655 701 698 εἵποντο
731 657 776 697 ἐκ
807 658 1065 709 Βυζαντίου,
1095 655 1193 710 περὶ
1217 657 1480 711 τριακοσίους
1512 649 1628 701 ὄντας
1656 656 1725 693 λο-

282 724 415 779 γάδας
452 723 638 775 πάντας,
675 721 911 778 ἀντεπεξῄει
940 728 1024 771 τοῖς
1053 720 1431 776 Πελοποννησίοις,
1476 720 1549 761 καί
1573 721 1725 772 μισθο-

283 790 442 846 φόρους
470 787 578 842 ἔχων
606 788 769 842 ὀλίγους
814 790 1083 843 Ἀκαρνᾶνας.
1139 786 1176 829 οἱ
1207 789 1253 829 δὲ
1282 787 1381 828 οὐδὲ
1409 786 1468 834 εἰς
1496 779 1595 838 ὄψιν
1621 781 1727 825 ὕπο-

281 857 493 909 μείναντες
518 856 680 907 ἐλθεῖν,
701 855 759 904 εἰς
780 855 918 910 φυγήν
946 870 992 895 τε
1011 846 1243 909 4ἐτράποντο
1271 851 1344 894 καί
1369 852 1624 906 διελύθησαν
1651 867 1727 892 κα·
1745 861 1795 890 ιο,

282 920 335 963 τοὶ
365 917 536 969 πόλεις·
584 921 657 961 καί
693 920 731 961 οἱ
771 923 850 973 μὲν
886 915 1040 961 αύτίκα
1070 918 1367 974 προσεχώρουν
1399 916 1728 973 παραιτούμενοι

283 986 357 1028 καί
380 984 608 1040 ἐτύγχανον
640 983 907 1040 συγγνώμης,
948 982 1040 1027 ὅσοι
1064 988 1110 1027 δὲ
1138 979 1248 1039 ἦσαν
1283 980 1577 1038 τολμηρότεροι
1621 981 1730 1035 πρὸς

284 1050 612 1107 νεωτερισμούς,
640 1049 714 1099 τὰς
747 1049 887 1101 πόλεις
925 1050 1225 1105 κατασχόντες,
1260 1051 1336 1091 ούκ
1363 1050 1555 1102 ἐδέχοντο
1581 1047 1731 1089 δεσπό-

238 1127 356 1172 Βτην
385 1114 579 1172 ἀνοήτως,
638 1117 680 1158 οἳ
703 1119 783 1172 γαρ
821 1117 928 1170 ὁμοῦ
954 1116 1191 1170 σύμπαντες
1227 1116 1439 1168 α’ντισχεῖν
1468 1113 1544 1155 οὐκ
1571 1112 1725 1167 ἠδυνή-

281 1187 448 1238 θησαν,
479 1177 593 1224 οὗτοι
618 1186 708 1224 κατ’
722 1184 883 1237 ὀλίγους
911 1184 1214 1237 διαιρεθέντες,
1256 1176 1437 1236 ἤλπισαν
1463 1175 1723 1235 περιγενησεῆ
1751 1180 1797 1221 15

282 1252 399 1291 σθαι.
432 1245 607 1303 ὕστερον
625 1248 769 1300 μέντοι
784 1250 856 1290 καί
885 1247 1008 1289 azima*
1032 1246 1139 1301 μετὰ
1161 1245 1315 1301 πολλὴν
1345 1245 1526 1287 κάκωσιν
1555 1245 1626 1287 καί
1655 1243 1731 1292 τας

228 1312 232 1315 ’
283 1318 473 1367 συνεχεῖς
511 1312 743 1367 ἐπιδρομάς
781 1315 853 1355 καί
889 1312 1113 1368 λεηλασίας
1155 1312 1202 1353 τὸ
1244 1317 1438 1353 συνοῖσον
1465 1310 1732 1360 συνιδόντες,

286 1377 587 1435 προσεχώρουν
624 1381 681 1437 τῷ
711 1379 888 1436 δεσπότῃ
920 1378 1109 1431 δεόμενοι
1137 1383 1281 1432 τυχεῖν
1319 1376 1576 1431 συγγνώμης.
1630 1375 1652 1418 ὃ
1686 1376 1733 1417 δὲ

287 1444 512 1500 παρείχετο
542 1446 688 1497 πᾶσιν,
721 1443 769 1485 οὗ
796 1446 934 1498 μισῶν
963 1446 1147 1498 μᾶλλον,
1175 1440 1202 1498 ἢ
1233 1444 1304 1498 τῆς
1336 1443 1480 1491 α’νοίας
1500 1445 1649 1494 ἐλεῶν,
1670 1439 1733 1483 ὅτι

152 1521 192 1555 V.
205 1522 273 1556 603
289 1509 519 1559 ιῖκινδύνως
546 1509 759 1561 σώζεσθαι
791 1508 913 1562 ε’νὸν,
947 1506 1157 1550 ἀπώλοντο
1189 1515 1275 1556 τοῖς
1303 1508 1406 1562 ὑπὲρ
1438 1507 1616 1559 δύναμιν
1643 1509 1732 1548 ἑπι-
1746 1521 1800 1547 201

285 1577 540 1631 χειροῦντες;
572 1575 794 1630 ἡσύχασαν
822 1577 868 1617 δὲ
887 1574 1042 1629 χρόνον
1069 1575 1143 1615 ούκ
1171 1570 1424 1627 όλίγον,την
1452 1571 1531 1614 ὑπὸ
1556 1572 1732 1630 δεσπότῃ

287 1644 480 1684 δουλείαν
507 1638 558 1682 οὗ
572 1642 731 1694 μᾶλλον
751 1641 824 1681 ὕπ’
843 1637 1169 1694 εύγνωμοσύνης
1184 1637 1381 1693 εὐμαρῶς
1403 1640 1612 1695 φέροντες,
1636 1635 1737 1680 ὅσον

286 1706 370 1749 ὑπὸ
399 1709 535 1756 δέους.
560 1711 638 1749 τοῦ
656 1705 761 1763 πρὸς
780 1705 985 1762 ἀλλήλους
1005 1708 1050 1749 δὲ
1068 1708 1149 1749 τῶν
1169 1708 1376 1760 βασιλέων
1403 1699 1530 1755 αὖθις
1554 1705 1737 1757 πολέμου

290 1847 493 1893 eodemque
519 1847 579 1881 die
604 1847 671 1879 sub
698 1848 822 1893 iugum
847 1848 948 1880 missi
974 1859 1122 1890 omncs,
1158 1849 1221 1894 qui
1249 1847 1400 1881 urbibus
1434 1851 1497 1880 aut
1522 1846 1608 1879 vicis
1631 1857 1737 1891 prae-

290 1901 405 1928 erant.
462 1895 545 1927 Post
578 1895 823 1940 undequaque
856 1895 1010 1927 conflata
1039 1897 1163 1939 ingens
1199 1894 1363 1938 peditum
1393 1895 1632 1940 equitumque
1657 1893 1733 1934 vis,

289 1940 491 1985 Lampudio
518 1947 554 1974 et
580 1941 850 1986 potentioribus
874 1942 1148 1986 praeeuntibus,
1174 1943 1212 1974 in
1240 1940 1426 1985 despotam
1443 1940 1571 1974 tendit.
1597 1942 1628 1973 Is
1655 1951 1735 1973 cum

290 1990 366 2022 suis
392 1993 575 2032 quotquot
600 1989 770 2030 Byzantio
797 1987 1018 2029 adduxerat,
1040 1988 1259 2030 (adduxerat
1282 1994 1402 2021 autem
1428 1988 1569 2020 circiter
1592 1991 1736 2020 trecen-

290 2040 370 2075 tos,
395 2034 547 2066 selectos
574 2037 736 2078 omncs,)
759 2036 956 2080 paucisque
992 2034 1222 2068 conductitiis
1246 2034 1493 2068 Acar-nauibus
1521 2038 1645 2067 contra
1669 2033 1737 2067 Pe-

291 2081 526 2125 loponnesios
555 2080 739 2125 procedit,
769 2082 832 2127 qui
859 2093 904 2115 ne
930 2082 968 2113 in
994 2086 1226 2125 conspectum
1251 2080 1399 2125 quidem
1424 2080 1584 2114 hostium
1612 2081 1737 2115 venire

293 2127 532 2166 sustinentes,
573 2128 612 2159 in
654 2128 773 2172 fugam
804 2129 898 2161 versi
941 2133 977 2161 et
1020 2128 1221 2172 oppidatim
1256 2127 1388 2172 dilapsi
1424 2132 1520 2160 sunt.
1568 2126 1663 2159 'l‘um
1689 2127 1735 2161 de

295 2173 352 2206 his
376 2172 439 2205 alii
464 2172 612 2217 quidem
638 2173 675 2204 in
702 2175 778 2206 eius
806 2175 913 2207 sidem
938 2174 1060 2207 statim
1087 2186 1123 2208 se
1150 2174 1329 2207 tradidere
1345 2175 1509 2214 ‚veniam
1524 2169 1738 2217 pqscente8‚

295 2231 401 2265 quam
427 2230 510 2252 mox
535 2220 875 2264 consequebanu1r3
906 2221 991 2262 alii,
1007 2222 1140 2267 quibus
1165 2220 1211 2253 ad
1233 2220 1393 2254 studium
1425 2231 1544 2253 rerum
1570 2230 1744 2256 novarum

293 2267 376 2310 plus
414 2266 531 2298 inerat
561 2265 753 2307 audaciae,
797 2267 948 2299 urbibus
987 2268 1201 2312 occupatis,
1240 2267 1426 2311 despotam
1462 2278 1536 2300 non
1573 2267 1745 2300 admitte-

294 2311 405 2352 bant,
431 2312 562 2346 stolide
588 2312 773 2355 prosect03
812 2313 874 2358 qui
912 2315 1009 2346 enim
1044 2325 1165 2348 omues
1209 2315 1317 2347 simul
1343 2313 1511 2347 resistcre
1535 2325 1609 2347 non
1636 2320 1744 2358 pote-

296 2363 399 2399 rant,
438 2358 477 2391 hi
518 2370 582 2403 per
629 2359 869 2392 cohorticulas
908 2360 1093 2404 dissipati,
1139 2362 1324 2394 victoriam
1356 2359 1426 2393 sibi
1462 2360 1744 2404 pollicebantur.

295 2405 461 2440 Tandem
488 2406 685 2450 aliquando
713 2411 748 2438 et
770 2406 853 2450 ipsi,
877 2411 932 2439 tot
957 2409 1105 2450 perlatis
1132 2406 1371 2441 incommodis
1401 2412 1437 2439 et
1474 2408 1745 2441 incursionibus

297 2451 639 2496 direptionibusque
651 2453 805 2485 assiduis
826 2453 947 2486 oculos
963 2460 1193 2496 aperuerunt,
1206 2455 1365 2499 etpetita
1381 2454 1498 2492 venia,
1511 2453 1549 2486 in
1573 2453 1745 2497 despotae

295 2500 548 2532 auctoritatem
570 2504 829 2532 concesserunt.
860 2499 927 2531 llle
946 2501 1130 2543 ignoscere
1155 2501 1321 2534 omnibus
1335 2525 1344 2540 ‚
1365 2511 1433 2533 nec
1453 2511 1513 2532 eos
1529 2499 1648 2533 odisse
1667 2512 1746 2533 ma-

298 2546 362 2590 gis,
378 2557 498 2590 quam,
522 2551 562 2577 ut
579 2552 753 2586 amentes,
771 2545 950 2578 miserari:
978 2548 1041 2590 qui
1064 2558 1144 2579 cuin
1162 2548 1240 2580 sine
1257 2547 1419 2592 periculo
1438 2546 1570 2579 servari
1586 2552 1748 2590 possent,

298 2593 426 2638 iniqua
458 2592 595 2625 viribus
626 2593 768 2632 conati,
799 2602 875 2625 sese
904 2591 1086 2635 perditum
1123 2594 1272 2626 iverant.
1318 2593 1394 2625 Nec
1426 2593 1485 2625 diu
1522 2594 1748 2637 requierunt,

262 2640 265 2642 ’
302 2638 404 2683 quod
428 2637 600 2682 despotae
626 2639 819 2683 imperium
840 2650 913 2671 non
940 2643 1011 2670 tam
1041 2645 1190 2683 propter
1214 2640 1537 2684 aequanimitatem
1573 2639 1746 2679 libentes,

300 2696 407 2729 quam
425 2697 504 2718 cum
520 2686 647 2718 timore
666 2686 829 2719 nolentes
845 2687 1034 2718 sufferrent
1048 2698 1056 2726 ς
1070 2690 1105 2717 ct
1120 2685 1217 2718 bello
1235 2687 1328 2718 inter
1343 2686 1575 2729 imperatores
1589 2687 1747 2720 resusci-

300 2736 376 2767 tato
390 2732 606 2778 iunioreque
626 2734 842 2778 imperatore
852 2732 1065 2777 Palaeologo
1081 2744 1196 2766 rerum
1212 2733 1391 2777 potiente,
1404 2743 1562 2775 rursum,
1575 2733 1660 2779 quia
1678 2743 1744 2779 pa-
