1794 3158
377 127 450 167 An
493 125 864 170 CANTACUZENJ
905 128 1001 167 Lm.
1044 129 1112 167 iv.
1355 106 1459 174 541

0 247 4 268 ;
29 230 168 280 tione,
209 237 256 269 ut
285 232 580 286 primogenitus
621 232 724 285 regis
764 237 956 285 perpetuo
993 236 1095 269 esset
1127 228 1314 269 dominus
1363 229 1468 270 illius

30 290 161 325 terrae
203 285 482 340 dicereturque
521 286 715 326 Delfinus.
772 287 900 339 lgitur
939 298 1044 325 anno
1084 287 1263 339 sequenti
1303 286 1469 338 Ioannes

0 366 1 370 ,
31 339 210 393 Philippi
242 343 532 395 primogenitus
560 344 711 395 accepit
736 341 1023 394 possessionem
1057 339 1162 380 illius
1191 348 1230 380 et
1258 341 1383 380 factus
1412 347 1470 379 est

29 396 181 448 primus
208 395 404 437 Delfinus.
463 395 662 436 Imbertus
692 404 825 436 autem
865 395 970 450 apud
1002 395 1246 450 Lugdunum
1287 396 1469 436 ordinem

28 450 349 503 praedicatorum
377 453 576 506 ingressus
602 458 671 492 est.
704 465 872 493 PONTAN.
1315 478 1318 482 ·

141 504 414 562 Pag.25‚17.
441 507 649 559 faciem
693 507 865 546 omnis
913 515 1076 546 terra.
1135 504 1185 546 In
1217 519 1256 546 2.
1286 504 1465 558 Paralip.

30 565 89 598 est
116 558 178 599 his
207 561 364 601 verbis:
424 563 643 617 Omnesque
670 575 775 615 reges
802 570 1000 600 terrarum
1027 560 1304 600 desiderabant
1330 561 1467 599 videre

46 615 173 653 aciem
200 615 440 669 Salomonis,
463 626 504 656 ut
533 617 716 656 audirent
741 618 976 671 sapientiam
1007 623 1098 667 ete„
1119 630 1192 656 nec
1220 616 1334 656 aliter
1363 615 1467 670 apud

27 669 299 724 Septuaginta.
326 686 502 714 rom-AN.

137 725 238 778 Pag.
263 728 322 776 15,
341 727 405 767 23.
445 729 680 780 reginam
721 726 942 766 urbium.
1000 725 1063 764 De
1108 739 1155 766 ea
1193 726 1363 765 diximus
1392 738 1468 764 no·-

25 780 77 819 tis
104 781 146 819 in
175 789 295 834 caput
323 783 511 835 quintum
535 781 628 822 libri
658 782 791 835 primi.
848 781 981 820 Etiam
1001 780 1121 820 hodie
1150 783 1289 835 regina
1318 788 1376 820 est
1395 794 1467 819 ur-

26 834 139 874 bium
169 836 546 887 innumerabilium,
593 852 695 890 quae
722 837 894 876 Tureico
940 836 1162 876 dominatui
1191 837 1467 877 subiiciuntur.

25 889 129 937 Tam
158 898 215 930 est
243 899 376 933 autem
405 892 552 946 ampla,
586 901 630 932 ut
660 894 731 946 qui
759 906 846 931 eam
881 906 926 930 ex
965 892 1104 930 itinere
1149 893 1375 946 conspicere
1402 893 1465 929 in-

24 946 179 998 cipiunt
201 976 212 996 ‚
254 946 451 987 mundum
491 947 692 1002 quendam
732 961 905 1001 parvum
943 960 985 986 se
1013 948 1239 1002 conspicere
1271 947 1463 986 iudicent.

24 1013 196 1044 romum.

137 1056 411 1110 Pag.14‚12.
454 1071 615 1113 neque
661 1058 987 1108 Octaviani,
1026 1072 1191 1113 neque
1234 1055 1468 1096 Theodo-

23 1112 105 1154 sii.
137 1112 387 1166 Sequebatur
422 1115 464 1154 in
493 1115 671 1154 Graeco:
703 1106 798 1154 eii-te
828 1110 910 1166 μὴν
940 1110 1191 1164 Αὐγούστου
1229 1110 1465 1164 Καίσαρος.

23 1165 211 1207 Sedhoc
240 1176 297 1207 est
332 1177 510 1222 repetere
537 1170 786 1208 Octavium:
834 1169 939 1208 idem
973 1170 1079 1207 enim
1117 1171 1351 1220 Augustus,
1397 1169 1467 1220 qui

24 1222 230 1262 Octavius.
287 1223 486 1265 Fortassis
515 1223 638 1263 alium
664 1224 872 1264 nominare
899 1223 1037 1264 voluit.
1096 1223 1205 1262 Infra
1233 1230 1362 1261 autem
1398 1237 1467 1261 ex·—

22 1275 170 1330 plicat‚
202 1280 405 1332 quomodo
437 1294 636 1334 quemque
663 1280 884 1335 superarit,
915 1287 954 1319 et
976 1278 1284 1318 Constantinum
1317 1291 1363 1317 ac
1380 1277 1466 1318 Sci-

21 1333 181 1386 pionem
211 1335 402 1388 adiungit.
434 1349 608 1377 PONTAN.

131 1389 230 1442 Pag.
255 1389 317 1440 18,
340 1404 402 1430 ιι.
432 1391 782 1430 humanitatis
810 1404 920 1430 rex.
961 1390 1230 1430 Octavianum
1264 1390 1348 1429 sive
1374 1387 1465 1428 Au-

20 1450 180 1497 gustum
209 1458 292 1484 esse
325 1460 459 1499 regem
504 1445 766 1484 humanitatis
805 1453 1014 1496 vocatum,
1059 1461 1131 1500 ego
1171 1445 1332 1498 quidem
1364 1459 1463 1484 nus-

0 1513 142 1553 Equam
170 1498 300 1552 legere
330 1503 508 1542 memini.
565 1501 619 1540 Et
649 1508 781 1539 tamen
812 1503 1132 1540 Cantaeuzenum
1161 1502 1202 1540 id
1226 1500 1332 1554 apud
1362 1501 1462 1539 scri-

17 1561 174 1608 ptorem
204 1554 380 1608 aliquem
408 1556 547 1609 legisse
578 1555 792 1595 verisimile
820 1563 893 1595 est.
950 1556 1079 1595 Multa
1112 1557 1162 1595 de
1203 1557 1286 1595 eius
1315 1555 1461 1595 huma-

17 1610 143 1649 nitate
170 1609 415 1650 Plutarchus
444 1611 610 1651 scribit:
642 1611 719 1650 hoe
749 1618 880 1651 tamen
911 1626 995 1650 non
1024 1612 1176 1651 scribit.
1209 1625 1382 1651 ΡοΝΤΛΝ.

129 1664 231 1717 Pag.
258 1680 320 1719 19,
342 1680 404 1719 ¹7·
435 1667 539 1704 illa
566 1675 809 1719 quatuor.
870 1667 1054 1717 Quatuor
1075 1668 1241 1706 virtutes
1267 1681 1290 1705 a
1313 1668 1463 1719 princi-

17 1733 68 1775 pe
89 1721 284 1773 requirit,
317 1720 605 1760 humanitatem
633 1723 674 1759 in
702 1721 924 1770 audiendo,
953 1721 1157 1760 lenitatem
1178 1722 1219 1760 in
1245 1720 1462 1773 reprehen-

17 1774 175 1825 dendo,
205 1775 460 1828 prudentiam
483 1778 566 1816 sive
586 1777 818 1828 sapientiam
841 1778 881 1814 in
912 1777 1150 1829 inquirendo
1166 1806 1175 1823 ‚
1206 1777 1397 1815 iustitiam
1419 1777 1461 1814 in

14 1830 243 1874 iudicando.
302 1831 514 1871 Humanus
534 1861 544 1880 ‚
589 1830 688 1870 lenis
706 1861 717 1878 ‚
759 1832 934 1884 sapiens,
979 1832 1106 1871 iustus
1144 1833 1194 1870 sit
1241 1831 1461 1885 imperator

17 1891 189 1939 oportet.
244 1885 322 1924 Sed
369 1886 469 1925 nihil
511 1894 594 1925 tam
634 1887 670 1925 ei
708 1886 944 1939 proprium,
987 1901 1108 1940 quam
1135 1887 1315 1936 iustitia,
1347 1887 1460 1925 cuius

16 1940 208 1980 fruendae
238 1955 355 1981 causa
386 1941 513 1981 videri
536 1940 631 1981 olim
667 1941 768 1980 bene
796 1948 970 1980 moratos
1000 1956 1111 1995 reges
1139 1943 1374 1980 constitutos
1401 1942 1460 1980 ait

14 1994 249 2036 Herodotus
293 2003 334 2035 et
376 2011 422 2036 ex
461 1996 600 2036 eodem
640 1996 778 2035 Cicero
812 2010 848 2039 2.
894 1996 945 2035 de
977 1997 1094 2040 Offic.
1153 1998 1268 2036 Hanc
1308 2011 1455 2046 unam,

16 2052 111 2104 quia
139 2051 369 2104 potissima,
413 2053 455 2091 in
498 2051 657 2091 Didone
697 2053 834 2105 regina
874 2060 1072 2092 memorat
1110 2050 1285 2091 Ilioneus
1324 2059 1459 2091 orator

13 2106 120 2159 apud
151 2108 361 2146 Maronem
398 2120 431 2145 i.
463 2106 648 2154 Aeneid.‚
678 2121 771 2146 cum
799 2108 878 2159 ait,
903 2107 1046 2147 Iovem
1075 2107 1111 2146 ei
1132 2107 1285 2146 dedisse
1312 2108 1459 2147 iustitia

12 2171 142 2214 gentes
154 2163 328 2213 frenare
358 2163 552 2216 superbas.
584 2176 757 2201 Pomm.

124 2217 229 2270 Pag.
255 2231 316 2271 ¹9,
334 2230 398 2259 20.
430 2226 535 2256 tum
562 2217 900 2269 demumfore
930 2217 1128 2257 beatas.
1188 2215 1457 2257 celeberrima

13 2274 208 2311 sententia
231 2271 411 2311 Platonis
442 2272 481 2311 in
511 2274 639 2325 primo
668 2272 718 2311 de
748 2286 793 2312 re
818 2271 980 2325 publica
1008 2280 1047 2311 et
1077 2274 1193 2325 epist.
1215 2287 1251 2327 7.
1286 2272 1335 2311 ad
1357 2273 1457 2311 Dio-

11 2327 76 2366 nis
97 2327 555 2380 propinquos‚Platonis
580 2327 787 2381 principis,
805 2329 987 2380 inquam,
1006 2328 1155 2381 ingenii
1173 2335 1212 2367 et
1233 2327 1454 2379 doctrinae,

14 2388 62 2420 ut
90 2383 146 2420 ait
176 2382 318 2421 Cicero
345 2383 457 2434 epist.
505 2396 539 2424 1.
567 2381 637 2422 lib.
670 2398 702 2422 1.
737 2382 788 2421 ad
819 2384 1044 2434 Quintum,
1086 2383 1155 2421 ubi
1197 2396 1284 2421 eam
1327 2382 1456 2420 eidem

16 2437 171 2486 Quinto
197 2436 311 2476 fratri
340 2451 413 2476 suo
443 2438 641 2491 proponit.
699 2438 814 2477 Hanc
837 2452 992 2491 semper
1020 2439 1060 2477 in
1085 2452 1154 2476 ore
1182 2435 1355 2476 habebat
1382 2438 1457 2475 im-

17 2499 178 2544 perator
205 2493 263 2534 M.
294 2492 526 2532 Antoninus
568 2499 836 2546 cognomento
879 2493 1155 2548 philosophus.
1211 2491 1455 2544 Spartianus.

13 2546 164 2585 Seneca
183 2547 348 2600 prologo
368 2549 484 2600 epist.
501 2562 513 2587 ε
544 2561 573 2587 a
602 2549 837 2603 sapientibus
856 2551 1006 2588 sancita
1034 2556 1089 2584 est
1110 2547 1295 2584 sententia
1312 2564 1323 2584 :
1356 2546 1460 2585 illud

13 2598 174 2640 beatum
193 2616 271 2641 esse
297 2617 474 2655 regnum,
506 2605 611 2642 cuius
630 2605 857 2659 principem
894 2602 1100 2653 contigerit
1131 2601 1346 2656 sapientiae
1378 2602 1454 2640 Iza-

11 2654 102 2695 bere
125 2656 310 2696 studium.
342 2672 515 2698 PONTAN.

124 2710 398 2765 Pag.19,23.
430 2712 702 2754 Socratem
733 2712 1111 2754 Atheniensem.
1169 2710 1252 2751 Pro
1271 2711 1452 2765 portione
