1800 3164
485 146 863 188 msTomARUM
904 150 972 187 iv.
1001 152 1074 192 32.
1389 127 1496 182 235

12 259 13 262 ’
63 246 142 304 γὰρ
181 246 324 294 αὐτοῖς
352 239 403 286 οὔ
432 248 572 300 παρῆν
602 244 708 300 πρὸς
734 243 880 302 ἑτέρου
912 244 1065 288 στόλου
1095 244 1386 300 παρασκευήν,
1433 245 1707 288 xat'A.C.1352

38 313 86 356 ’ὁ
118 313 252 367 δῆμος
279 312 461 362 ἐπιέζετο
494 312 632 369 ἐνδείᾳ
658 314 790 368 πολλῇ
831 314 910 354 τοῦ
937 314 1079 367 σι’του,
1116 313 1201 354 τῶν
1229 313 1275 353 ἐκ
1302 314 1505 362 Βενετιάς

56 379 138 433 μὲν
177 375 634 430 θαλασσοκρατούντων
679 376 786 431 μετά
823 376 899 433 τὴν
938 378 1053 433 νίκην
1105 377 1178 419 καί
1220 374 1295 419 οὔκ
1338 375 1501 420 ἐώντων

61 449 176 486 atron
205 443 249 484 ἐκ
277 441 493 498 θαλάττης
521 439 712 499 ἄγεσθαι,
729 446 804 498 γῆς
834 460 877 486 τε
909 441 985 485 οὐκ
1019 439 1242 500 ἄρχοντες,
1268 444 1312 495 ἐξ
1333 437 1385 499 ἧς
1401 460 1505 498 τρα-

24 507 265 572 ξφήσονται
290 511 600 565 γεωργοῦντες,)
627 511 714 551 δεῖν
741 508 928 563 ἔγνωσαν
954 513 1013 567 τῷ
1038 511 1117 552 τῶν
1134 508 1411 552 Μεδιολάνων
1430 504 1506 564 ἆρ-

54 589 176 630 Ἰχοντι
205 571 383 629 ὗπάγειν
415 571 595 623 ἑαυτούς
623 573 698 617 καί
722 577 1020 629 καταδουλοῦν,
1036 573 1216 632 ὠφελεῖν
1247 575 1300 618 τοὶ
1328 578 1505 630 μέγιστα

58 642 288 698 δυναμένῳ.
313 640 546 696 χρημάτων
563 657 609 683 τε
628 641 709 697 γάρ
742 643 786 691 ἐς
799 641 850 683 τὰ
877 640 1063 695 μάλιστα
1093 642 1261 697 εὐπόρει
1281 643 1353 684 καί
1378 659 1507 697 στρα-

57 707 152 756 τεᾶς
179 708 258 761 οὐχ
287 705 455 762 ἱππικῆς
486 707 636 762 μόνον,
668 707 775 750 οἶλλοὶ
801 711 874 750 καί
896 710 1044 763 πεζῆς,
1084 703 1134 763 ἧς
1159 702 1320 750 ἐδέοντο
1341 711 1503 750 ἐκεῖνοι.
1517 716 1561 750 V.
1574 717 1645 753 668

13 779 19 785 ’
59 771 165 830 πρὸς
191 772 356 823 τούτοις
385 775 431 815 δὲ
459 773 532 815 καί
569 773 716 831 χώρας
745 771 892 830 ἄρχων
919 777 1074 830 πολλῆς
1102 776 1176 816 καί
1204 771 1381 829 οἷγαθῆς,
1411 775 1506 829 τρέ-

26 850 158 896 οφειν
189 837 372 894 ἠδύνατο
401 845 514 882 σῖτον
543 839 809 895 πανταχόθεν
842 837 971 895 ἄγων.
1019 838 1129 883 οὕτω
1160 842 1206 883 δὲ
1234 839 1390 894 δόξαν,
1422 842 1508 880 διε-

59 903 336 960 πρεσβεύοντο
376 905 482 962 πρὸς
520 905 654 949 αὐτὸν
694 906 766 948 καί
809 906 885 962 την
920 905 1039 950 πόλιν
1084 908 1352 962 παρεδίδουν.
1409 905 1429 948 ὃ
1471 908 1547 947 δ”Β

59 970 226 1024 ἐδέχετο
254 971 460 1025 ἀσμένως,
490 971 564 1014 καὶ
591 973 790 1028 πρότερον
817 972 1063 1028 ποιούμενος
1089 975 1378 1028 περιπλείστου
1407 975 1448 1015 Γ
1446 988 1511 1014 εν-

59 1033 188 1086 νούας
217 1035 416 1093 δεσπότης
446 1034 566 1092 εἶναι,
609 1035 735 1094 οὔσης
766 1038 937 1095 ὁμόρου.
994 1039 1066 1081 καί
1098 1036 1214 1095 ὅρκοι
1246 1038 1352 1094 πρὸς
1383 1035 1510 1094 ἀλλή-

61 1105 159 1152 λους
189 1102 366 1158 ἐγίνοντο
397 1104 470 1146 καί
516 1104 776 1159 συμβάσεις7
815 1102 909 1148 ὥστ’
941 1104 1069 1148 αὐτὸν
1111 1107 1188 1159 μὲν
1221 1106 1392 1154 ἐκείνοις
1441 1104 1515 1147 καί

25 1173 48 1218 5
57 1165 252 1224 χρήμασι
299 1171 372 1211 καί
398 1166 541 1219 ὅπλοις
579 1170 652 1213 καί
693 1172 970 1227 στρατιώταις
1012 1173 1085 1214 καί
1125 1173 1270 1226 πᾶσιν,
1307 1168 1369 1220 οἷς
1404 1170 1506 1225 ἔχει,

57 1238 232 1291 βοηθεῖν
261 1237 332 1277 ἐπὶ
356 1234 457 1285 τούς
485 1239 724 1291 πολεμίους,
761 1237 920 1288 αὐτούς
951 1239 989 1279 δ’
1018 1240 1172 1280 ἐκεῖνον
1193 1237 1262 1280 διὰ
1291 1239 1387 1292 βίου
1409 1254 1512 1279 παν-

58 1299 133 1350 τὸς
178 1300 381 1356 δεσπότην
429 1301 542 1357 ἔχειν
594 1306 668 1345 καί
702 1306 910 1359 μηδέποτε
951 1301 1270 1361 ἇγνωμονὴσειν,
1329 1299 1514 1360 ἄρχοντά

58 1382 105 1411 τε
139 1368 339 1422 δέχεσθαι
367 1370 419 1426 τῇ
447 1369 563 1411 πόλει
593 1374 692 1425 παρ’
721 1373 894 1425 ἐκείνου,
929 1374 1001 1413 καί
1026 1370 1100 1426 τὴν
1139 1372 1350 1413 πολιτείαν
1377 1369 1515 1412 καθά-

59 1435 144 1484 παξ
169 1433 478 1487 μεταβαλόντας
506 1435 577 1477 ’ὕπ’
603 1435 759 1479 ἐκείνου
797 1432 988 1492 ἄγεσθαι,
1020 1435 1100 1493 ὅπη
1139 1434 1194 1480 ἂν
1226 1438 1339 1495 δοκῇ.
1401 1432 1513 1478 οὕτω

23 1501 138 1558 ρμὲν
166 1494 241 1541 οὖν
269 1499 307 1542 οἱ
337 1502 380 1542 ἐν
417 1504 458 1543 Γ
456 1505 604 1561 εννούᾳ
631 1505 870 1553 πιεσθέντες
908 1503 992 1545 ὑπὸ
1036 1507 1116 1546 τοῦ
1157 1506 1341 1558 πολέμου
1383 1505 1515 1558 πράτ-

60 1580 145 1608 τειν
189 1565 513 1622 ἠναγκάσθησαν
563 1570 714 1625 α’γεννῆ
759 1569 834 1612 καί
873 1566 1159 1627 ἀνελεύθερα,
1200 1569 1269 1612 τὸν
1306 1568 1554 1625 πρότερονΟ

31 1638 33 1641 ’
58 1629 219 1684 κόμπον
247 1632 320 1674 καί
359 1632 406 1674 τὸ
435 1635 612 1690 φύσημα
643 1635 953 1690 οἷποβαλόντες,
994 1635 1070 1677 καί
1095 1639 1266 1690 Σίμωνα
1296 1639 1510 1678 Μπουκα-

58 1699 186 1753 νέγρα
214 1698 286 1740 τὸν
314 1701 436 1755 σφῶν
473 1696 659 1756 ἄρχοντα
691 1703 1010 1756 παραλύσαντες
1040 1704 1114 1758 τῆς
1143 1704 1294 1760 ἀρχῆς,
1326 1697 1511 1757 ἄρχοντα

57 1767 114 1821 τῇ
144 1764 266 1806 πόλει
296 1766 558 1822 εἰσεδέχοντο
589 1767 706 1824 παρὰ
744 1771 818 1810 τοῦ
846 1770 930 1810 τῶν
970 1767 1252 1810 ΙΙἸεδιολάνων
1292 1763 1509 1811 δεσπότου.

58 1891 137 1921 tero
163 1889 378 1933 potuissent.
405 1888 631 1930 Gonucnses,
648 1894 748 1923 tanta
775 1889 877 1923 clade
902 1890 1025 1924 fractis
1054 1890 1195 1932 animis,
1221 1891 1394 1937 (pecunia
1415 1892 1511 1925 enim

59 1934 107 1968 ad
130 1934 239 1968 aliam
264 1937 412 1969 classem
439 1937 701 1971 aedificandam
728 1937 915 1971 carebant:
953 1943 988 1971 et
1012 1940 1168 1982 populus
1197 1940 1399 1972 annonaria
1434 1938 1510 1972 dif-

58 1982 221 2017 ficultate
245 1983 535 2023 conflictabatur,
558 1995 637 2017 eum
666 1985 796 2017 Veneti
825 1989 906 2029 post
939 1986 1126 2018 victoriam
1152 1986 1242 2020 mari
1275 1986 1511 2019 dominaren-

57 2031 137 2070 tur,
171 2040 238 2063 nee
264 2030 485 2064 frumentum
511 2031 664 2065 subvehi
690 2037 920 2076 paterentur:
959 2037 996 2065 et
1022 2043 1164 2077 agrum,
1198 2033 1300 2066 cuius
1330 2033 1509 2068 fructibus

57 2076 192 2109 victum
217 2077 425 2118 tolerarent,
449 2089 522 2111 uon
548 2078 762 2125 habebant‚)
776 2090 908 2123 operae
933 2079 1092 2124 pretium
1111 2086 1342 2121 censuerunt,
1365 2079 1511 2114 Medio-

56 2120 264 2156 lunensium
290 2124 448 2169 principi
474 2126 726 2169 potentissimo
761 2126 975 2159 submittere
1010 2137 1051 2160 ac
1086 2127 1269 2161 subiicere
1307 2138 1408 2167 sese,
1444 2127 1508 2173 qui

58 2178 183 2204 eorum
209 2171 358 2215 inopiae
393 2171 559 2216 inprimis
586 2178 708 2217 posset
732 2174 933 2207 consulere.
983 2174 1160 2207 Pecuniae
1186 2185 1343 2219 namque
1369 2173 1511 2208 ditissi-

57 2215 137 2249 inus
164 2223 254 2259 erat,
269 2228 336 2250 nec
360 2217 466 2252 modo
492 2220 735 2264 equestribus,
750 2219 811 2253 sed
838 2226 875 2254 et
902 2220 1133 2265 pedestribus
1162 2221 1287 2267 copiiS‚
1305 2221 1509 2267 quibusini

57 2262 223 2307 egebant,
242 2263 463 2298 abundabat.
490 2267 679 2300 Praeterea
700 2268 816 2311 ampla
831 2268 887 2301 illi
901 2272 936 2300 et
951 2269 1081 2302 fertilis
1093 2269 1202 2313 regio,
1223 2279 1294 2315 qua
1312 2280 1372 2302 eos
1393 2268 1511 2301 unde—

57 2319 201 2355 cunque
231 2311 396 2355 frugibus
420 2313 661 2358 imponandis
683 2314 779 2347 alere
801 2320 951 2359 poterat.
978 2316 1053 2348 Hoc
1081 2315 1226 2349 decreto
1258 2316 1292 2348 ei
1318 2326 1382 2359 per
1407 2317 1510 2359 lega-

57 2359 115 2390 tos
141 2357 266 2391 urbem
299 2358 458 2392 tradunt.
508 2361 612 2404 Quae
651 2372 706 2394 res
740 2362 795 2394 ini
832 2367 997 2407 pergrata
1031 2363 1174 2396 accidit.
1223 2363 1313 2397 Nam
1352 2368 1389 2396 et
1423 2369 1508 2397 ante

58 2401 206 2442 beatum
231 2415 268 2438 se
294 2405 371 2440 fore
396 2406 596 2447 iudicabat,
623 2409 654 2441 si
680 2409 853 2451 Genuae,
880 2414 1007 2455 utpote
1039 2410 1203 2450 vicinae,
1241 2410 1411 2443 dominus
1440 2411 1508 2442 fie-

59 2454 138 2483 ret:
167 2452 415 2499 sancitumque
442 2453 592 2494 foedus,
617 2460 658 2489 ut
682 2456 711 2488 is
737 2457 811 2489 illis
837 2461 874 2490 et
898 2458 1053 2501 pecunia
1095 2462 1132 2493 et
1175 2457 1284 2490 armis
1315 2462 1351 2490 et
1381 2457 1510 2489 militi-

58 2493 128 2531 bus
152 2503 188 2532 et
212 2499 345 2544 quibus
370 2501 513 2534 demum
540 2506 686 2546 posset,
721 2508 843 2537 contra
876 2503 998 2537 hostes
1036 2505 1247 2538 adiumento
1284 2508 1401 2537 esset:
1436 2505 1505 2547 ipsi

60 2553 156 2586 eum,
180 2545 301 2590 quoad
328 2547 476 2588 viveret,
502 2549 688 2582 domiuum
714 2556 966 2594 agnoscerent,
1000 2562 1066 2585 nec
1093 2563 1251 2597 uuquam
1276 2550 1507 2584 rebellarent.

59 2589 281 2626 Praefectum
307 2593 351 2626 ab
385 2606 426 2628 eo
450 2597 675 2639 acciperent,
698 2602 848 2643 totaque
874 2598 1001 2642 politia
1026 2604 1260 2639 commutata,
1302 2599 1379 2631 eius
1405 2596 1506 2629 arbi-

61 2636 133 2670 trio
162 2646 383 2683 regerentur.
433 2641 491 2675 Sic
517 2644 729 2678 Genuenses
762 2643 860 2677 beno
885 2645 1051 2679 afflictati
1068 2670 1080 2687 ,
1106 2646 1248 2679 abiecta
1276 2644 1427 2690 pristina
1453 2646 1508 2676 ia-

63 2685 214 2724 extantia,
238 2687 476 2734 depositaque
498 2690 680 2734 superbia,
706 2702 780 2725 rem
807 2694 1095 2736 neciugenuam‚
1128 2704 1195 2726 nec
1221 2692 1409 2726 liberalem
1439 2691 1508 2723 ad-

64 2731 208 2765 mittere
236 2735 410 2780 compulsi
435 2742 532 2780 sunt,
548 2737 732 2772 etSimoui
755 2741 994 2786 Bucanegrae,
1023 2741 1107 2774 duci
1133 2750 1210 2780 suo,
1232 2740 1403 2782 abrogato
1430 2748 1506 2770 nia-
