<?xml version="1.0" encoding="UTF-8"?>
<!DOCTYPE html PUBLIC "-//W3C//DTD XHTML 1.0 Transitional//EN"
    "http://www.w3.org/TR/xhtml1/DTD/xhtml1-transitional.dtd">
<html xmlns="http://www.w3.org/1999/xhtml" xml:lang="en" lang="en">
 <head>
  <title>
</title>
<meta http-equiv="Content-Type" content="text/html;charset=utf-8" />
  <meta name='ocr-system' content='tesseract 3.04.00' />
  <meta name='ocr-capabilities' content='ocr_page ocr_carea ocr_par ocr_line ocrx_word'/>
</head>
<body>
  <div class='ocr_page' id='page_1' title='image "./corpusscriptorum25niebuoft_0440.png"; bbox 0 0 1794 3158; ppageno 0'>
   <div class='ocr_carea' id='block_1_1' title="bbox 306 138 1232 205">
    <p class='ocr_par' dir='ltr' id='par_1_1' title="bbox 306 138 1232 205">
     <span class='ocr_line' id='line_1_1' title="bbox 306 138 1232 205; baseline 0.002 -13"><span class='ocrx_word' id='word_1_1' title='bbox 306 138 419 205; x_wconf 72' lang='lat'>430</span> <span class='ocrx_word' id='word_1_2' title='bbox 819 151 1232 195; x_wconf 69' lang='lat' dir='ltr'>ANNoTATioNFs</span> 
     </span>
    </p>
   </div>
   <div class='ocr_carea' id='block_1_2' title="bbox 290 253 1762 2678">
    <p class='ocr_par' dir='ltr' id='par_1_2' title="bbox 290 253 1762 2678">
     <span class='ocr_line' id='line_1_2' title="bbox 307 253 1745 311; baseline 0 -14"><span class='ocrx_word' id='word_1_3' title='bbox 307 270 452 311; x_wconf 83' lang='lat' dir='ltr'>magno</span> <span class='ocrx_word' id='word_1_4' title='bbox 479 255 654 296; x_wconf 79' lang='lat' dir='ltr'>clamore</span> <span class='ocrx_word' id='word_1_5' title='bbox 677 254 855 301; x_wconf 83' lang='lat' dir='ltr'>calicem,</span> <span class='ocrx_word' id='word_1_6' title='bbox 885 260 1077 306; x_wconf 83' lang='lat' dir='ltr'>tanquam</span> <span class='ocrx_word' id='word_1_7' title='bbox 1108 253 1159 292; x_wconf 91' lang='lat' dir='ltr'>ad</span> <span class='ocrx_word' id='word_1_8' title='bbox 1188 253 1356 293; x_wconf 86' lang='lat' dir='ltr'>salutem</span> <span class='ocrx_word' id='word_1_9' title='bbox 1375 256 1653 307; x_wconf 81' lang='lat' dir='ltr'>necessarium,</span> <span class='ocrx_word' id='word_1_10' title='bbox 1672 256 1745 296; x_wconf 88' lang='lat' dir='ltr'>de-</span> 
     </span>
     <span class='ocr_line' id='line_1_3' title="bbox 306 309 1746 366; baseline -0.001 -14"><span class='ocrx_word' id='word_1_11' title='bbox 306 313 574 366; x_wconf 85' lang='lat' dir='ltr'>poscentibus,</span> <span class='ocrx_word' id='word_1_12' title='bbox 605 309 844 359; x_wconf 83' lang='lat' dir='ltr'>decreverit,</span> <span class='ocrx_word' id='word_1_13' title='bbox 869 316 916 347; x_wconf 92' lang='lat' dir='ltr'>ut</span> <span class='ocrx_word' id='word_1_14' title='bbox 944 309 1055 348; x_wconf 87' lang='lat' dir='ltr'>laicis</span> <span class='ocrx_word' id='word_1_15' title='bbox 1085 309 1231 361; x_wconf 87' lang='lat' dir='ltr'>species</span> <span class='ocrx_word' id='word_1_16' title='bbox 1258 309 1464 349; x_wconf 78' lang='lat' dir='ltr'><strong>dumtaxat</strong></span> <span class='ocrx_word' id='word_1_17' title='bbox 1491 314 1605 364; x_wconf 89' lang='lat' dir='ltr'>panis</span> <span class='ocrx_word' id='word_1_18' title='bbox 1631 326 1746 365; x_wconf 89' lang='lat' dir='ltr'>prae·</span> 
     </span>
     <span class='ocr_line' id='line_1_4' title="bbox 306 363 1746 417; baseline -0.001 -9"><span class='ocrx_word' id='word_1_19' title='bbox 306 369 463 408; x_wconf 83' lang='lat' dir='ltr'>beatur.</span> <span class='ocrx_word' id='word_1_20' title='bbox 523 369 642 417; x_wconf 83' lang='lat' dir='ltr'>Quae</span> <span class='ocrx_word' id='word_1_21' title='bbox 675 371 916 404; x_wconf 85' lang='lat' dir='ltr'>novatorum</span> <span class='ocrx_word' id='word_1_22' title='bbox 942 363 1045 403; x_wconf 80' lang='lat' dir='ltr'>male</span> <span class='ocrx_word' id='word_1_23' title='bbox 1063 377 1157 403; x_wconf 86' lang='lat' dir='ltr'>sana</span> <span class='ocrx_word' id='word_1_24' title='bbox 1186 366 1388 404; x_wconf 81' lang='lat' dir='ltr'>contentio</span> <span class='ocrx_word' id='word_1_25' title='bbox 1410 364 1510 405; x_wconf 89' lang='lat' dir='ltr'>illud</span> <span class='ocrx_word' id='word_1_26' title='bbox 1537 367 1655 406; x_wconf 87' lang='lat' dir='ltr'>etiam</span> <span class='ocrx_word' id='word_1_27' title='bbox 1683 367 1746 406; x_wconf 86' lang='lat' dir='ltr'>es-</span> 
     </span>
     <span class='ocr_line' id='line_1_5' title="bbox 307 419 1746 476; baseline -0.001 -13"><span class='ocrx_word' id='word_1_28' title='bbox 307 424 415 474; x_wconf 88' lang='lat' dir='ltr'>fecit,</span> <span class='ocrx_word' id='word_1_29' title='bbox 446 429 492 462; x_wconf 90' lang='lat' dir='ltr'>ut</span> <span class='ocrx_word' id='word_1_30' title='bbox 517 421 723 469; x_wconf 80' lang='lat' dir='ltr'><strong>ministris,</strong></span> <span class='ocrx_word' id='word_1_31' title='bbox 766 420 835 472; x_wconf 86' lang='lat' dir='ltr'>qui</span> <span class='ocrx_word' id='word_1_32' title='bbox 866 419 1040 473; x_wconf 88' lang='lat' dir='ltr'>pontifici</span> <span class='ocrx_word' id='word_1_33' title='bbox 1072 433 1158 457; x_wconf 89' lang='lat' dir='ltr'>rem</span> <span class='ocrx_word' id='word_1_34' title='bbox 1178 419 1355 458; x_wconf 80' lang='lat' dir='ltr'>divinam</span> <span class='ocrx_word' id='word_1_35' title='bbox 1383 420 1535 460; x_wconf 89' lang='lat' dir='ltr'>solenni</span> <span class='ocrx_word' id='word_1_36' title='bbox 1551 430 1746 476; x_wconf 83' lang='lat' dir='ltr'>apparatu</span> 
     </span>
     <span class='ocr_line' id='line_1_6' title="bbox 307 475 1746 531; baseline -0.001 -13"><span class='ocrx_word' id='word_1_37' title='bbox 307 479 465 518; x_wconf 84' lang='lat' dir='ltr'>facienti</span> <span class='ocrx_word' id='word_1_38' title='bbox 494 477 733 523; x_wconf 84' lang='lat' dir='ltr'>inserviunt,</span> <span class='ocrx_word' id='word_1_39' title='bbox 765 476 878 528; x_wconf 87' lang='lat' dir='ltr'>panis</span> <span class='ocrx_word' id='word_1_40' title='bbox 908 482 1067 513; x_wconf 89' lang='lat' dir='ltr'>tantum</span> <span class='ocrx_word' id='word_1_41' title='bbox 1099 475 1246 527; x_wconf 89' lang='lat' dir='ltr'>species</span> <span class='ocrx_word' id='word_1_42' title='bbox 1276 475 1370 514; x_wconf 88' lang='lat' dir='ltr'>data</span> <span class='ocrx_word' id='word_1_43' title='bbox 1396 475 1475 528; x_wconf 87' lang='lat' dir='ltr'>sit,</span> <span class='ocrx_word' id='word_1_44' title='bbox 1505 476 1597 516; x_wconf 86' lang='lat' dir='ltr'>licet</span> <span class='ocrx_word' id='word_1_45' title='bbox 1627 476 1746 531; x_wconf 83' lang='lat' dir='ltr'>longa</span> 
     </span>
     <span class='ocr_line' id='line_1_7' title="bbox 306 530 1747 586; baseline -0.001 -13"><span class='ocrx_word' id='word_1_46' title='bbox 306 534 497 586; x_wconf 85' lang='lat' dir='ltr'>temporis</span> <span class='ocrx_word' id='word_1_47' title='bbox 528 531 792 569; x_wconf 79' lang='lat' dir='ltr'>diuturnitate</span> <span class='ocrx_word' id='word_1_48' title='bbox 821 531 1067 569; x_wconf 85' lang='lat' dir='ltr'>inveteratus</span> <span class='ocrx_word' id='word_1_49' title='bbox 1094 543 1192 568; x_wconf 91' lang='lat' dir='ltr'>usus</span> <span class='ocrx_word' id='word_1_50' title='bbox 1221 530 1474 582; x_wconf 85' lang='lat' dir='ltr'><strong>obtinuisset,</strong></span> <span class='ocrx_word' id='word_1_51' title='bbox 1502 539 1550 571; x_wconf 90' lang='lat' dir='ltr'>ut</span> <span class='ocrx_word' id='word_1_52' title='bbox 1575 539 1747 585; x_wconf 80' lang='lat' dir='ltr'>utraque</span> 
     </span>
     <span class='ocr_line' id='line_1_8' title="bbox 307 585 1749 642; baseline -0.002 -15"><span class='ocrx_word' id='word_1_53' title='bbox 307 590 454 642; x_wconf 86' lang='lat' dir='ltr'>specics</span> <span class='ocrx_word' id='word_1_54' title='bbox 486 587 655 625; x_wconf 87' lang='lat' dir='ltr'>diacono</span> <span class='ocrx_word' id='word_1_55' title='bbox 687 592 727 624; x_wconf 88' lang='lat' dir='ltr'>et</span> <span class='ocrx_word' id='word_1_56' title='bbox 761 585 1005 625; x_wconf 81' lang='lat' dir='ltr'>subdiacono</span> <span class='ocrx_word' id='word_1_57' title='bbox 1041 586 1337 638; x_wconf 80' lang='lat' dir='ltr'>porrigeretur,</span> <span class='ocrx_word' id='word_1_58' title='bbox 1383 587 1506 626; x_wconf 91' lang='lat' dir='ltr'>immo</span> <span class='ocrx_word' id='word_1_59' title='bbox 1545 595 1592 626; x_wconf 85' lang='lat' dir='ltr'>ut</span> <span class='ocrx_word' id='word_1_60' title='bbox 1633 588 1749 627; x_wconf 82' lang='lat' dir='ltr'>vide-</span> 
     </span>
     <span class='ocr_line' id='line_1_9' title="bbox 306 641 1749 696; baseline 0 -14"><span class='ocrx_word' id='word_1_61' title='bbox 306 651 386 693; x_wconf 87' lang='lat' dir='ltr'>tur,</span> <span class='ocrx_word' id='word_1_62' title='bbox 420 644 539 682; x_wconf 82' lang='lat' dir='ltr'>etiam</span> <span class='ocrx_word' id='word_1_63' title='bbox 566 641 798 694; x_wconf 86' lang='lat' dir='ltr'>imperatori</span> <span class='ocrx_word' id='word_1_64' title='bbox 821 672 833 690; x_wconf 89' lang='lat'>‚</span> <span class='ocrx_word' id='word_1_65' title='bbox 861 641 893 679; x_wconf 94' lang='lat' dir='ltr'>si</span> <span class='ocrx_word' id='word_1_66' title='bbox 921 642 1092 679; x_wconf 88' lang='lat' dir='ltr'>Romam</span> <span class='ocrx_word' id='word_1_67' title='bbox 1121 642 1291 680; x_wconf 89' lang='lat' dir='ltr'>venisset</span> <span class='ocrx_word' id='word_1_68' title='bbox 1316 642 1630 692; x_wconf 85' lang='lat' dir='ltr'>inaugurationis</span> <span class='ocrx_word' id='word_1_69' title='bbox 1656 657 1749 696; x_wconf 85' lang='lat' dir='ltr'>gra-</span> 
     </span>
     <span class='ocr_line' id='line_1_10' title="bbox 305 695 1745 748; baseline 0 -11"><span class='ocrx_word' id='word_1_70' title='bbox 305 701 375 740; x_wconf 89' lang='lat' dir='ltr'>tia.</span> <span class='ocrx_word' id='word_1_71' title='bbox 433 699 569 748; x_wconf 82' lang='lat' dir='ltr'>Quare</span> <span class='ocrx_word' id='word_1_72' title='bbox 597 697 848 748; x_wconf 82' lang='lat' dir='ltr'>Augustinus</span> <span class='ocrx_word' id='word_1_73' title='bbox 876 697 1074 735; x_wconf 82' lang='lat' dir='ltr'>Patricius</span> <span class='ocrx_word' id='word_1_74' title='bbox 1102 696 1142 734; x_wconf 89' lang='lat' dir='ltr'>in</span> <span class='ocrx_word' id='word_1_75' title='bbox 1173 695 1309 734; x_wconf 90' lang='lat' dir='ltr'>libello</span> <span class='ocrx_word' id='word_1_76' title='bbox 1338 696 1388 735; x_wconf 94' lang='lat' dir='ltr'>de</span> <span class='ocrx_word' id='word_1_77' title='bbox 1415 697 1610 736; x_wconf 90' lang='lat' dir='ltr'>Friderici</span> <span class='ocrx_word' id='word_1_78' title='bbox 1639 700 1745 738; x_wconf 85' lang='lat' dir='ltr'>tertii</span> 
     </span>
     <span class='ocr_line' id='line_1_11' title="bbox 306 751 1750 806; baseline 0.001 -15"><span class='ocrx_word' id='word_1_79' title='bbox 306 754 559 806; x_wconf 84' lang='lat' dir='ltr'>imperatoris</span> <span class='ocrx_word' id='word_1_80' title='bbox 587 753 629 790; x_wconf 90' lang='lat' dir='ltr'>in</span> <span class='ocrx_word' id='word_1_81' title='bbox 657 751 814 790; x_wconf 88' lang='lat' dir='ltr'>Urbem</span> <span class='ocrx_word' id='word_1_82' title='bbox 835 751 1011 790; x_wconf 87' lang='lat' dir='ltr'>adventu</span> <span class='ocrx_word' id='word_1_83' title='bbox 1039 754 1174 804; x_wconf 79' lang='lat' dir='ltr'>(quem</span> <span class='ocrx_word' id='word_1_84' title='bbox 1201 753 1297 790; x_wconf 89' lang='lat' dir='ltr'>citat</span> <span class='ocrx_word' id='word_1_85' title='bbox 1322 751 1560 792; x_wconf 86' lang='lat' dir='ltr'>Franciscus</span> <span class='ocrx_word' id='word_1_86' title='bbox 1580 753 1750 792; x_wconf 83' lang='lat' dir='ltr'>Turria-</span> 
     </span>
     <span class='ocr_line' id='line_1_12' title="bbox 312 806 1750 859; baseline 0 -12"><span class='ocrx_word' id='word_1_87' title='bbox 312 823 389 847; x_wconf 87' lang='lat' dir='ltr'>nus</span> <span class='ocrx_word' id='word_1_88' title='bbox 418 808 522 848; x_wconf 91' lang='lat' dir='ltr'>libro</span> <span class='ocrx_word' id='word_1_89' title='bbox 551 814 694 846; x_wconf 88' lang='lat' dir='ltr'>octavo</span> <span class='ocrx_word' id='word_1_90' title='bbox 723 806 928 859; x_wconf 87' lang='lat' dir='ltr'>apostolic.</span> <span class='ocrx_word' id='word_1_91' title='bbox 985 807 1327 845; x_wconf 86' lang='lat' dir='ltr'>Constitutionum</span> <span class='ocrx_word' id='word_1_92' title='bbox 1356 806 1574 847; x_wconf 86' lang='lat' dir='ltr'>Clementis</span> <span class='ocrx_word' id='word_1_93' title='bbox 1601 808 1750 857; x_wconf 85' lang='lat' dir='ltr'>Roma-</span> 
     </span>
     <span class='ocr_line' id='line_1_13' title="bbox 311 861 1750 918; baseline -0.001 -15"><span class='ocrx_word' id='word_1_94' title='bbox 311 863 400 918; x_wconf 85' lang='lat' dir='ltr'>ni,)</span> <span class='ocrx_word' id='word_1_95' title='bbox 433 871 638 915; x_wconf 85' lang='lat' dir='ltr'>tamquam</span> <span class='ocrx_word' id='word_1_96' title='bbox 670 861 875 901; x_wconf 88' lang='lat' dir='ltr'>insolitum</span> <span class='ocrx_word' id='word_1_97' title='bbox 902 861 998 915; x_wconf 91' lang='lat' dir='ltr'>quid</span> <span class='ocrx_word' id='word_1_98' title='bbox 1017 861 1207 913; x_wconf 75' lang='lat' dir='ltr'>reserem,</span> <span class='ocrx_word' id='word_1_99' title='bbox 1239 862 1564 912; x_wconf 53' lang='lat' dir='ltr'>Communicavitg</span> <span class='ocrx_word' id='word_1_100' title='bbox 1601 864 1750 917; x_wconf 85' lang='lat' dir='ltr'>inquit,</span> 
     </span>
     <span class='ocr_line' id='line_1_14' title="bbox 305 918 1751 972; baseline 0.001 -15"><span class='ocrx_word' id='word_1_101' title='bbox 305 933 475 958; x_wconf 81' lang='lat' dir='ltr'>summus</span> <span class='ocrx_word' id='word_1_102' title='bbox 491 919 679 972; x_wconf 50' lang='lat' dir='ltr'>pontifex</span> <span class='ocrx_word' id='word_1_103' title='bbox 704 918 847 956; x_wconf 84' lang='lat' dir='ltr'>altaris</span> <span class='ocrx_word' id='word_1_104' title='bbox 870 926 1150 955; x_wconf 86' lang='lat' dir='ltr'>sacramentum</span> <span class='ocrx_word' id='word_1_105' title='bbox 1174 931 1261 955; x_wconf 92' lang='lat' dir='ltr'>cum</span> <span class='ocrx_word' id='word_1_106' title='bbox 1291 918 1548 968; x_wconf 80' lang='lat' dir='ltr'>imperatore,</span> <span class='ocrx_word' id='word_1_107' title='bbox 1583 918 1751 958; x_wconf 88' lang='lat' dir='ltr'>diacono</span> 
     </span>
     <span class='ocr_line' id='line_1_15' title="bbox 305 971 1751 1027; baseline 0 -14"><span class='ocrx_word' id='word_1_108' title='bbox 305 983 346 1013; x_wconf 85' lang='lat' dir='ltr'>et</span> <span class='ocrx_word' id='word_1_109' title='bbox 360 974 595 1013; x_wconf 84' lang='lat' dir='ltr'>subdiacono</span> <span class='ocrx_word' id='word_1_110' title='bbox 611 973 661 1011; x_wconf 82' lang='lat' dir='ltr'>de</span> <span class='ocrx_word' id='word_1_111' title='bbox 678 987 786 1027; x_wconf 85' lang='lat' dir='ltr'>pane</span> <span class='ocrx_word' id='word_1_112' title='bbox 807 981 970 1011; x_wconf 85' lang='lat' dir='ltr'>tantum.</span> <span class='ocrx_word' id='word_1_113' title='bbox 1026 971 1093 1010; x_wconf 92' lang='lat' dir='ltr'>De</span> <span class='ocrx_word' id='word_1_114' title='bbox 1119 973 1244 1010; x_wconf 86' lang='lat' dir='ltr'>calice</span> <span class='ocrx_word' id='word_1_115' title='bbox 1272 981 1402 1011; x_wconf 86' lang='lat' dir='ltr'>autem</span> <span class='ocrx_word' id='word_1_116' title='bbox 1425 974 1496 1012; x_wconf 87' lang='lat' dir='ltr'>etsi</span> <span class='ocrx_word' id='word_1_117' title='bbox 1519 974 1751 1013; x_wconf 79' lang='lat' dir='ltr'>consuetudo</span> 
     </span>
     <span class='ocr_line' id='line_1_16' title="bbox 290 1026 1752 1082; baseline -0.001 -13"><span class='ocrx_word' id='word_1_118' title='bbox 290 1038 373 1078; x_wconf 74' lang='lat' dir='ltr'>est,</span> <span class='ocrx_word' id='word_1_119' title='bbox 394 1029 724 1068; x_wconf 78' lang='lat' dir='ltr'>communicantes</span> <span class='ocrx_word' id='word_1_120' title='bbox 742 1042 828 1066; x_wconf 84' lang='lat' dir='ltr'>cum</span> <span class='ocrx_word' id='word_1_121' title='bbox 850 1026 1036 1082; x_wconf 83' lang='lat' dir='ltr'>pontifice</span> <span class='ocrx_word' id='word_1_122' title='bbox 1061 1028 1319 1081; x_wconf 81' lang='lat' dir='ltr'>participare,</span> <span class='ocrx_word' id='word_1_123' title='bbox 1351 1037 1529 1082; x_wconf 87' lang='lat' dir='ltr'>propter·</span> <span class='ocrx_word' id='word_1_124' title='bbox 1548 1029 1752 1081; x_wconf 83' lang='lat' dir='ltr'>insurgen-</span> 
     </span>
     <span class='ocr_line' id='line_1_17' title="bbox 307 1082 1754 1138; baseline 0.001 -15"><span class='ocrx_word' id='word_1_125' title='bbox 307 1094 384 1123; x_wconf 70' lang='lat' dir='ltr'>tem</span> <span class='ocrx_word' id='word_1_126' title='bbox 404 1093 534 1123; x_wconf 87' lang='lat' dir='ltr'>tamen</span> <span class='ocrx_word' id='word_1_127' title='bbox 552 1083 807 1122; x_wconf 80' lang='lat' dir='ltr'>Hassitarum</span> <span class='ocrx_word' id='word_1_128' title='bbox 831 1092 869 1121; x_wconf 85' lang='lat' dir='ltr'>et</span> <span class='ocrx_word' id='word_1_129' title='bbox 888 1083 1124 1121; x_wconf 77' lang='lat' dir='ltr'>Boemorum</span> <span class='ocrx_word' id='word_1_130' title='bbox 1153 1082 1384 1121; x_wconf 84' lang='lat' dir='ltr'>damnatam</span> <span class='ocrx_word' id='word_1_131' title='bbox 1404 1084 1587 1123; x_wconf 79' lang='lat' dir='ltr'>haeresin</span> <span class='ocrx_word' id='word_1_132' title='bbox 1603 1113 1616 1134; x_wconf 92' lang='lat'>‚</span> <span class='ocrx_word' id='word_1_133' title='bbox 1646 1097 1754 1138; x_wconf 84' lang='lat' dir='ltr'>quae</span> 
     </span>
     <span class='ocr_line' id='line_1_18' title="bbox 307 1137 1752 1195; baseline 0 -17"><span class='ocrx_word' id='word_1_134' title='bbox 307 1140 448 1178; x_wconf 87' lang='lat' dir='ltr'>calicis</span> <span class='ocrx_word' id='word_1_135' title='bbox 466 1147 602 1193; x_wconf 86' lang='lat' dir='ltr'>potum</span> <span class='ocrx_word' id='word_1_136' title='bbox 629 1138 691 1177; x_wconf 89' lang='lat' dir='ltr'>ad</span> <span class='ocrx_word' id='word_1_137' title='bbox 709 1138 872 1176; x_wconf 81' lang='lat' dir='ltr'>salutem</span> <span class='ocrx_word' id='word_1_138' title='bbox 895 1137 1154 1176; x_wconf 83' lang='lat' dir='ltr'>necessarium</span> <span class='ocrx_word' id='word_1_139' title='bbox 1184 1146 1316 1191; x_wconf 85' lang='lat' dir='ltr'>putat,</span> <span class='ocrx_word' id='word_1_140' title='bbox 1344 1147 1506 1192; x_wconf 88' lang='lat' dir='ltr'>praeter</span> <span class='ocrx_word' id='word_1_141' title='bbox 1522 1139 1752 1195; x_wconf 72' lang='lat' dir='ltr'>pontificem</span> 
     </span>
     <span class='ocr_line' id='line_1_19' title="bbox 308 1192 1754 1250; baseline -0.001 -17"><span class='ocrx_word' id='word_1_142' title='bbox 308 1195 405 1233; x_wconf 81' lang='lat' dir='ltr'>bibit</span> <span class='ocrx_word' id='word_1_143' title='bbox 429 1206 554 1233; x_wconf 89' lang='lat' dir='ltr'>nemo.</span> <span class='ocrx_word' id='word_1_144' title='bbox 613 1193 723 1231; x_wconf 86' lang='lat' dir='ltr'>Haec</span> <span class='ocrx_word' id='word_1_145' title='bbox 754 1192 977 1244; x_wconf 78' lang='lat' dir='ltr'>Patricius,</span> <span class='ocrx_word' id='word_1_146' title='bbox 1009 1192 1079 1245; x_wconf 87' lang='lat' dir='ltr'>qui</span> <span class='ocrx_word' id='word_1_147' title='bbox 1107 1192 1204 1231; x_wconf 90' lang='lat' dir='ltr'>dicit</span> <span class='ocrx_word' id='word_1_148' title='bbox 1234 1206 1276 1232; x_wconf 91' lang='lat' dir='ltr'>se</span> <span class='ocrx_word' id='word_1_149' title='bbox 1298 1194 1565 1233; x_wconf 86' lang='lat' dir='ltr'>communioni</span> <span class='ocrx_word' id='word_1_150' title='bbox 1585 1194 1754 1250; x_wconf 77' lang='lat' dir='ltr'>pontifi-</span> 
     </span>
     <span class='ocr_line' id='line_1_20' title="bbox 307 1246 1752 1301; baseline 0 -13"><span class='ocrx_word' id='word_1_151' title='bbox 307 1251 364 1288; x_wconf 84' lang='lat' dir='ltr'>cis</span> <span class='ocrx_word' id='word_1_152' title='bbox 390 1249 628 1301; x_wconf 76' lang='lat' dir='ltr'>interfuisse.</span> <span class='ocrx_word' id='word_1_153' title='bbox 658 1248 742 1287; x_wconf 91' lang='lat' dir='ltr'>Nec</span> <span class='ocrx_word' id='word_1_154' title='bbox 771 1247 887 1301; x_wconf 87' lang='lat' dir='ltr'>plura</span> <span class='ocrx_word' id='word_1_155' title='bbox 906 1247 957 1286; x_wconf 92' lang='lat' dir='ltr'>de</span> <span class='ocrx_word' id='word_1_156' title='bbox 988 1247 1062 1288; x_wconf 89' lang='lat' dir='ltr'>his.</span> <span class='ocrx_word' id='word_1_157' title='bbox 1120 1247 1196 1286; x_wconf 89' lang='lat' dir='ltr'>Cui</span> <span class='ocrx_word' id='word_1_158' title='bbox 1223 1246 1323 1286; x_wconf 87' lang='lat' dir='ltr'>haec</span> <span class='ocrx_word' id='word_1_159' title='bbox 1350 1250 1444 1287; x_wconf 89' lang='lat' dir='ltr'>satis</span> <span class='ocrx_word' id='word_1_160' title='bbox 1473 1262 1555 1287; x_wconf 91' lang='lat' dir='ltr'>non</span> <span class='ocrx_word' id='word_1_161' title='bbox 1579 1256 1688 1297; x_wconf 89' lang='lat' dir='ltr'>sunt,</span> <span class='ocrx_word' id='word_1_162' title='bbox 1719 1249 1752 1288; x_wconf 88' lang='lat' dir='ltr'>is</span> 
     </span>
     <span class='ocr_line' id='line_1_21' title="bbox 309 1301 1754 1357; baseline 0 -14"><span class='ocrx_word' id='word_1_163' title='bbox 309 1304 624 1344; x_wconf 86' lang='lat' dir='ltr'>illustrissimum</span> <span class='ocrx_word' id='word_1_164' title='bbox 657 1303 902 1342; x_wconf 88' lang='lat' dir='ltr'>cardinalem</span> <span class='ocrx_word' id='word_1_165' title='bbox 932 1301 1221 1341; x_wconf 83' lang='lat' dir='ltr'>Bellarminum</span> <span class='ocrx_word' id='word_1_166' title='bbox 1249 1303 1365 1341; x_wconf 87' lang='lat' dir='ltr'>adeat</span> <span class='ocrx_word' id='word_1_167' title='bbox 1383 1332 1395 1354; x_wconf 80' lang='lat'><strong>‚</strong></span> <span class='ocrx_word' id='word_1_168' title='bbox 1432 1305 1499 1357; x_wconf 92' lang='lat' dir='ltr'>qui</span> <span class='ocrx_word' id='word_1_169' title='bbox 1534 1305 1754 1357; x_wconf 85' lang='lat' dir='ltr'>antiquita-</span> 
     </span>
     <span class='ocr_line' id='line_1_22' title="bbox 309 1357 1749 1412; baseline 0 -14"><span class='ocrx_word' id='word_1_170' title='bbox 309 1365 393 1399; x_wconf 83' lang='lat' dir='ltr'>tem</span> <span class='ocrx_word' id='word_1_171' title='bbox 424 1360 544 1398; x_wconf 88' lang='lat' dir='ltr'>unius</span> <span class='ocrx_word' id='word_1_172' title='bbox 572 1357 740 1411; x_wconf 85' lang='lat' dir='ltr'>speciei,</span> <span class='ocrx_word' id='word_1_173' title='bbox 774 1365 813 1396; x_wconf 90' lang='lat' dir='ltr'>et</span> <span class='ocrx_word' id='word_1_174' title='bbox 840 1359 903 1396; x_wconf 91' lang='lat' dir='ltr'>ius</span> <span class='ocrx_word' id='word_1_175' title='bbox 947 1357 1134 1396; x_wconf 88' lang='lat' dir='ltr'>ecclesiae</span> <span class='ocrx_word' id='word_1_176' title='bbox 1173 1372 1452 1412; x_wconf 87' lang='lat' dir='ltr'>summamque</span> <span class='ocrx_word' id='word_1_177' title='bbox 1493 1361 1749 1412; x_wconf 85' lang='lat' dir='ltr'>aequitatem,</span> 
     </span>
     <span class='ocr_line' id='line_1_23' title="bbox 309 1413 1754 1468; baseline 0.001 -15"><span class='ocrx_word' id='word_1_178' title='bbox 309 1429 407 1467; x_wconf 83' lang='lat' dir='ltr'>qua,</span> <span class='ocrx_word' id='word_1_179' title='bbox 436 1414 534 1453; x_wconf 89' lang='lat' dir='ltr'>dum</span> <span class='ocrx_word' id='word_1_180' title='bbox 563 1413 727 1452; x_wconf 85' lang='lat' dir='ltr'>calicem</span> <span class='ocrx_word' id='word_1_181' title='bbox 752 1419 887 1461; x_wconf 83' lang='lat' dir='ltr'>vetat,</span> <span class='ocrx_word' id='word_1_182' title='bbox 919 1413 1068 1461; x_wconf 87' lang='lat' dir='ltr'>utitur,</span> <span class='ocrx_word' id='word_1_183' title='bbox 1100 1414 1259 1465; x_wconf 88' lang='lat' dir='ltr'>copiose</span> <span class='ocrx_word' id='word_1_184' title='bbox 1288 1417 1397 1452; x_wconf 89' lang='lat' dir='ltr'>omni</span> <span class='ocrx_word' id='word_1_185' title='bbox 1425 1422 1754 1468; x_wconf 84' lang='lat' dir='ltr'>argumentorum</span> 
     </span>
     <span class='ocr_line' id='line_1_24' title="bbox 311 1467 1752 1523; baseline 0.001 -15"><span class='ocrx_word' id='word_1_186' title='bbox 311 1483 464 1523; x_wconf 81' lang='lat' dir='ltr'>genere</span> <span class='ocrx_word' id='word_1_187' title='bbox 495 1469 743 1507; x_wconf 86' lang='lat' dir='ltr'>demonstrat</span> <span class='ocrx_word' id='word_1_188' title='bbox 787 1475 888 1506; x_wconf 86' lang='lat' dir='ltr'>tom.</span> <span class='ocrx_word' id='word_1_189' title='bbox 930 1475 1073 1519; x_wconf 89' lang='lat' dir='ltr'>quarto</span> <span class='ocrx_word' id='word_1_190' title='bbox 1103 1467 1207 1506; x_wconf 91' lang='lat' dir='ltr'>libro</span> <span class='ocrx_word' id='word_1_191' title='bbox 1236 1475 1380 1520; x_wconf 88' lang='lat' dir='ltr'>quarto</span> <span class='ocrx_word' id='word_1_192' title='bbox 1421 1469 1471 1508; x_wconf 92' lang='lat' dir='ltr'>de</span> <span class='ocrx_word' id='word_1_193' title='bbox 1512 1469 1752 1509; x_wconf 85' lang='lat' dir='ltr'>eucharistia</span> 
     </span>
     <span class='ocr_line' id='line_1_25' title="bbox 313 1521 1757 1578; baseline 0.001 -15"><span class='ocrx_word' id='word_1_194' title='bbox 313 1525 444 1578; x_wconf 89' lang='lat' dir='ltr'>capite</span> <span class='ocrx_word' id='word_1_195' title='bbox 471 1524 663 1576; x_wconf 90' lang='lat' dir='ltr'>vigesimo</span> <span class='ocrx_word' id='word_1_196' title='bbox 691 1530 731 1562; x_wconf 87' lang='lat' dir='ltr'>et</span> <span class='ocrx_word' id='word_1_197' title='bbox 759 1522 1028 1576; x_wconf 87' lang='lat' dir='ltr'>sequentibus.</span> <span class='ocrx_word' id='word_1_198' title='bbox 1086 1521 1194 1561; x_wconf 89' lang='lat' dir='ltr'>Illud</span> <span class='ocrx_word' id='word_1_199' title='bbox 1227 1530 1384 1562; x_wconf 81' lang='lat' dir='ltr'>tantum</span> <span class='ocrx_word' id='word_1_200' title='bbox 1417 1524 1651 1576; x_wconf 86' lang='lat' dir='ltr'>adiecerim,</span> <span class='ocrx_word' id='word_1_201' title='bbox 1679 1524 1757 1564; x_wconf 89' lang='lat' dir='ltr'>ho-</span> 
     </span>
     <span class='ocr_line' id='line_1_26' title="bbox 314 1577 1758 1631; baseline 0.001 -13"><span class='ocrx_word' id='word_1_202' title='bbox 314 1579 474 1618; x_wconf 88' lang='lat' dir='ltr'>diernos</span> <span class='ocrx_word' id='word_1_203' title='bbox 503 1581 691 1624; x_wconf 88' lang='lat' dir='ltr'>Graecos,</span> <span class='ocrx_word' id='word_1_204' title='bbox 722 1579 755 1616; x_wconf 93' lang='lat' dir='ltr'>si</span> <span class='ocrx_word' id='word_1_205' title='bbox 788 1592 869 1616; x_wconf 91' lang='lat' dir='ltr'>non</span> <span class='ocrx_word' id='word_1_206' title='bbox 889 1591 1041 1623; x_wconf 84' lang='lat' dir='ltr'>omnes,</span> <span class='ocrx_word' id='word_1_207' title='bbox 1072 1584 1179 1616; x_wconf 87' lang='lat' dir='ltr'>certe</span> <span class='ocrx_word' id='word_1_208' title='bbox 1207 1577 1363 1630; x_wconf 86' lang='lat' dir='ltr'>aliquos</span> <span class='ocrx_word' id='word_1_209' title='bbox 1380 1607 1392 1628; x_wconf 87' lang='lat'>‚</span> <span class='ocrx_word' id='word_1_210' title='bbox 1431 1586 1478 1617; x_wconf 91' lang='lat' dir='ltr'>ut</span> <span class='ocrx_word' id='word_1_211' title='bbox 1503 1587 1657 1631; x_wconf 87' lang='lat' dir='ltr'>aetate,</span> <span class='ocrx_word' id='word_1_212' title='bbox 1701 1581 1758 1620; x_wconf 87' lang='lat' dir='ltr'>ita</span> 
     </span>
     <span class='ocr_line' id='line_1_27' title="bbox 313 1632 1759 1681; baseline 0.001 -8"><span class='ocrx_word' id='word_1_213' title='bbox 313 1641 354 1673; x_wconf 87' lang='lat' dir='ltr'>et</span> <span class='ocrx_word' id='word_1_214' title='bbox 381 1634 606 1674; x_wconf 87' lang='lat' dir='ltr'>eruditione</span> <span class='ocrx_word' id='word_1_215' title='bbox 633 1632 851 1672; x_wconf 86' lang='lat' dir='ltr'>maioribus</span> <span class='ocrx_word' id='word_1_216' title='bbox 880 1634 961 1672; x_wconf 89' lang='lat' dir='ltr'>suis</span> <span class='ocrx_word' id='word_1_217' title='bbox 983 1632 1206 1681; x_wconf 86' lang='lat' dir='ltr'>inferiores,</span> <span class='ocrx_word' id='word_1_218' title='bbox 1234 1633 1362 1672; x_wconf 90' lang='lat' dir='ltr'>videri</span> <span class='ocrx_word' id='word_1_219' title='bbox 1389 1635 1667 1674; x_wconf 85' lang='lat' dir='ltr'>transitionem</span> <span class='ocrx_word' id='word_1_220' title='bbox 1696 1635 1759 1675; x_wconf 70' lang='lat' dir='ltr'>se-</span> 
     </span>
     <span class='ocr_line' id='line_1_28' title="bbox 313 1688 1758 1730; baseline 0.001 -2"><span class='ocrx_word' id='word_1_221' title='bbox 313 1691 415 1729; x_wconf 88' lang='lat' dir='ltr'>cisse</span> <span class='ocrx_word' id='word_1_222' title='bbox 441 1688 492 1727; x_wconf 83' lang='lat' dir='ltr'>ad</span> <span class='ocrx_word' id='word_1_223' title='bbox 525 1695 654 1728; x_wconf 89' lang='lat' dir='ltr'>castra</span> <span class='ocrx_word' id='word_1_224' title='bbox 686 1688 941 1727; x_wconf 89' lang='lat' dir='ltr'>Hussitarum</span> <span class='ocrx_word' id='word_1_225' title='bbox 971 1695 1010 1726; x_wconf 90' lang='lat' dir='ltr'>et</span> <span class='ocrx_word' id='word_1_226' title='bbox 1041 1688 1428 1727; x_wconf 83' lang='lat' dir='ltr'>confoederatorum.</span> <span class='ocrx_word' id='word_1_227' title='bbox 1498 1689 1546 1728; x_wconf 89' lang='lat' dir='ltr'>Id</span> <span class='ocrx_word' id='word_1_228' title='bbox 1578 1690 1678 1729; x_wconf 83' lang='lat' dir='ltr'>adeo</span> <span class='ocrx_word' id='word_1_229' title='bbox 1710 1697 1758 1730; x_wconf 84' lang='lat' dir='ltr'>ut</span> 
     </span>
     <span class='ocr_line' id='line_1_29' title="bbox 312 1743 1758 1798; baseline 0.001 -15"><span class='ocrx_word' id='word_1_230' title='bbox 312 1745 414 1784; x_wconf 87' lang='lat' dir='ltr'>mihi</span> <span class='ocrx_word' id='word_1_231' title='bbox 441 1743 729 1798; x_wconf 86' lang='lat' dir='ltr'>persuadeam,</span> <span class='ocrx_word' id='word_1_232' title='bbox 759 1743 853 1781; x_wconf 87' lang='lat' dir='ltr'>facit</span> <span class='ocrx_word' id='word_1_233' title='bbox 882 1743 1103 1781; x_wconf 87' lang='lat' dir='ltr'>Hieremias</span> <span class='ocrx_word' id='word_1_234' title='bbox 1131 1743 1357 1795; x_wconf 82' lang='lat' dir='ltr'>patriarcha</span> <span class='ocrx_word' id='word_1_235' title='bbox 1386 1743 1758 1798; x_wconf 88' lang='lat' dir='ltr'>Constantinopoli-</span> 
     </span>
     <span class='ocr_line' id='line_1_30' title="bbox 313 1793 1759 1852; baseline 0.001 -14"><span class='ocrx_word' id='word_1_236' title='bbox 313 1807 434 1839; x_wconf 84' lang='lat' dir='ltr'>tanus</span> <span class='ocrx_word' id='word_1_237' title='bbox 462 1800 505 1837; x_wconf 87' lang='lat' dir='ltr'>in</span> <span class='ocrx_word' id='word_1_238' title='bbox 534 1811 702 1837; x_wconf 88' lang='lat' dir='ltr'>censura</span> <span class='ocrx_word' id='word_1_239' title='bbox 731 1797 782 1836; x_wconf 89' lang='lat' dir='ltr'>ad</span> <span class='ocrx_word' id='word_1_240' title='bbox 810 1797 1100 1850; x_wconf 84' lang='lat' dir='ltr'>Tubingenses‚</span> <span class='ocrx_word' id='word_1_241' title='bbox 1131 1812 1232 1850; x_wconf 86' lang='lat' dir='ltr'>quos</span> <span class='ocrx_word' id='word_1_242' title='bbox 1260 1799 1314 1837; x_wconf 87' lang='lat' dir='ltr'>ita</span> <span class='ocrx_word' id='word_1_243' title='bbox 1345 1798 1514 1839; x_wconf 85' lang='lat' dir='ltr'>affatur:</span> <span class='ocrx_word' id='word_1_244' title='bbox 1547 1799 1652 1852; x_wconf 82' lang='grc' dir='ltr'><em>φατὲ</em></span> <span class='ocrx_word' id='word_1_245' title='bbox 1681 1793 1759 1839; x_wconf 73' lang='grc' dir='ltr'>οὖν</span> 
     </span>
     <span class='ocr_line' id='line_1_31' title="bbox 314 1846 1762 1906; baseline 0.001 -14"><span class='ocrx_word' id='word_1_246' title='bbox 314 1854 490 1906; x_wconf 79' lang='grc' dir='ltr'><em>πρῶτον,</em></span> <span class='ocrx_word' id='word_1_247' title='bbox 522 1846 589 1892; x_wconf 80' lang='grc' dir='ltr'>ὅτι</span> <span class='ocrx_word' id='word_1_248' title='bbox 615 1848 952 1903; x_wconf 79' lang='grc' dir='ltr'><em>μεταλαμβάνειν</em></span> <span class='ocrx_word' id='word_1_249' title='bbox 973 1851 1043 1891; x_wconf 75' lang='grc' dir='ltr'>δεῖ</span> <span class='ocrx_word' id='word_1_250' title='bbox 1061 1851 1133 1891; x_wconf 80' lang='grc' dir='ltr'><em>καί</em></span> <span class='ocrx_word' id='word_1_251' title='bbox 1153 1851 1404 1905; x_wconf 74' lang='grc' dir='ltr'><em>ἀμφοτέρων</em></span> <span class='ocrx_word' id='word_1_252' title='bbox 1428 1854 1508 1894; x_wconf 78' lang='grc' dir='ltr'>τῶν</span> <span class='ocrx_word' id='word_1_253' title='bbox 1528 1854 1666 1903; x_wconf 76' lang='grc' dir='ltr'><em>εἰδῶν,</em></span> <span class='ocrx_word' id='word_1_254' title='bbox 1687 1853 1762 1894; x_wconf 73' lang='grc' dir='ltr'>καὶ</span> 
     </span>
     <span class='ocr_line' id='line_1_32' title="bbox 315 1901 1760 1964; baseline 0.001 -17"><span class='ocrx_word' id='word_1_255' title='bbox 315 1906 451 1954; x_wconf 73' lang='grc' dir='ltr'><em>καλῶς</em></span> <span class='ocrx_word' id='word_1_256' title='bbox 468 1907 618 1959; x_wconf 77' lang='grc' dir='ltr'><em>λέγετε.</em></span> <span class='ocrx_word' id='word_1_257' title='bbox 675 1901 784 1946; x_wconf 73' lang='grc' dir='ltr'><em>οὕτω</em></span> <span class='ocrx_word' id='word_1_258' title='bbox 815 1904 893 1959; x_wconf 78' lang='grc' dir='ltr'>γὰρ</span> <span class='ocrx_word' id='word_1_259' title='bbox 933 1907 1005 1947; x_wconf 84' lang='grc' dir='ltr'>καί</span> <span class='ocrx_word' id='word_1_260' title='bbox 1029 1904 1149 1960; x_wconf 80' lang='grc' dir='ltr'><em>ἡμεῖς</em></span> <span class='ocrx_word' id='word_1_261' title='bbox 1177 1907 1420 1956; x_wconf 67' lang='grc' dir='ltr'><em>ἐκαλοῦμεν</em></span> <span class='ocrx_word' id='word_1_262' title='bbox 1452 1907 1537 1948; x_wconf 76' lang='grc' dir='ltr'>τῶν</span> <span class='ocrx_word' id='word_1_263' title='bbox 1572 1910 1760 1964; x_wconf 75' lang='grc' dir='ltr'><em>φρικτῶν</em></span> 
     </span>
     <span class='ocr_line' id='line_1_33' title="bbox 315 1957 1760 2018; baseline 0.001 -16"><span class='ocrx_word' id='word_1_264' title='bbox 315 1957 702 2013; x_wconf 82' lang='grc' dir='ltr'><em>μεταλαμβάνοντες</em></span> <span class='ocrx_word' id='word_1_265' title='bbox 738 1961 994 2015; x_wconf 81' lang='grc' dir='ltr'><em>μυστηρίων.</em></span> <span class='ocrx_word' id='word_1_266' title='bbox 1057 1962 1213 2001; x_wconf 81' lang='lat' dir='ltr'>Clarius</span> <span class='ocrx_word' id='word_1_267' title='bbox 1254 1963 1599 2018; x_wconf 85' lang='lat' dir='ltr'>Protosyngelus,</span> <span class='ocrx_word' id='word_1_268' title='bbox 1645 1966 1760 2005; x_wconf 85' lang='lat' dir='ltr'>cuius</span> 
     </span>
     <span class='ocr_line' id='line_1_34' title="bbox 317 2017 1761 2074; baseline 0.001 -16"><span class='ocrx_word' id='word_1_269' title='bbox 317 2033 437 2071; x_wconf 86' lang='lat' dir='ltr'>supra</span> <span class='ocrx_word' id='word_1_270' title='bbox 464 2018 615 2057; x_wconf 90' lang='lat' dir='ltr'>mentio</span> <span class='ocrx_word' id='word_1_271' title='bbox 642 2017 760 2059; x_wconf 84' lang='lat' dir='ltr'>facta.</span> <span class='ocrx_word' id='word_1_272' title='bbox 806 2017 900 2056; x_wconf 90' lang='lat' dir='ltr'>Non</span> <span class='ocrx_word' id='word_1_273' title='bbox 925 2017 1200 2069; x_wconf 63' lang='lat' dir='ltr'>defraudatur,</span> <span class='ocrx_word' id='word_1_274' title='bbox 1234 2018 1380 2071; x_wconf 84' lang='lat' dir='ltr'>inquit,</span> <span class='ocrx_word' id='word_1_275' title='bbox 1408 2020 1519 2073; x_wconf 85' lang='lat' dir='ltr'>apud</span> <span class='ocrx_word' id='word_1_276' title='bbox 1541 2034 1612 2059; x_wconf 88' lang='lat' dir='ltr'>nos</span> <span class='ocrx_word' id='word_1_277' title='bbox 1628 2034 1761 2074; x_wconf 89' lang='lat' dir='ltr'>popu-</span> 
     </span>
     <span class='ocr_line' id='line_1_35' title="bbox 316 2072 1762 2130; baseline 0.002 -18"><span class='ocrx_word' id='word_1_278' title='bbox 316 2074 377 2112; x_wconf 86' lang='lat' dir='ltr'>lus</span> <span class='ocrx_word' id='word_1_279' title='bbox 399 2073 498 2122; x_wconf 80' lang='lat' dir='ltr'>Dei,</span> <span class='ocrx_word' id='word_1_280' title='bbox 518 2072 711 2112; x_wconf 76' lang='lat' dir='ltr'>hereditas</span> <span class='ocrx_word' id='word_1_281' title='bbox 736 2072 894 2122; x_wconf 80' lang='lat' dir='ltr'>Christi,</span> <span class='ocrx_word' id='word_1_282' title='bbox 920 2073 1106 2112; x_wconf 79' lang='lat' dir='ltr'>altissimi</span> <span class='ocrx_word' id='word_1_283' title='bbox 1129 2074 1280 2111; x_wconf 86' lang='lat' dir='ltr'>semisse</span> <span class='ocrx_word' id='word_1_284' title='bbox 1302 2075 1560 2114; x_wconf 83' lang='lat' dir='ltr'>sacramenti:</span> <span class='ocrx_word' id='word_1_285' title='bbox 1593 2083 1762 2130; x_wconf 71' lang='lat' dir='ltr'>utraque</span> 
     </span>
     <span class='ocr_line' id='line_1_36' title="bbox 317 2127 1759 2184; baseline 0.003 -18"><span class='ocrx_word' id='word_1_286' title='bbox 317 2129 422 2166; x_wconf 85' lang='lat' dir='ltr'>enim</span> <span class='ocrx_word' id='word_1_287' title='bbox 447 2128 591 2182; x_wconf 83' lang='lat' dir='ltr'>species</span> <span class='ocrx_word' id='word_1_288' title='bbox 612 2141 668 2166; x_wconf 80' lang='lat' dir='ltr'>ex</span> <span class='ocrx_word' id='word_1_289' title='bbox 694 2141 818 2181; x_wconf 87' lang='lat' dir='ltr'>aequo</span> <span class='ocrx_word' id='word_1_290' title='bbox 844 2128 1020 2167; x_wconf 77' lang='lat' dir='ltr'>omnibus</span> <span class='ocrx_word' id='word_1_291' title='bbox 1041 2127 1204 2180; x_wconf 70' lang='lat' dir='ltr'>offertur</span> <span class='ocrx_word' id='word_1_292' title='bbox 1235 2128 1293 2166; x_wconf 88' lang='lat' dir='ltr'>ad</span> <span class='ocrx_word' id='word_1_293' title='bbox 1322 2129 1647 2184; x_wconf 85' lang='lat' dir='ltr'>participandum</span> <span class='ocrx_word' id='word_1_294' title='bbox 1680 2138 1759 2170; x_wconf 82' lang='lat' dir='ltr'>etc.</span> 
     </span>
     <span class='ocr_line' id='line_1_37' title="bbox 319 2181 1758 2239; baseline 0.003 -19"><span class='ocrx_word' id='word_1_295' title='bbox 319 2183 453 2221; x_wconf 84' lang='lat' dir='ltr'>Filius</span> <span class='ocrx_word' id='word_1_296' title='bbox 475 2183 580 2221; x_wconf 85' lang='lat' dir='ltr'>enim</span> <span class='ocrx_word' id='word_1_297' title='bbox 603 2181 704 2233; x_wconf 82' lang='lat' dir='ltr'>Dei,</span> <span class='ocrx_word' id='word_1_298' title='bbox 741 2184 810 2238; x_wconf 86' lang='lat' dir='ltr'>qui</span> <span class='ocrx_word' id='word_1_299' title='bbox 827 2183 899 2222; x_wconf 81' lang='lat' dir='ltr'>hoc</span> <span class='ocrx_word' id='word_1_300' title='bbox 905 2182 1012 2237; x_wconf 86' lang='lat' dir='ltr'>fieri</span> <span class='ocrx_word' id='word_1_301' title='bbox 1035 2184 1159 2230; x_wconf 84' lang='lat' dir='ltr'>iussit,</span> <span class='ocrx_word' id='word_1_302' title='bbox 1186 2183 1244 2220; x_wconf 87' lang='lat' dir='ltr'>ita</span> <span class='ocrx_word' id='word_1_303' title='bbox 1265 2185 1374 2222; x_wconf 85' lang='lat' dir='ltr'>iussit</span> <span class='ocrx_word' id='word_1_304' title='bbox 1391 2184 1499 2239; x_wconf 84' lang='lat' dir='ltr'>fieri</span> <span class='ocrx_word' id='word_1_305' title='bbox 1523 2189 1598 2224; x_wconf 86' lang='lat' dir='ltr'>etc.</span> <span class='ocrx_word' id='word_1_306' title='bbox 1640 2183 1758 2224; x_wconf 87' lang='lat' dir='ltr'>Utra-</span> 
     </span>
     <span class='ocr_line' id='line_1_38' title="bbox 320 2237 1762 2293; baseline 0.002 -17"><span class='ocrx_word' id='word_1_307' title='bbox 320 2251 394 2292; x_wconf 86' lang='lat' dir='ltr'>que</span> <span class='ocrx_word' id='word_1_308' title='bbox 422 2237 566 2291; x_wconf 82' lang='lat' dir='ltr'>species</span> <span class='ocrx_word' id='word_1_309' title='bbox 603 2237 661 2275; x_wconf 89' lang='lat' dir='ltr'>ad</span> <span class='ocrx_word' id='word_1_310' title='bbox 689 2239 999 2277; x_wconf 85' lang='lat' dir='ltr'>communionem</span> <span class='ocrx_word' id='word_1_311' title='bbox 1033 2239 1245 2277; x_wconf 86' lang='lat' dir='ltr'>necessario</span> <span class='ocrx_word' id='word_1_312' title='bbox 1270 2240 1454 2293; x_wconf 84' lang='lat' dir='ltr'>pertinet.</span> <span class='ocrx_word' id='word_1_313' title='bbox 1514 2240 1624 2279; x_wconf 87' lang='lat' dir='ltr'>Haec</span> <span class='ocrx_word' id='word_1_314' title='bbox 1651 2246 1691 2278; x_wconf 85' lang='lat' dir='ltr'>et</span> <span class='ocrx_word' id='word_1_315' title='bbox 1718 2240 1762 2280; x_wconf 87' lang='lat' dir='ltr'>id</span> 
     </span>
     <span class='ocr_line' id='line_1_39' title="bbox 321 2290 1760 2348; baseline 0.002 -18"><span class='ocrx_word' id='word_1_316' title='bbox 321 2306 445 2344; x_wconf 85' lang='lat' dir='ltr'>genus</span> <span class='ocrx_word' id='word_1_317' title='bbox 477 2290 556 2330; x_wconf 86' lang='lat' dir='ltr'>alia</span> <span class='ocrx_word' id='word_1_318' title='bbox 583 2291 759 2332; x_wconf 86' lang='lat' dir='ltr'>Graecus</span> <span class='ocrx_word' id='word_1_319' title='bbox 786 2293 867 2343; x_wconf 84' lang='lat' dir='ltr'>ille,</span> <span class='ocrx_word' id='word_1_320' title='bbox 899 2293 1150 2332; x_wconf 87' lang='lat' dir='ltr'>Hussitarum</span> <span class='ocrx_word' id='word_1_321' title='bbox 1181 2300 1220 2331; x_wconf 89' lang='lat' dir='ltr'>et</span> <span class='ocrx_word' id='word_1_322' title='bbox 1252 2293 1442 2333; x_wconf 89' lang='lat' dir='ltr'>similium</span> <span class='ocrx_word' id='word_1_323' title='bbox 1474 2296 1618 2348; x_wconf 87' lang='lat' dir='ltr'>spiritu</span> <span class='ocrx_word' id='word_1_324' title='bbox 1646 2293 1760 2334; x_wconf 86' lang='lat' dir='ltr'>affla-</span> 
     </span>
     <span class='ocr_line' id='line_1_40' title="bbox 320 2345 1762 2402; baseline 0.003 -17"><span class='ocrx_word' id='word_1_325' title='bbox 320 2353 401 2394; x_wconf 86' lang='lat' dir='ltr'>tus,</span> <span class='ocrx_word' id='word_1_326' title='bbox 434 2360 556 2399; x_wconf 91' lang='lat' dir='ltr'>quem</span> <span class='ocrx_word' id='word_1_327' title='bbox 584 2345 846 2388; x_wconf 90' lang='lat' dir='ltr'>Bellarminus</span> <span class='ocrx_word' id='word_1_328' title='bbox 873 2361 985 2395; x_wconf 86' lang='lat' dir='ltr'>vero,</span> <span class='ocrx_word' id='word_1_329' title='bbox 1016 2347 1093 2387; x_wconf 89' lang='lat' dir='ltr'>hoc</span> <span class='ocrx_word' id='word_1_330' title='bbox 1123 2354 1182 2387; x_wconf 89' lang='lat' dir='ltr'>est</span> <span class='ocrx_word' id='word_1_331' title='bbox 1209 2349 1286 2387; x_wconf 89' lang='lat' dir='ltr'>Dei</span> <span class='ocrx_word' id='word_1_332' title='bbox 1315 2350 1456 2402; x_wconf 86' lang='lat' dir='ltr'>spiritu</span> <span class='ocrx_word' id='word_1_333' title='bbox 1485 2349 1614 2389; x_wconf 84' lang='lat' dir='ltr'>difflat</span> <span class='ocrx_word' id='word_1_334' title='bbox 1633 2379 1645 2398; x_wconf 92' lang='lat'>‚</span> <span class='ocrx_word' id='word_1_335' title='bbox 1673 2363 1762 2402; x_wconf 86' lang='lat' dir='ltr'>per·</span> 
     </span>
     <span class='ocr_line' id='line_1_41' title="bbox 321 2401 1761 2456; baseline 0.003 -16"><span class='ocrx_word' id='word_1_336' title='bbox 321 2402 458 2454; x_wconf 86' lang='lat' dir='ltr'>spicue</span> <span class='ocrx_word' id='word_1_337' title='bbox 497 2401 800 2454; x_wconf 87' lang='lat' dir='ltr'>demonstrans,</span> <span class='ocrx_word' id='word_1_338' title='bbox 832 2417 910 2443; x_wconf 91' lang='lat' dir='ltr'>usu</span> <span class='ocrx_word' id='word_1_339' title='bbox 945 2404 1064 2442; x_wconf 89' lang='lat' dir='ltr'>unius</span> <span class='ocrx_word' id='word_1_340' title='bbox 1097 2404 1242 2456; x_wconf 88' lang='lat' dir='ltr'>speciei</span> <span class='ocrx_word' id='word_1_341' title='bbox 1282 2404 1383 2443; x_wconf 92' lang='lat' dir='ltr'>nihil</span> <span class='ocrx_word' id='word_1_342' title='bbox 1412 2404 1599 2445; x_wconf 89' lang='lat' dir='ltr'>adversus</span> <span class='ocrx_word' id='word_1_343' title='bbox 1628 2404 1761 2444; x_wconf 89' lang='lat' dir='ltr'>ullum</span> 
     </span>
     <span class='ocr_line' id='line_1_42' title="bbox 321 2456 1760 2512; baseline 0.003 -17"><span class='ocrx_word' id='word_1_344' title='bbox 321 2463 579 2509; x_wconf 86' lang='lat' dir='ltr'>praeceptum</span> <span class='ocrx_word' id='word_1_345' title='bbox 607 2456 789 2497; x_wconf 91' lang='lat' dir='ltr'>divinum</span> <span class='ocrx_word' id='word_1_346' title='bbox 821 2459 1031 2498; x_wconf 83' lang='lat' dir='ltr'>committi.</span> <span class='ocrx_word' id='word_1_347' title='bbox 1089 2458 1210 2510; x_wconf 86' lang='lat' dir='ltr'>Quod</span> <span class='ocrx_word' id='word_1_348' title='bbox 1228 2488 1238 2507; x_wconf 91' lang='lat'>‚</span> <span class='ocrx_word' id='word_1_349' title='bbox 1269 2466 1316 2497; x_wconf 88' lang='lat' dir='ltr'>ut</span> <span class='ocrx_word' id='word_1_350' title='bbox 1344 2461 1454 2512; x_wconf 91' lang='lat' dir='ltr'>prius</span> <span class='ocrx_word' id='word_1_351' title='bbox 1482 2460 1660 2509; x_wconf 85' lang='lat' dir='ltr'>dictum,</span> <span class='ocrx_word' id='word_1_352' title='bbox 1690 2473 1760 2499; x_wconf 92' lang='lat' dir='ltr'>su-</span> 
     </span>
     <span class='ocr_line' id='line_1_43' title="bbox 322 2512 1760 2567; baseline 0.003 -19"><span class='ocrx_word' id='word_1_353' title='bbox 322 2512 490 2565; x_wconf 84' lang='lat' dir='ltr'>perioris</span> <span class='ocrx_word' id='word_1_354' title='bbox 528 2512 617 2550; x_wconf 85' lang='lat' dir='ltr'>aevi</span> <span class='ocrx_word' id='word_1_355' title='bbox 644 2512 805 2553; x_wconf 89' lang='lat' dir='ltr'>Graecis</span> <span class='ocrx_word' id='word_1_356' title='bbox 834 2522 872 2553; x_wconf 89' lang='lat' dir='ltr'>et</span> <span class='ocrx_word' id='word_1_357' title='bbox 900 2513 980 2553; x_wconf 90' lang='lat' dir='ltr'>illis</span> <span class='ocrx_word' id='word_1_358' title='bbox 1007 2513 1126 2566; x_wconf 86' lang='lat' dir='ltr'>ipsis,</span> <span class='ocrx_word' id='word_1_359' title='bbox 1159 2514 1229 2567; x_wconf 87' lang='lat' dir='ltr'>qui</span> <span class='ocrx_word' id='word_1_360' title='bbox 1252 2514 1516 2553; x_wconf 84' lang='lat' dir='ltr'>Cantacuzeni</span> <span class='ocrx_word' id='word_1_361' title='bbox 1545 2522 1673 2554; x_wconf 85' lang='lat' dir='ltr'>aetate</span> <span class='ocrx_word' id='word_1_362' title='bbox 1695 2515 1760 2553; x_wconf 85' lang='lat' dir='ltr'>vi-</span> 
     </span>
     <span class='ocr_line' id='line_1_44' title="bbox 322 2566 1760 2621; baseline 0.001 -16"><span class='ocrx_word' id='word_1_363' title='bbox 322 2566 488 2615; x_wconf 86' lang='lat' dir='ltr'>vebant,</span> <span class='ocrx_word' id='word_1_364' title='bbox 506 2567 669 2604; x_wconf 88' lang='lat' dir='ltr'>minime</span> <span class='ocrx_word' id='word_1_365' title='bbox 689 2569 871 2621; x_wconf 81' lang='lat' dir='ltr'>ignotum</span> <span class='ocrx_word' id='word_1_366' title='bbox 901 2577 1000 2608; x_wconf 85' lang='lat' dir='ltr'>erat.</span> <span class='ocrx_word' id='word_1_367' title='bbox 1037 2569 1190 2608; x_wconf 86' lang='lat' dir='ltr'>Verum</span> <span class='ocrx_word' id='word_1_368' title='bbox 1217 2570 1321 2608; x_wconf 89' lang='lat' dir='ltr'>iusto</span> <span class='ocrx_word' id='word_1_369' title='bbox 1333 2570 1408 2608; x_wconf 88' lang='lat' dir='ltr'>Dei</span> <span class='ocrx_word' id='word_1_370' title='bbox 1436 2569 1586 2609; x_wconf 90' lang='lat' dir='ltr'>iudicio</span> <span class='ocrx_word' id='word_1_371' title='bbox 1603 2570 1760 2610; x_wconf 88' lang='lat' dir='ltr'>contin-</span> 
     </span>
     <span class='ocr_line' id='line_1_45' title="bbox 325 2619 1759 2678; baseline 0.003 -19"><span class='ocrx_word' id='word_1_372' title='bbox 325 2634 416 2674; x_wconf 87' lang='lat' dir='ltr'>gere</span> <span class='ocrx_word' id='word_1_373' title='bbox 443 2619 559 2670; x_wconf 85' lang='lat' dir='ltr'>solet‚</span> <span class='ocrx_word' id='word_1_374' title='bbox 578 2627 623 2659; x_wconf 87' lang='lat' dir='ltr'>ut</span> <span class='ocrx_word' id='word_1_375' title='bbox 643 2623 711 2673; x_wconf 86' lang='lat' dir='ltr'>qui</span> <span class='ocrx_word' id='word_1_376' title='bbox 741 2637 781 2662; x_wconf 91' lang='lat' dir='ltr'>se</span> <span class='ocrx_word' id='word_1_377' title='bbox 809 2625 859 2663; x_wconf 91' lang='lat' dir='ltr'>ab</span> <span class='ocrx_word' id='word_1_378' title='bbox 878 2624 1064 2663; x_wconf 83' lang='lat' dir='ltr'>ecclesiae</span> <span class='ocrx_word' id='word_1_379' title='bbox 1081 2625 1294 2663; x_wconf 87' lang='lat' dir='ltr'>concordia</span> <span class='ocrx_word' id='word_1_380' title='bbox 1314 2632 1583 2678; x_wconf 84' lang='lat' dir='ltr'>segregarunt,</span> <span class='ocrx_word' id='word_1_381' title='bbox 1603 2626 1644 2664; x_wconf 86' lang='lat' dir='ltr'>in</span> <span class='ocrx_word' id='word_1_382' title='bbox 1667 2623 1759 2677; x_wconf 90' lang='lat' dir='ltr'>plu-</span> 
     </span>
    </p>
   </div>
   <div class='ocr_carea' id='block_1_3' title="bbox 325 2676 1787 2782">
    <p class='ocr_par' dir='ltr' id='par_1_3' title="bbox 325 2676 1787 2782">
     <span class='ocr_line' id='line_1_46' title="bbox 325 2676 1787 2732; baseline 0.003 -18"><span class='ocrx_word' id='word_1_383' title='bbox 325 2689 389 2714; x_wconf 86' lang='lat' dir='ltr'>res</span> <span class='ocrx_word' id='word_1_384' title='bbox 406 2682 446 2714; x_wconf 90' lang='lat' dir='ltr'>et</span> <span class='ocrx_word' id='word_1_385' title='bbox 465 2676 665 2728; x_wconf 79' lang='lat' dir='ltr'>graviores</span> <span class='ocrx_word' id='word_1_386' title='bbox 678 2690 831 2716; x_wconf 87' lang='lat' dir='ltr'>errores</span> <span class='ocrx_word' id='word_1_387' title='bbox 849 2693 1004 2732; x_wconf 85' lang='lat' dir='ltr'>semper</span> <span class='ocrx_word' id='word_1_388' title='bbox 1030 2678 1287 2730; x_wconf 85' lang='lat' dir='ltr'>delabantur,</span> <span class='ocrx_word' id='word_1_389' title='bbox 1325 2681 1401 2718; x_wconf 89' lang='lat' dir='ltr'>nisi</span> <span class='ocrx_word' id='word_1_390' title='bbox 1430 2693 1494 2732; x_wconf 88' lang='lat' dir='ltr'>eo,</span> <span class='ocrx_word' id='word_1_391' title='bbox 1522 2679 1629 2720; x_wconf 89' lang='lat' dir='ltr'>unde</span> <span class='ocrx_word' id='word_1_392' title='bbox 1658 2680 1761 2719; x_wconf 85' lang='lat' dir='ltr'>exie·</span> <span class='ocrx_word' id='word_1_393' title='bbox 1786 2685 1787 2688; x_wconf 77' lang='grc'>’</span> 
     </span>
     <span class='ocr_line' id='line_1_47' title="bbox 327 2736 944 2782; baseline 0.008 -12"><span class='ocrx_word' id='word_1_394' title='bbox 327 2738 440 2782; x_wconf 84' lang='lat' dir='ltr'>runt,</span> <span class='ocrx_word' id='word_1_395' title='bbox 468 2736 732 2774; x_wconf 84' lang='lat' dir='ltr'>revertantur.</span> <span class='ocrx_word' id='word_1_396' title='bbox 761 2746 944 2775; x_wconf 64' lang='lat' dir='ltr'>camsi-211.</span> 
     </span>
    </p>
   </div>
   <div class='ocr_carea' id='block_1_4' title="bbox 1787 2248 1794 3127">
    <p class='ocr_par' dir='ltr' id='par_1_4' title="bbox 1787 2248 1794 3127">
     <span class='ocr_line' id='line_1_48' title="bbox 1787 2248 1794 3127; baseline 0 0"><span class='ocrx_word' id='word_1_397' title='bbox 1787 2248 1794 3127; x_wconf 95' lang='lat' dir='ltr'> </span> 
     </span>
    </p>
   </div>
  </div>
 </body>
</html>
