1794 3158
420 144 494 185 AD
535 144 904 186 CANTAcquNJ
942 146 1044 186 12113.
1086 149 1120 187 1.
1357 133 1470 198 401

156 246 256 300 Pag.
285 244 355 298 88,
385 258 451 288 21.
483 244 728 299 ἡττωμένων
758 250 815 287 Μ.
842 262 958 294 supra
987 248 1143 288 lineam.

154 300 254 354 Bag.
285 301 353 354 89,
386 315 424 355 7.
453 299 765 354 ἐγγεγραμμένα
795 300 852 350 ὥς
880 301 904 342 ὅ
930 303 1007 355 μὲν
1039 306 1099 344 Μ.
1129 311 1248 349 recte.

157 355 259 408 Pag.
279 355 346 410 89,
385 355 444 398 16.
469 354 645 407 ἔσχηκεν
674 358 732 397 Μ.

154 409 255 463 Pag.
284 409 354 464 89,
389 409 451 450 18.
485 407 634 461 ἐνάτην
660 413 718 454 Μ,
743 412 906 464 ubique.

153 463 254 517 Peg.
282 463 351 518 89,
388 477 450 518 19.
476 465 790 506 indictione.
822 468 888 505 De
917 465 1224 518 indictionibus,
1254 470 1323 524 qui
1349 471 1478 525 volet,

43 515 149 572 legat
177 519 463 559 Covarruviam
483 521 685 559 variarum
714 519 1002 560 resolutionum
1025 521 1093 563 lib.
1118 538 1151 568 1.
1167 538 1256 579 cap.
1280 539 1340 567 ιο.
1366 541 1479 569 num.

41 571 84 611 6.
105 580 144 612 et
197 606 206 616 .
235 586 405 615 ponus.

190 642 256 681 ag.
287 626 356 681 89,
388 642 454 667 20.
487 629 614 668 anni
644 629 824 668 sexies
861 630 1055 671 milles.
1081 639 1151 674 ete.
1186 632 1380 687 Coeptum
1400 635 1479 676 hoc

41 680 191 720 bellum
219 682 270 721 ab
302 696 458 734 egressu
472 682 811 736 'Constantinopoli
828 682 1049 723 Andronici
1066 686 1247 737 iunioris,
1278 692 1346 742 qui
1375 692 1476 740 fuit,

40 743 87 774 ut
112 750 185 775 nos
211 749 334 776 annos
362 750 385 775 a
413 737 572 777 Christo
600 741 694 777 nato
722 752 977 777 numeramus
994 768 1006 788 ,
1043 741 1158 779 1321.
1213 743 1307 793 Quo
1337 746 1480 785 eodem

36 789 192 830 obierat
220 790 412 840 Michael,
444 792 527 832 eius
555 800 666 846 pater
685 822 696 843 ‚
726 795 908 846 quamvis
936 793 1104 832 Octobri
1133 809 1267 836 mense
1306 799 1477 840 obierit:

37 845 180 884 Graeci
207 848 313 885 enim
351 859 500 885 annum
532 862 648 886 suum
677 862 701 887 a
729 847 952 901 Septembri
985 847 1243 895 inchoabant.
1295 853 1330 893 F
1333 853 1479 894 initum

47 900 161 955 1327.
191 914 358 940 Ponun-

141 954 242 1008 Pag.
272 955 340 1009 89,
371 968 437 999 21.
490 955 586 995 νέαν
616 952 826 1007 ἑβδομάδα
856 964 990 997 noster
1008 967 1143 1011 vocat,
1161 975 1282 1014 quam
1310 962 1477 1015 quidam

42 1001 258 1059 ἑβδομάδα
288 1010 606 1062 ὃιακαινισμοῦ,
648 1010 937 1051 hebdomadam
995 1017 1283 1066 renovationis,
1332 1017 1373 1055 id
1419 1026 1479 1058 est

37 1061 329 1103 hebdomadem
357 1063 581 1117 paschalem
597 1095 608 1114 ,
639 1080 717 1118 qua
736 1067 1035 1107 resurrectionis
1051 1069 1216 1108 Domini
1241 1073 1478 1112 memoriam

37 1117 216 1161 colimus.
273 1119 376 1158 Nam
409 1119 567 1158 Christo
606 1121 646 1158 in
676 1120 798 1159 vitam
838 1122 1053 1170 redeunte,
1098 1132 1293 1165 renovata
1328 1133 1368 1165 et
1412 1129 1482 1166 in·

44 1179 218 1212 staurata
248 1182 342 1213 sunt
369 1174 523 1223 omnia,
553 1181 598 1212 ut
625 1176 731 1213 canit
754 1175 977 1217 Venantius
998 1175 1200 1217 Honorius
1231 1179 1269 1218 in
1300 1182 1481 1221 carmine

36 1225 87 1265 dc
115 1227 282 1271 Pascha.
350 1229 397 1267 In
440 1242 519 1282 quo
547 1228 745 1268 declarata
785 1244 921 1270 rerum
953 1234 1245 1272 renascentium
1285 1237 1480 1276 varietate

37 1280 195 1321 Christo
225 1297 248 1321 a
278 1283 445 1322 mortuis
474 1284 706 1323 resuscitato
732 1283 844 1324 addit
864 1300 876 1324 :
930 1285 1037 1324 Ecce
1058 1290 1296 1327 renascentis
1317 1298 1483 1331 testatur

33 1338 174 1389 gratia
206 1338 344 1376 mundi
358 1367 370 1387 ‚
404 1338 555 1376 Omnia
575 1353 660 1377 cum
683 1339 845 1378 domino
860 1339 972 1379 dona
995 1341 1141 1380 redisse
1161 1357 1241 1384 suo.
1271 1357 1445 1384 PONTAN.

145 1390 406 1445 Pag.89‚22.
433 1401 612 1446 porta,
640 1406 775 1447 quae
807 1394 875 1433 ad
911 1394 1260 1445 Gyrolimnen
1291 1400 1481 1452 appel·-

33 1444 190 1485 latur.
219 1446 329 1485 Dum
357 1447 519 1485 illustris
538 1448 824 1486 resurrectionis
850 1449 935 1488 dies
961 1450 1169 1499 illuxisset,
1192 1453 1247 1490 ait
1259 1452 1477 1506 Gregoras,

33 1502 260 1556 vesper-ique
287 1501 445 1540 decreta
471 1503 722 1556 exsequenda
743 1512 865 1542 essent
881 1532 892 1554 ‚
913 1504 965 1542 de
987 1518 1095 1543 more
1124 1506 1244 1558 petiit
1271 1516 1310 1545 et
1324 1510 1480 1562 aceepit

34 1555 170 1594 claves
200 1555 479 1607 Gyrolimniae
495 1565 661 1610 portae:
690 1558 761 1595 lzoe
781 1559 886 1596 enim
901 1567 1067 1612 propter
1087 1561 1332 1600 matutinam
1346 1576 1477 1601 vena-

32 1610 176 1648 tionem
184 1611 333 1661 facere
357 1620 617 1650 consueverat.
677 1611 809 1663 Igitur
826 1613 893 1650 sub
919 1613 1099 1651 mediam
1123 1623 1273 1654 noctem
1287 1643 1298 1663 ,
1330 1618 1476 1655 ermetis

29 1663 337 1715 dormientibus,
387 1678 472 1703 cum
501 1665 678 1703 omnibus
707 1667 922 1705 coniuratis
954 1681 1122 1719 egressus
1142 1697 1153 1715 ‚
1192 1670 1388 1722 postridie
1431 1672 1478 1710 in

35 1717 280 1770 Syrgiannis
336 1728 374 1758 et
417 1720 684 1758 Cantacuzeni
715 1729 852 1758 castra
882 1722 1076 1774 pervenit.
1133 1721 1197 1761 Hi
1233 1724 1339 1762 enim
1385 1737 1478 1764 cum·

35 1773 181 1811 illustri
219 1782 429 1828 apparatu
440 1775 594 1826 sugam
631 1775 739 1812 illius
770 1772 1071 1829 Aclriauopolin
1104 1777 1480 1830 praestolabantur.

35 1840 204 1869 ponus.
274 1827 496 1879 λεγομένην
524 1829 582 1867 Μ.
617 1842 806 1882 quoque,
828 1843 956 1881 neque
986 1831 1224 1868 mutandum
1257 1831 1433 1875 videtur.

148 1882 248 1935 Pag.
268 1881 392 1936 9o,8.
425 1884 476 1921 in
502 1881 616 1922 loco
644 1896 674 1922 a
710 1898 758 1922 se
799 1884 1040 1935 definito.
1060 1885 1184 1936 Quasi
1205 1883 1305 1924 illud
1319 1886 1480 1926 Aeneae

35 1933 186 1977 diceret
199 1967 213 1989 ,
257 1948 298 1979 2.
328 1937 519 1976 Aeneid:
564 1936 642 1977 Est
680 1938 773 1977 urbe
808 1940 967 1992 egressis
1001 1938 1170 1979 tumulus
1217 1941 1480 1995 templumque

35 2000 222 2031 vetustum
249 1989 442 2031 Desertae
472 1991 621 2031 Cereris
640 2011 651 2031 :
678 1995 868 2048 iuxtaque
902 1994 1074 2048 antiqua
1101 2008 1299 2049 cupressus
1313 2013 1324 2033 .·
1351 1993 1478 2035 IIanc

36 2061 92 2087 ex
108 2047 264 2087 diverso
290 2047 422 2086 sedem
446 2049 644 2088 veniemus
673 2049 716 2087 in
745 2061 885 2087 unam.
943 2061 1113 2089 ΡοΝϊΑΝ.

146 2103 249 2156 Pag.
281 2116 349 2157 90,
370 2115 433 2141 ιι.
461 2103 531 2142 ad
570 2104 780 2155 nigrum
832 2110 1005 2141 autem
1035 2103 1268 2154 flumen.
1325 2100 1480 2150 Meam,-

37 2153 219 2207 ποταμὸς
237 2157 510 2210 appellabatur
529 2165 691 2210 propter
710 2171 854 2209 aquam
871 2157 1004 2196 forsan
1027 2155 1304 2209 nigricantem.
1324 2158 1478 2210 Grego-

38 2224 107 2250 rae
137 2211 330 2265 interpres
357 2211 487 2251 reddit
515 2213 710 2252 Maurum
720 2212 906 2266 flumen.-
938 2225 1031 2250 nam
1060 2211 1287 2250 recentibus
1314 2211 1478 2252 Graecis

37 2265 200 2319 μαῦρον
227 2273 286 2306 est
327 2268 499 2320 nigrum.
556 2267 622 2306 Sic
663 2274 831 2319 pontum
867 2266 1071 2306 Euxinum
1111 2261 1479 2317 μαυροθὰλασσαν

38 2327 210 2371 vocant,
238 2329 400 2374 propter
427 2328 677 2375 tempestates
709 2321 844 2360 foedas
883 2327 922 2359 et
954 2320 1138 2369 nimbos,
1179 2333 1324 2372 eosque
1365 2318 1477 2358 subi-

39 2379 102 2413 tos
118 2404 131 2426 ‚
159 2376 304 2429 quibus
336 2375 491 2415 eoelum
519 2390 702 2416 serenum
731 2390 776 2414 ac
798 2375 1000 2429 placidum
1027 2373 1204 2414 tenebris
1222 2379 1387 2427 repente
1415 2375 1479 2412 ni-

41 2430 183 2482 grescit
207 2445 218 2469 ε
253 2444 348 2469 nam
376 2444 479 2483 aqua
504 2439 563 2470 est
591 2430 879 2483 limpidissima.
933 2430 995 2468 De
1023 2428 1148 2469 fluvio
1178 2436 1313 2468 autem
1339 2428 1480 2468 eadem

41 2483 316 2538 appellationis
344 2499 461 2524 causa
490 2485 620 2524 afferri
651 2499 731 2524 non
761 2491 901 2538 potest.
958 2498 1128 2527 Ponun-

152 2537 256 2591 Pag.
285 2553 350 2594 90,
383 2553 450 2579 21.
484 2539 554 2579 καί
595 2539 677 2579 τῶν
720 2536 960 2592 κρειττόνων
1010 2535 1123 2584 τινὸς
1162 2532 1236 2589 τήν
1274 2535 1482 2587 βασιλέως

43 2590 268 2644 οἷηθέντων
303 2593 542 2646 ἐπιδημίαν.
614 2595 766 2634 Vocem
809 2594 912 2632 hanc
954 2593 1146 2644 κρείττων
1193 2591 1242 2630 de
1280 2590 1366 2630 Deo
1417 2589 1481 2628 di-

44 2653 147 2686 ctam
171 2676 182 2696 ‚
218 2660 261 2685 ex
293 2647 471 2687 Platonis
497 2649 705 2701 sophista,
740 2647 948 2688 Plutarchi
978 2646 1161 2699 Pyrrho,
1202 2646 1294 2684 item
1322 2659 1366 2684 cx
1398 2643 1481 2683 Hc·

47 2700 200 2740 liodoro
229 2701 399 2740 ostendit
429 2701 659 2745 Thesaurus
694 2705 869 2744 Graecae
897 2702 1076 2756 linguae:
1121 2699 1374 2753 crediturque
1402 2698 1480 2738 hoc

99 2777 366 2814 Canmcuzenus
393 2778 455 2812 111.
741 2788 747 2792 ·
1178 2776 1220 2810 26
