1800 3164
251 137 291 203 4
837 152 1112 196 PEmoan

254 259 416 294 rimonia
433 268 638 303 procerum,
656 257 759 305 quod
782 259 909 291 Annae
936 266 970 291 et
983 257 1076 305 filio
1090 255 1209 306 fidem
1228 256 1461 304 adstringere
1475 258 1598 294 coacti
1609 259 1698 293 sint.-

254 306 377 340 ambos
406 305 571 352 defendit
594 307 816 350 imperator,
848 312 881 338 et
909 305 994 338 illos
1024 313 1195 346 excusat,
1232 306 1299 352 qui
1321 317 1357 339 se
1382 306 1530 352 utrique
1545 304 1700 351 fidelem

241 355 414 401 futurum
438 364 514 385 non
538 352 729 398 putabant.
777 352 994 385 Necessario
1022 362 1059 384 se
1084 350 1135 384 ad
1159 353 1348 397 imperium
1367 353 1560 386 accessisse
1574 360 1610 387 et
1632 354 1701 385 im-

248 398 432 446 peratrici
455 410 499 432 ac
515 398 615 445 filiis
645 399 723 433 eius
749 395 932 442 infensum
957 410 1033 432 uon
1061 409 1147 432 esse.
1195 397 1370 433 Seditiosi
1391 399 1504 432 etiam
1530 399 1574 432 ab
1594 398 1702 433 Irene

252 458 368 480 uxore
393 440 790 490 repellunturifilium
813 444 1038 479 Matthaeum
1063 443 1115 478 ad
1136 443 1375 490 defiet-tionem
1400 455 1423 478 α
1445 453 1567 490 patre,
1593 453 1629 480 et
1653 443 1707 479 ad

249 493 515 539 principatum,
542 492 686 536 aliquot
712 490 862 524 urbibus
891 490 931 523 in
953 500 1165 537 potestatem
1181 491 1358 533 redactis,
1382 491 1453 524 sibi
1473 490 1703 527 condendum

246 541 432 586 principes
459 538 677 570 sollicitant.
730 538 804 571 Cur
822 535 873 569 ad
889 538 991 572 illum
1009 538 1233 572 desciverint
1249 541 1312 584 (7).
1361 537 1573 572 Matthaeus
1591 549 1706 584 quae-

252 586 337 620 dam
368 583 502 631 oppida
527 584 601 616 sibi
634 582 765 617 subdit.
814 585 937 618 Mater
959 586 1083 632 silium
1108 584 1159 618 ad
1182 588 1376 621 sanitatem
1401 593 1565 619 revocat.
1613 585 1709 619 Eius

240 633 412 680 feminae
441 632 535 667 laus.
582 629 830 670 Andronicus,
859 632 1029 665 minimus
1046 641 1138 666 natu
1152 631 1265 679 filius
1292 645 1310 667 c
1338 632 1469 672 trihus,
1491 631 1707 678 pestilentia

250 679 433 714 moritur:
459 678 537 712 eius
557 677 792 723 pestilentiae
823 677 972 722 elegans
996 678 1209 724 descriptio.
1260 681 1358 722 Quas
1382 679 1566 713 utilitates
1580 679 1621 711 in
1639 678 1708 712 ho-

252 727 390 760 minum
416 725 550 757 animis
577 724 645 757 illa
669 725 749 757 lues
775 723 947 769 effecerit.
1004 727 1208 770 Imperator
1237 738 1315 759 cum
1349 737 1485 770 genero
1521 724 1707 759 Thraciae

251 773 360 807 urbes
386 772 476 811 obit,
504 773 653 816 eiusque
684 770 736 804 ad
758 772 926 804 militiam
953 771 1147 806 habilitate
1173 773 1336 806 laetatur
1352 772 1417 817 (8).
1465 770 1523 806 Ad
1541 772 1710 806 Clemen-

253 828 322 855 tem
346 830 480 865 papam
504 818 655 862 legatio,
683 830 758 864 qua
781 829 818 851 se
843 816 886 851 de
913 818 1082 853 barbaris
1110 820 1149 852 in
1165 821 1349 852 auxilium
1373 817 1528 852 adscitis
1542 826 1708 853 excusat.-

254 878 357 913 opem
381 876 482 900 suam
511 863 677 910 spondet,
701 865 735 897 si
761 875 838 897 cum
861 866 1093 911 principibus
1120 866 1343 899 Christianis
1366 866 1407 898 in
1431 866 1611 899 barbaros
1633 865 1712 898 bet-

252 914 328 948 lum
352 913 535 952 suscipere
561 912 664 945 velit.
726 910 924 945 Laudatur
950 924 972 944 a
994 925 1103 959 papa.
1151 913 1282 956 Legati
1308 912 1409 946 dicta
1456 912 1712 946 Cantacuzeni

256 962 298 993 in
330 957 593 1005 ephemeridem
627 958 804 1002 referunt.
826 1002 829 1004 ⁴
854 959 954 1003 Papa
980 959 1023 993 de
1057 972 1149 993 cura
1176 971 1264 1003 erga
1294 958 1562 993 adolescentem
1599 961 1711 1003 impe-

255 1014 417 1042 ratorem
451 1012 484 1039 et
509 1013 658 1038 matrem
685 1006 721 1038 ei
745 1005 890 1048 gratias
914 1007 1017 1049 agit:
1043 1005 1095 1039 ad
1109 1006 1346 1040 eeclesiarum
1364 1003 1599 1040 concordiam
1620 1016 1709 1038 con-

254 1051 458 1088 ciliandam
487 1050 639 1086 eundem
663 1051 845 1087 hortatur.
893 1053 989 1086 Petit
1014 1054 1057 1086 ab
1085 1065 1126 1087 eo
1155 1053 1357 1099 imperator
1375 1053 1602 1087 Concilium:
1619 1063 1710 1097 pro-

255 1100 440 1135 mittitur.-
466 1097 530 1132 sed
556 1098 651 1132 bello
677 1099 814 1131 Italico
843 1109 901 1131 res
925 1098 1098 1144 differtur
1120 1100 1184 1144 (9).
1243 1101 1392 1134 Interea
1422 1099 1592 1145 pontifex
1627 1098 1711 1132 vita

255 1146 497 1193 defungitur:
524 1146 578 1178 ita
606 1157 650 1179 ex
682 1157 721 1179 re
746 1152 884 1189 parata
916 1147 1100 1191 imparata
1128 1146 1263 1180 evadit.
1315 1147 1565 1192 Tomprotizas
1589 1145 1711 1180 urbem

255 1193 385 1228 tradit.
433 1193 566 1226 Persae
589 1193 826 1238 populatores
850 1194 968 1233 caesi,
995 1194 1116 1238 capti:
1142 1194 1326 1238 reliquiae
1351 1194 1392 1227 in
1420 1194 1547 1227 collem
1577 1193 1710 1239 confit-

256 1242 375 1286 giunt.
425 1238 627 1284 Nicephori
650 1237 818 1283 despotae
843 1240 1054 1282 periculosa
1080 1241 1277 1274 temeritas.
1324 1241 1456 1274 Persae
1490 1239 1624 1274 donati
1647 1237 1713 1272 do-

258 1299 353 1321 mum
389 1288 637 1319 remittuntur·
706 1285 889 1319 Matthaei
914 1285 1001 1333 filii
1033 1298 1230 1331 generosus
1264 1288 1407 1320 animus
1443 1287 1487 1320 in
1522 1285 1712 1331 conflictu·

262 1333 512 1368 Victoriarum
530 1333 654 1366 nuntii
668 1333 858 1378 utrinque.
910 1334 1083 1367 Calculus
1105 1335 1338 1379 imperatoris
1363 1342 1398 1368 et
1419 1332 1461 1366 in
1487 1333 1612 1367 morbo
1629 1333 1714 1366 vir-

260 1391 319 1416 tus
334 1379 422 1425 (10).
475 1381 596 1422 Quare
617 1379 791 1412 Galataei
813 1378 945 1412 bellum
971 1381 1188 1426 imperatori
1198 1380 1389 1426 jecerint:
1413 1381 1570 1425 spatium
1588 1380 1713 1425 regio-

259 1429 320 1462 nis
343 1438 454 1473 supra
483 1426 606 1460 urbem
630 1426 738 1472 vafre
761 1433 911 1470 petunt,
937 1438 1005 1460 nec
1032 1427 1251 1472 impetrant.-
1294 1428 1413 1461 asinis
1439 1435 1715 1472 comparantur.

259 1476 409 1510 Damna
442 1473 487 1506 ab
522 1474 570 1506 iis
604 1484 671 1517 per
703 1471 913 1506 incendium
946 1474 1057 1507 illata
1088 1475 1290 1517 Byzantiis.
1345 1475 1390 1507 In
1422 1475 1559 1507 tumulo
1583 1474 1716 1507 turrim

261 1522 450 1556 excitant:
485 1519 642 1565 spatium
678 1531 781 1552 muro
815 1520 1067 1563 intercipiunt.
1122 1522 1349 1554 Mercatores
1372 1529 1407 1554 et
1431 1520 1580 1568 opifices
1604 1531 1640 1554 se
1669 1518 1714 1553 de

263 1567 457 1602 Galataeis
497 1564 692 1599 vindicari
727 1574 847 1599 orant.
909 1567 1050 1600 Eorum
1087 1566 1252 1611 lapidum
1293 1567 1496 1601 iaculatrix
1531 1566 1715 1600 machina.

262 1616 363 1649 Saxa
391 1610 714 1658 Constantinopoli
740 1613 910 1646 Galatam
933 1625 1001 1658 per
1018 1622 1197 1648 tormenta
1215 1613 1387 1660 displosa.
1438 1615 1620 1648 oneraria
1637 1625 1716 1647 cum

261 1660 433 1695 machina
453 1659 636 1706 depressa,
687 1660 930 1693 Genuensium
949 1661 1126 1694 oneraria
1144 1661 1360 1706 intercepta.
1410 1662 1548 1695 Bellum
1565 1660 1719 1695 navale.

262 1708 470 1752 Imperator
495 1708 620 1740 victus
659 1706 821 1740 animum
845 1707 1022 1741 excelsum
1040 1708 1189 1748 retinet,
1216 1709 1364 1742 classem
1382 1715 1544 1752 reparat.
1597 1708 1720 1741 Victo-

262 1767 322 1789 res
355 1753 603 1799 triumphant:
638 1764 760 1787 eorum
793 1755 834 1786 in
865 1755 974 1788 victis
1009 1754 1283 1789 contemnendis
1316 1754 1526 1788 insolentia.
1583 1755 1718 1788 Locum

265 1799 448 1840 reddunt,
482 1812 587 1845 quem
617 1801 670 1833 eis
704 1799 907 1838 imperator
937 1799 1053 1833 donat
1082 1801 1169 1846 (ιι).
1217 1803 1270 1836 De
1295 1802 1411 1835 nimia
1436 1801 1630 1835 exactione
1655 1811 1719 1834 ca-

263 1847 415 1881 lumnia.
469 1848 609 1880 Causae
643 1847 876 1880 insolitorum
910 1847 1139 1881 tributorum.
1189 1848 1314 1881 Chium
1338 1849 1547 1882 Genuenses
1572 1845 1719 1880 tandem

265 1895 477 1928 restituunt.
539 1892 749 1926 Calothetus
777 1893 980 1928 Phocaeam
1012 1894 1222 1939 praefectus
1259 1896 1419 1928 mittitur
1448 1896 1538 1940 (ια’).
1595 1895 1719 1928 Status

264 1940 509 1985 Peloponnesi
543 1938 783 1974 miserandas.
845 1942 997 1974 Manuel
1011 1940 1124 1988 filius
1161 1942 1407 1985 imperatricis
1442 1948 1595 1986 praetor
1624 1939 1720 1974 desi-

264 1996 397 2032 gnatus
424 1985 517 2032 quid
532 1986 585 2019 ibi
608 1987 772 2031 gesserit.
824 1988 948 2020 Vincit
971 1987 1089 2020 hostes
1111 1995 1145 2020 et
1170 1989 1340 2031 ignoscit.
1394 1989 1522 2022 Latini
1542 1987 1720 2021 Achaiam

265 2042 431 2067 tenentes
475 2033 586 2066 amici
617 2044 662 2066 ac
693 2034 789 2067 socii
805 2033 923 2081 flunt.
984 2034 1081 2067 Laus
1108 2033 1267 2067 eiusdem
1296 2035 1484 2069 Manuelis
1509 2045 1532 2066 a
1557 2033 1721 2079 placidis

266 2088 301 2114 et
327 2081 481 2124 integris
499 2079 658 2112 moribus
676 2078 762 2124 (13).
811 2081 976 2114 Lazarus
998 2082 1354 2123 Hierosolymitanus
1372 2089 1578 2121 accusatus,
1601 2078 1722 2126 gradu

269 2126 566 2172 pellitur:jame
592 2126 797 2171 affligitur:
823 2140 846 2159 a
875 2129 1067 2161 Galataeis
1090 2126 1140 2160 ad
1151 2127 1252 2174 fidei
1275 2129 1561 2162 communionem
1575 2129 1722 2161 invita-

268 2182 324 2206 tus
345 2180 514 2206 recusat:
539 2172 702 2205 iniurias
726 2175 946 2206 contemnit:
971 2173 1132 2208 hostibus
1155 2175 1228 2207 suis
1249 2174 1425 2208 traditur.
1474 2174 1722 2208 Patriarchae

267 2221 310 2253 in
335 2231 413 2252 eum
448 2227 483 2252 et
517 2218 729 2251 humanitas
770 2228 806 2251 et
835 2219 1100 2256 inhumanitas.
1158 2225 1189 2255 Α
1225 2222 1480 2255 Cantacuzeno
1507 2222 1647 2266 legatus
1673 2219 1725 2254 ad

267 2267 461 2300 Sultanum
484 2266 640 2310 Aegypti
661 2277 730 2310 pro
758 2265 981 2299 Christianis
1007 2276 1042 2300 et
1061 2280 1128 2301 sua
1154 2269 1386 2302 restitutione
1411 2269 1577 2301 mittitur.
1626 2268 1724 2313 Epi-

267 2313 365 2347 stola
394 2312 545 2345 Sultani
573 2312 806 2357 responsoria
821 2326 832 2345 :
858 2314 899 2345 in
921 2322 1081 2347 extrema
1101 2315 1350 2350 Cantacuzeni
1370 2315 1453 2348 laus
1468 2315 1552 2360 (14).
1604 2316 1723 2349 Gera-

271 2361 383 2394 simus
407 2359 539 2392 iterum
561 2359 742 2392 Lazarum
768 2359 868 2402 apud
892 2361 1082 2393 Sultanum
1112 2373 1286 2395 accusare
1310 2374 1464 2408 parans,
1493 2363 1535 2394 in
1558 2363 1624 2395 via
1647 2374 1725 2395 mo-

272 2407 383 2441 ritur.
441 2406 635 2439 Successor
668 2405 818 2439 Sultani
851 2406 1038 2440 Sichuntis
1066 2408 1343 2454 archisatrapae
1371 2409 1526 2454 impulsu
1550 2410 1590 2441 in
1618 2409 1726 2443 Chri-

272 2453 414 2486 stianos
438 2453 571 2488 saevit,
619 2453 694 2485 Cur
713 2452 887 2486 Iacobitis
911 2452 1111 2487 haereticis
1139 2455 1275 2489 Sichun
1299 2456 1512 2501 pepercerit.
1560 2456 1725 2490 Lazarus

274 2499 514 2543 flagellatur:
551 2499 757 2532 Christiani
794 2498 1020 2533 damnantur
1053 2502 1232 2544 infamia,
1269 2503 1456 2548 ceteroqui
1480 2514 1502 2535 a
1533 2503 1726 2548 suppliciis

276 2547 459 2580 immunes.
521 2546 689 2579 Palamas
731 2544 1015 2580 Thessalonicae
1048 2558 1193 2582 creatus
1226 2551 1434 2595 episcopus,
1473 2561 1496 2582 a
1527 2549 1725 2594 praefectis

276 2591 510 2638 repudiatur,
540 2593 605 2638 qui
629 2593 752 2626 urbem
782 2604 883 2626 suam
903 2592 1038 2638 facere
1073 2604 1265 2629 conantur.
1313 2596 1481 2630 Andreae
1509 2596 1727 2641 Palaeologi

279 2641 320 2672 in
358 2641 612 2683 imperatorem
646 2638 808 2672 audacia
830 2639 919 2683 (15).
979 2641 1150 2675 Callistus
1176 2642 1319 2677 Isidoro
1341 2642 1578 2688 patriarchae
1600 2654 1725 2676 succe·

279 2685 345 2719 dit.
394 2686 598 2730 Imperator
622 2697 700 2719 cum
725 2697 840 2719 uxore
868 2686 1148 2721 monachismum
1164 2689 1370 2723 meditatur.
1424 2689 1723 2723 Thessalonicen—

277 2744 334 2765 ses
355 2744 453 2778 opem
477 2734 643 2776 rogitant
664 2733 890 2779 suppliciter.
935 2734 1195 2780 Palaeologum
1221 2737 1307 2770 urbe
1335 2737 1501 2781 exigunt,
1526 2747 1632 2780 quam
1650 2737 1724 2769 Ze—

278 2780 376 2815 lotae
418 2779 521 2813 Crali
553 2778 700 2823 tradere
730 2778 887 2816 student.
945 2781 1195 2816 Barbarorum
1223 2795 1299 2817 mos
1330 2784 1379 2817 in⁴
1402 2783 1552 2818 aemulis
1578 2782 1723 2829 imperii
