1794 3158
395 152 468 191 AD
498 149 871 192 CANTACUZEM
909 153 1008 192 Lm.
1042 153 1112 192 111.
1342 134 1471 214 '527

18 270 74 299 w:
160 253 445 308 Pag.257'‚17.
473 253 763 295 Prosae-um
805 253 1101 294 castellum.
1160 254 1477 308 Descriptionem

12 309 272 362 &uberiorem
297 308 416 348 huius
442 307 593 348 castelli
638 307 723 362 lege
751 308 858 361 apud
905 309 1085 348 Nicetam
1117 310 1311 364 principio
1338 310 1408 351 lib.
1434 312 1477 352 5.

14 365 98 407 ,vde
123 365 243 405 rebus
269 365 387 417 gestis
421 362 551 403 Alexii
578 362 732 416 Angeli.
761 377 932 403 PONTAN.

157 418 425 472 Pag.261‚3.
450 420 621 459 locum
660 418 777 459 Ταο.
813 414 931 464 Ταώς
963 420 1046 460 sive
1080 415 1191 460 ταών
1218 421 1379 461 Graecis
1416 428 1476 462 est

18 488 151 528 trpavo
166 503 178 525 ‚
213 470 293 513 α’πὸ
322 473 395 525 τῆς
422 469 577 519 τάσεως
603 472 686 512 τῶν
713 472 892 526 πτερῶν,
916 474 966 512 ab
989 476 1216 515 extensione
1235 490 1474 530 pennarum,

16 530 282 570 ..nominatus
310 529 364 568 Et
381 530 573 581 quoniam
586 528 726 580 pennis
756 534 814 567 est
842 527 1120 581 pulcherrimis
1139 538 1178 569 et
1199 530 1469 583 splendidissi-

19 587 134 634 smis,
162 585 327 624 forsitan
355 583 408 623 ab
439 598 485 624 ea
519 584 713 635 elegantia
741 581 830 622 loco
857 596 1003 623 nomen
1025 586 1110 624 Tao
1138 586 1286 626 factum
1305 595 1375 631 est.
1404 588 1470 627 Tu

31 640 152 689 vide,
183 654 303 692 quam
332 653 428 678 vera
458 639 508 678 sit
535 638 761 677 coniectura
791 645 937 677 nostra.
958 653 1131 679 romum.

14 713 41 739 ῃ»,
156 693 418 747 Pag.262,8.
446 693 885 733 adolescentulos
914 695 1123 734 nobiles
1146 696 1474 738 honor-arios.

14 769 22 792 e
44 751 111 791 sie
148 764 172 789 a
198 749 437 804 quibusdam
460 747 680 802 appellatos
704 748 785 788 scio
803 776 816 799 ,
861 762 962 803 quos
990 750 1182 790 Germani
1209 751 1320 791 Edcl
1361 753 1476 792 Kna-

34 807 133 846 ben.
166 819 336 845 Pom-Au.

155 859 449 912 Pag.262‚2o.
476 872 580 914 qua
626 858 808 910 gracia
850 859 1098 901 venisset.
1154 858 1275 913 Apud
1302 862 1476 903 Graecos

47 915 138 955 illos
165 916 452 954 vetustissimos
481 914 602 953 fuisse
630 927 805 963 morem,
847 920 894 951 ut
922 913 1070 967 legatos
1097 920 1136 953 et
1164 916 1339 955 advenas
1368 920 1479 970 prius

16 970 265 1012 ..liberaliter
292 976 523 1020 tractarent,
551 983 597 1008 ac
635 976 723 1008 tum
757 967 920 1007 demum
949 983 1109 1008 causam
1130 969 1323 1011 adventus
1339 986 1480 1013 eorum

44 1029 323 1080 exquirerent,
370 1025 623 1078 cognoscitur
662 1038 708 1062 ex
740 1023 936 1072 Homero,
983 1025 1088 1078 apud
1118 1039 1240 1078 quem
1273 1027 1478 1081 Odysseae

24 1119 27 1121 Α
44 1080 118 1121 lib.
137 1084 175 1125 3,
203 1083 395 1134 excipitur
415 1094 437 1119 a
463 1080 630 1119 Nestore
646 1078 911 1119 Telemachus
933 1093 1026 1118 cum
1045 1081 1230 1120 Minerva
1257 1082 1333 1121 sub
1349 1083 1478 1124 forma

45 1137 239 1177 Mentoris
255 1166 266 1187 ‚
295 1143 334 1176 et
364 1134 432 1176 lib.
451 1136 492 1184 4.
519 1149 612 1175 cum
637 1134 778 1174 eodem
803 1134 1045 1174 Telemacho
1073 1135 1304 1176 Pisistratus
1332 1139 1478 1178 Nesto-

44 1194 100 1232 ris
126 1187 233 1232 filius
270 1205 293 1230 a
322 1189 536 1242 Menela03
580 1196 619 1229 et
661 1196 750 1242 post
782 1189 919 1242 epulas
957 1189 1120 1230 demum
1163 1205 1209 1231 ac
1253 1192 1320 1232 die
1347 1194 1477 1234 altero

44 1262 204 1288 causam
235 1247 429 1286 adventus
460 1247 743 1298 interrogatur.
773 1258 945 1284 rouun-

30 1323 33 1327 ·
157 1303 258 1355 Pag.
288 1301 380 1350 265,
409 1314 475 1339 20.
523 1302 803 1339 amicorum
840 1299 1013 1338 omnia
1049 1303 1355 1342 communia.
1403 1304 1476 1344 Fe·

30 1359 158 1398 stive.
219 1355 332 1396 Nihil
369 1355 447 1395 hoc
480 1354 587 1394 dicto
628 1353 828 1408 vulgatius
850 1383 862 1404 ‚
898 1355 1008 1407 quod
1043 1355 1094 1394 ab
1121 1356 1315 1409 Euripide
1343 1359 1478 1411 profe-

42 1421 153 1454 ctum
183 1419 254 1455 est.
309 1410 517 1464 Perlepide
554 1409 647 1448 hinc
677 1408 877 1462 probabat
902 1410 1113 1462 Socrates,
1143 1413 1365 1465 sapientum
1393 1428 1480 1455 esse

29 1471 193 1515 omnia,
224 1466 333 1522 quod
365 1473 404 1506 et
435 1465 529 1505 alibi
559 1479 582 1503 a
611 1479 674 1503 me
701 1470 883 1503 notatum
911 1466 1089 1504 memini.
1149 1467 1278 1520 Quia,
1320 1469 1478 1522 inquie-

38 1524 124 1575 bat,
151 1523 328 1563 Deorum
355 1530 444 1560 sunt
468 1522 618 1559 omnia.
649 1519 854 1574 Sapientes
883 1521 1005 1558 amici
1030 1529 1118 1559 sunt
1137 1520 1326 1562 Deorum.
1357 1524 1478 1564 Ami-

20 1591 172 1619 corum
215 1578 351 1618 omnia
387 1584 475 1614 sunt
505 1577 740 1614 communia.
796 1573 908 1626 Ergo
943 1575 1164 1629 sapientum
1200 1587 1289 1617 sunt
1327 1582 1480 1625 omnia.

43 1636 331 1675 Verumtamen
359 1632 506 1670 scimus
533 1628 680 1668 multos
709 1629 907 1681 sapientes
934 1629 1055 1669 huius
1082 1631 1221 1670 mundi
1239 1662 1250 1680 ‚
1285 1647 1377 1672 cum
1405 1635 1480 1675 ha-

39 1689 181 1730 berent
209 1690 389 1727 Deorum
422 1699 532 1739 opes,
561 1686 722 1722 interim
753 1683 904 1734 multis,
926 1686 1045 1723 etiam
1064 1688 1291 1727 necessariis
1309 1690 1476 1742 eguisse.

41 1745 276 1784 Christianis
307 1749 462 1781 tantum
489 1739 734 1792 sapientibus
776 1738 907 1777 dicere
934 1753 1027 1778 cum
1054 1739 1183 1780 Paulo
1210 1740 1329 1795 licet,
1377 1745 1481 1785 nihil

39 1801 232 1848 habentes,
265 1807 303 1837 et
319 1796 458 1836 omnia
478 1795 729 1849 possidentes.
761 1806 932 1832 PONTAN.

149 1855 255 1907 Pag.
277 1866 369 1907 271,
394 1866 433 1905 7.
462 1858 508 1889 ιιι
536 1862 668 1904 quae
704 1847 848 1888 lubet
874 1849 1092 1902 impera.
1149 1848 1296 1903 Virgil.
1331 1865 1367 1890 1.
1397 1851 1478 1892 Ae-

33 1910 144 1950 neid.
163 1925 175 1949 ε
204 1919 303 1959 talc-5,
329 1921 352 1947 ο
381 1907 533 1959 regina,
556 1903 657 1959 quid
682 1912 805 1958 opteS‚
834 1904 1048 1958 explorare
1073 1903 1213 1954 labor,
1247 1907 1346 1944 milti
1374 1909 1479 1948 iussa

39 1979 236 2020 capessere
247 1963 325 2015 sas
360 1970 427 2004 esc.
481 1958 611 1999 Affert
638 1973 683 1998 ex
705 1957 873 2011 epistola
899 1960 955 1997 Μ.
984 1959 1151 1997 Antonii
1184 1958 1236 1998 ad
1263 1963 1484 2013 quemdam·

39 2021 339 2074 septemvirum,
369 2015 577 2068 capitalem
603 2013 826 2064 homiuem,
856 2012 1050 2066 collegam
1078 2015 1216 2067 ipsius,
1234 2014 1330 2056 haec
1356 2019 1478 2058 verba

40 2075 214 2128 Philipp.
242 2074 283 2115 5.
315 2073 374 2112 M.
409 2070 592 2111 Tullius:
655 2068 765 2122 Quid
785 2069 1045 2123 concupiscas,
1078 2078 1120 2109 tu
1149 2070 1323 2109 videris.-
1369 2074 1483 2129 quod

0 2147 4 2160 ·
38 2129 319 2186 concupiveris,
344 2135 445 2166 certe
467 2125 636 2166 habebis,
671 2136 844 2165 PONTAN.

0 2218 1 2223 ,
149 2187 253 2238 Pag.
277 2181 372 2237 278,
401 2196 432 2222 1.
460 2181 531 2221 ad
554 2180 764 2219 Aenum.
816 2178 977 2216 Aenum
1012 2178 1154 2218 urbem
1186 2178 1343 2220 Aeneas
1371 2182 1481 2223 Tro-

39 2241 155 2281 ianus
187 2237 276 2279 exul
306 2236 497 2286 condidit,
533 2242 578 2273 ut
606 2241 664 2273 est
691 2232 814 2271 lib-5.
846 2232 1014 2272 Aeneid.
1058 2234 1218 2273 Plinius
1253 2235 1385 2276 Aenos
1414 2253 1480 2278 vo·

36 2304 105 2336 eat
136 2295 208 2334 lib.
231 2294 270 2344 sq.
303 2307 386 2344 cap.
407 2305 483 2341 11.‚
511 2289 692 2329 similiter
727 2286 833 2326 Mela
862 2286 934 2330 lib.
965 2301 1004 2327 2.
1037 2302 1122 2342 cap.
1155 2302 1224 2331 2.:
1255 2293 1482 2333 eoez'mz'aesc

39 2352 196 2400 Aenos,
231 2348 387 2401 inquit,
430 2347 484 2385 ab
508 2345 646 2384 Aenea
665 2343 836 2397 prositgo
870 2342 1044 2383 condita.
1098 2344 1314 2398 Dionysius
1338 2346 1408 2390 lib.
1445 2363 1478 2388 1.

40 2408 221 2446 Aeneam
268 2402 460 2443 nominat.
517 2401 631 2439 quta
675 2398 752 2437 hoc
792 2398 984 2451 oppidum
1013 2397 1175 2438 Hebrus
1211 2398 1355 2440 fluvius
1395 2417 1478 2442 non

39 2459 224 2516 ignobilis
252 2461 293 2498 in
324 2470 432 2495 mare
460 2455 647 2496 volvitur.
680 2466 853 2495 rosus.

150 2515 249 2568 Pag.
273 2512 369 2563 205,
390 2511 431 2553 8.
461 2513 514 2551 ci
524 2519 610 2549 tra
636 2508 896 2547 laborem.
935 2507 1173 2547 Terentius:
1211 2507 1304 2548 Non
1318 2510 1377 2566 fic
1396 2515 1480 2554 sine

35 2571 211 2627 periculo
248 2558 423 2621 facinus
477 2578 666 2617 magnum
720 2572 759 2603 et
814 2563 1084 2605 memorabile.
1151 2562 1350 2605 Laborem
1392 2567 1480 2621 glo.

39 2629 123 2666 riae
153 2632 305 2677 patrem
339 2622 495 2661 vocavit
531 2618 757 2671 Euripides.
805 2618 908 2656 Vide
943 2616 1144 2670 symbolas
1172 2625 1327 2660 nostras
1357 2622 1396 2661 in
1428 2624 1478 2662 il-

0 2699 6 2709 >
41 2681 112 2722 lud
141 2695 185 2720 ex
222 2693 256 2717 1.
291 2679 460 2730 Georg.:
500 2676 637 2714 Labor
668 2674 807 2712 omnia
845 2673 968 2711 vincit
997 2671 1220 2724 improbus,
1252 2675 1322 2715 ubi
1363 2677 1476 2717 labo-

42 2751 126 2777 rem
154 2750 198 2774 ex
227 2733 387 2786 optimis
412 2730 671 2784 scriptoribus
701 2726 960 2768 laudavimus.
988 2738 1154 2765 PONTAN.
