1800 3164
317 161 423 230 148
835 177 1210 223 CANTAcuzm

101 285 186 322 mc.
206 286 392 332 ι35οτοις
432 279 581 338 ἑτέρας
608 283 750 333 πόλεις
779 287 851 338 τῆς
884 283 1154 332 Μακεδονιῖις
1182 277 1256 325 οὔκ
1288 282 1454 339 ὅλίγας,
1487 286 1538 328 αἳ
1560 281 1643 327 ὑπὸ
1673 283 1750 340 τήν

298 349 520 401 Ῥωμαίων
551 348 774 405 ἡγεμονίαν
806 345 930 403 ἦσαν,
960 344 1166 405 ὅτεπρὸς
1194 347 1401 404 ἀλλήλους
1428 350 1528 406 ἡμῖν
1567 352 1751 406 ἐγίνοντο

304 411 500 471 οἱ-ὅρκοι,
557 414 726 470 πότερον
754 411 830 456 οὖν
861 415 999 456 ταῦτα
1029 417 1251 471 φιλοῦντος
1275 414 1349 457 καὶ
1371 416 1640 472 εὖορκοῦντος
1678 416 1754 458 καὶ

302 483 523 534 μισοῦντος
536 479 609 535 τὴν
639 481 872 536 ἀπληστίαν
890 482 965 523 καί
979 480 1053 536 τὴν
1073 481 1279 536 ἁρπαγὴν,
1307 477 1335 536 ἢ
1349 484 1590 525 τούναντίον
1608 479 1750 535 duan,-

177 555 287 601 ¹³.787
304 549 391 589 ἀλλ’
423 547 475 588 ου’
492 544 544 587 τά
571 547 755 603 ἡμέτερα
780 548 980 600 ,cocenim
1009 546 1116 589 ἀλλά
1144 549 1217 589 καί
1249 548 1410 605 Ἀμούρ
1431 551 1622 592 ἐνταῦθα
1645 546 1788 603 πρὸς5

301 612 405 666 ἐμήν
438 613 684 666 ἐπικουρίαν
714 613 963 667 γενομένου,
1004 615 1363 669 τετρακισχιλίους
1400 615 1471 656 ἐπὶ
1513 613 1751 669 δισμυρίοις

298 674 464 732 ἄγοντος
492 677 756 733 βαρβάρους,
787 679 831 721 οἳ
851 677 926 734 την
952 677 1029 734 σὴν
1061 679 1285 734 ἡγεμονίαν
1325 680 1466 722 πᾶσαν
1507 679 1752 735 ἀνατρέπειν

298 739 408 798 ἦσαν
437 743 622 797 δυνατοί,
654 744 784 794 αὐτὸς
812 746 1072 800 ἐποιησάμην
1100 748 1243 788 πᾶσαν
1272 744 1488 801 πρόνοιαν,
1517 748 1649 802 μηδὲν
1674 745 1750 801 τήν

295 807 378 849 ὑπὸ
427 810 476 851 σὲ
517 811 781 866 ζημιωθῆναι
815 809 987 868 χώραν,
1035 813 1170 854 καίτοι
1217 812 1435 868 πρόφασιν
1472 812 1750 868 εὐπρόσωπον

296 872 406 928 ἔχων
434 874 508 917 τοῦ
537 877 719 930 πολέμου
756 876 835 927 τὰς
868 877 1079 934 προτέρας
1105 876 1335 931 ἐπιβουλὰς
1364 879 1437 921 καί
1473 877 1520 921 τὸ
1554 880 1748 935 φανερῶς
1765 898 1800 926 1<

295 940 671 995 ἐκπεπολεμῶσθαι
724 942 799 985 καί
833 941 972 999 ἔργοις
1011 943 1083 985 καὶ
1118 944 1284 993 τούτοις
1330 942 1380 1000 δὴ
1408 950 1494 994 τοῖς
1521 943 1638 1000 παρὰ
1668 946 1748 987 σοῦ’

294 1009 530 1062 πεμφθεῖσι
555 1007 802 1062 γράμμασιν
830 1009 902 1051 ἐπί
930 1007 1210 1065 ἀπαγορεύσει
1242 1011 1316 1065 τῆς
1355 1010 1521 1066 εἰρήνης
1559 1008 1635 1051 καὶ
1666 1010 1749 1052 τῶν

297 1068 448 1127 ὅρκων,
477 1071 662 1126 μάλιστα
691 1077 765 1117 καί
790 1077 875 1117 ταῖν
906 1076 1135 1132 βαρβάρων
1178 1077 1401 1129 δεομένων.
1458 1077 1548 1119 ἀλλ’
1591 1070 1748 1118 ἄτοπον

258 1137 473 1190 Βὲνόμισα
502 1140 650 1189 δεινῶς
677 1142 749 1183 καί
779 1143 877 1183 οὐδὲ
909 1140 1007 1195 ἐμοὶ
1032 1141 1256 1197 προσῆκον,
1289 1140 1361 1184 διά
1390 1140 1465 1198 την
1491 1141 1571 1198 σὴν
1595 1156 1747 1197 μικρο-

291 1206 459 1259 ψυχίαν
491 1204 564 1247 καί
587 1204 664 1261 τὴν
691 1207 899 1250 ἀστασίαν
925 1205 1026 1264 περὶ
1051 1205 1105 1249 τὰ
1134 1205 1242 1250 καλοὶ
1271 1205 1507 1263 ἀχάριστον
1532 1210 1607 1251 καί
1635 1202 1734 1249 ἇπι-
1762 1204 1800 1247 15

289 1285 386 1312 στον
425 1274 610 1326 φανῆναι
650 1272 758 1328 πρὸς
800 1273 902 1323 τούς
944 1276 1120 1331 φίλους,
1162 1276 1203 1317 εἰ
1236 1275 1295 1331 τῷ
1320 1274 1530 1317 τοσούτων
1569 1275 1741 1330 α’γαθῶν

288 1332 523 1391 ὑπάρξαντι
550 1339 760 1393 μηδεμιάν
788 1340 990 1396 ἀποδοίην
1019 1338 1233 1394 ἀμοιβὴν,
1271 1336 1364 1382 ἀλλ’
1403 1341 1584 1383 ἀνεκτῶν
1617 1356 1742 1383 τινων

285 1400 418 1456 χάριν
447 1404 592 1446 αἰτιῶν
629 1401 696 1447 οἶα
732 1408 916 1464 πολεμίῳ
952 1409 1197 1462 χρησαιζιιην
1236 1405 1309 1448 διὰ
1337 1409 1459 1461 ’βιόυ.
1525 1409 1600 1451 καὶ
1635 1405 1744 1461 μετὰ

287 1469 424 1508 ταῦτα
467 1467 665 1519 πολλάκις
707 1471 902 1526 δυνηθείς
942 1471 1204 1524 ἀμύνεσθαι,
1248 1472 1325 1513 οὐκ
1368 1474 1587 1528 η’θέλησα,
1629 1470 1739 1514 ἀλλά

285 1534 512 1586 πρεσβείας
541 1538 728 1589 πέμπων,
759 1536 832 1577 καὶ
857 1538 956 1592 πρὶν
976 1534 1215 1587 Βυζάντιον
1243 1534 1351 1578 ἑλεῖν
1381 1537 1454 1579 καί
1470 1536 1574 1590 μετὰ
1592 1539 1740 1590 ταῦτα,
1757 1553 1800 1581 20

285 1597 340 1640 τὰ
372 1600 514 1641 δίκαια
546 1607 682 1642 ποιεῖν
712 1599 919 1656 ἐδεόμην,
951 1598 1020 1644 οἷα
1058 1602 1208 1657 φίλον,
1256 1603 1330 1643 καί
1352 1600 1411 1657 μὴ
1452 1600 1550 1651 τοὺς
1592 1599 1740 1658 ὅρκους

284 1667 581 1721 παραβαίνειν.
610 1664 663 1708 σὺ
696 1667 743 1708 δὲ
769 1668 852 1709 τῶν
876 1668 955 1721 μὲν
978 1667 1150 1709 δικαίων
1173 1666 1247 1712 καὶ
1266 1664 1562 1724 προσηκόντων
1586 1667 1742 1726 ἔπρατ-

382 1793 434 1818 ιο,
461 1783 512 1828 τῷ
535 1782 570 1816 Ρ.

284 1882 476 1922 praeterea
501 1879 610 1913 urbes
635 1880 873 1915 Macedoniae
899 1892 975 1916 non
998 1892 1153 1926 paucas,
1180 1892 1294 1927 quae,
1319 1882 1466 1929 quando
1490 1882 1649 1917 vicissim
1675 1883 1749 1931 iu·—

285 1924 476 1968 rabamus,
517 1927 584 1960 sub
628 1928 783 1972 imperio
809 1930 969 1962 Romano
1001 1929 1254 1963 censebantur.
1332 1931 1457 1963 Utrum
1493 1931 1604 1975 igitur
1644 1930 1737 1964 haec

285 1973 441 2005 amantis
481 1978 518 2006 et
556 1975 753 2008 iuramenti
793 1977 1022 2009 sanctitatem
1066 1976 1305 2010 custodientis
1354 1976 1591 2023 habendique
1633 1977 1738 2011 inex-

284 2018 463 2062 plebilem
499 2020 712 2055 aviditatem
748 2027 786 2055 et
823 2024 967 2066 rapinas
1005 2023 1164 2057 odientis
1201 2029 1286 2057 sunt
1312 2047 1323 2063 ‚
1371 2035 1417 2057 an
1453 2024 1557 2068 plane
1596 2035 1698 2058 secus
1720 2023 1739 2058 ἰ’

284 2064 317 2096 A
341 2065 475 2109 quibus
501 2068 601 2100 vitiis
622 2079 688 2101 nos
715 2069 842 2113 procul
868 2069 1049 2102 absumus.
1099 2069 1275 2114 Quinimo
1301 2080 1381 2103 cum
1409 2071 1578 2104 Amurius
1605 2071 1666 2105 hic
1691 2071 1739 2105 ad

285 2120 345 2143 me
371 2112 568 2146 iuvandum
594 2125 676 2146 cum
702 2120 861 2159 quatuor
885 2121 923 2149 et
945 2115 1075 2160 viginti
1108 2115 1345 2150 barbarorum
1373 2117 1539 2151 millibus
1573 2118 1736 2159 adesset,

286 2157 352 2201 qui
377 2159 585 2191 universum
621 2161 867 2204 principatum
900 2168 1006 2195 tuum
1034 2168 1226 2196 concutere
1259 2174 1300 2196 ac
1327 2163 1516 2197 destruere
1549 2169 1739 2209 poterant,

287 2203 366 2236 cavi
391 2203 690 2247 diligentissime,
721 2218 767 2240 ne
794 2208 883 2253 quid
907 2208 1029 2242 damni
1062 2210 1246 2254 provincia
1275 2214 1338 2242 tua
1361 2216 1570 2255 pateretur,
1609 2223 1739 2258 quam-

288 2261 396 2295 quam
421 2249 511 2284 belli
548 2251 739 2286 honestam
772 2255 997 2289 occasionem
1034 2255 1207 2290 haberem
1241 2256 1380 2300 priores
1413 2257 1586 2299 insidias,
1618 2258 1740 2304 quod-

288 2307 361 2340 que
387 2307 496 2340 opere
523 2297 602 2342 ipso
618 2305 783 2343 apertum
807 2306 844 2334 te
869 2300 1011 2335 hostem
1038 2302 1260 2348 profitebare
1286 2308 1323 2335 et
1345 2302 1445 2337 hisce
1471 2306 1620 2346 litteris,
1647 2316 1737 2349 quas

288 2342 336 2375 ad
359 2353 416 2375 me
440 2344 594 2385 misisti,
617 2356 744 2390 pacem
780 2352 817 2380 et
850 2347 1092 2383 iuramentum
1119 2348 1372 2383 rescindebas:
1400 2355 1437 2383 et
1461 2350 1499 2384 id
1525 2363 1544 2384 a
1572 2361 1629 2384 me
1653 2351 1738 2384 har-

287 2387 367 2422 bari
394 2391 505 2423 etiam
531 2396 641 2436 atque
671 2393 783 2427 etiam·
806 2393 1020 2438 flagitarent.
1071 2397 1210 2430 Tamen
1235 2396 1430 2430 absurdum
1460 2398 1569 2431 nimis
1593 2404 1631 2432 et
1653 2409 1740 2442 per-

287 2446 399 2469 sonae
423 2447 524 2470 meae
562 2437 775 2472 indecorum
811 2440 932 2482 duxi,
969 2448 1118 2487 propter
1152 2444 1332 2476 minutum
1365 2442 1623 2491 abiectumque
1657 2445 1739 2478 ani.

286 2493 385 2515 mum
414 2488 518 2517 tuum
553 2489 590 2517 et
626 2485 665 2518 in
691 2486 797 2519 rebus
821 2486 985 2521 honestis
1010 2490 1287 2523 inconstantiam
1326 2491 1509 2535 ingratum
1536 2502 1618 2537 erga
1639 2492 1735 2525 ami-

285 2540 346 2562 cos
380 2534 492 2576 atque
530 2530 715 2564 infidelem
740 2532 882 2574 videri,
916 2535 945 2568 si
971 2536 1033 2581 qui
1062 2541 1165 2569 tanta
1199 2537 1239 2568 in
1262 2547 1319 2569 me
1345 2537 1445 2580 prior
1471 2537 1568 2571 bona
1602 2544 1736 2571 contu-

283 2575 412 2616 lisset,
446 2577 481 2610 ei
506 2577 602 2610 nihil
632 2579 868 2622 rependerem
883 2604 893 2621 ,
917 2582 981 2615 sed
1004 2587 1152 2627 propter
1176 2583 1300 2627 culpas
1325 2584 1500 2628 quasdam
1524 2583 1734 2619 tolerabiles

283 2621 325 2656 in
348 2624 449 2656 omni
475 2624 547 2657 vita
573 2635 651 2658 mea
680 2626 821 2671 reliq-ua
838 2625 955 2659 hostis
981 2629 1060 2662 loco
1087 2639 1168 2662 eum
1192 2630 1373 2663 ducerem.
1422 2631 1506 2664 Post
1531 2631 1568 2664 id
1591 2636 1734 2676 tempus

284 2678 367 2701 cum
395 2670 540 2715 saepius
565 2671 691 2704 ulcisci
723 2683 781 2706 me
813 2683 979 2717 possem,
1017 2674 1146 2716 nolui,
1192 2687 1316 2710 verum
1346 2677 1465 2710 missis
1503 2677 1733 2720 oratoribus,

284 2716 396 2749 etiam
421 2721 505 2749 ante
530 2723 673 2762 captum
698 2718 934 2762 Byzantium,
969 2725 1011 2754 ut
1034 2721 1181 2758 tandem
1207 2723 1312 2756 amici
1337 2724 1497 2756 officium
1523 2735 1732 2769 sequerere,

283 2772 375 2798 neve
399 2762 604 2798 iuramenta
626 2766 792 2808 violares,
822 2767 956 2811 rogavi.
1003 2768 1051 2803 At
1074 2774 1114 2803 tu
1140 2769 1231 2815 quid
1257 2770 1313 2804 ius
1335 2769 1463 2817 fasque
1495 2772 1733 2816 postularent,
