<?xml version="1.0" encoding="UTF-8"?>
<!DOCTYPE html PUBLIC "-//W3C//DTD XHTML 1.0 Transitional//EN"
    "http://www.w3.org/TR/xhtml1/DTD/xhtml1-transitional.dtd">
<html xmlns="http://www.w3.org/1999/xhtml" xml:lang="en" lang="en">
 <head>
  <title>
</title>
<meta http-equiv="Content-Type" content="text/html;charset=utf-8" />
  <meta name='ocr-system' content='tesseract 3.04.00' />
  <meta name='ocr-capabilities' content='ocr_page ocr_carea ocr_par ocr_line ocrx_word'/>
</head>
<body>
  <div class='ocr_page' id='page_1' title='image "./corpusscriptorum25niebuoft_0386.png"; bbox 0 0 1794 3158; ppageno 0'>
   <div class='ocr_carea' id='block_1_1' title="bbox 326 106 1265 178">
    <p class='ocr_par' dir='ltr' id='par_1_1' title="bbox 326 106 1265 178">
     <span class='ocr_line' id='line_1_1' title="bbox 326 106 1265 178; baseline 0 -18"><span class='ocrx_word' id='word_1_1' title='bbox 326 106 444 178; x_wconf 79' lang='grc'>376</span> <span class='ocrx_word' id='word_1_2' title='bbox 835 118 1265 162; x_wconf 70' lang='lat' dir='ltr'>ANNOTATioNES</span> 
     </span>
    </p>
   </div>
   <div class='ocr_carea' id='block_1_2' title="bbox 307 215 1794 2749">
    <p class='ocr_par' dir='ltr' id='par_1_2' title="bbox 324 215 1771 333">
     <span class='ocr_line' id='line_1_2' title="bbox 324 215 1771 275; baseline -0.006 -8"><span class='ocrx_word' id='word_1_3' title='bbox 324 239 558 267; x_wconf 85' lang='lat' dir='ltr'>numerare:</span> <span class='ocrx_word' id='word_1_4' title='bbox 595 226 638 265; x_wconf 90' lang='lat' dir='ltr'>in</span> <span class='ocrx_word' id='word_1_5' title='bbox 681 237 847 264; x_wconf 90' lang='lat' dir='ltr'>numero</span> <span class='ocrx_word' id='word_1_6' title='bbox 879 231 1014 262; x_wconf 85' lang='lat' dir='ltr'>autem</span> <span class='ocrx_word' id='word_1_7' title='bbox 1047 237 1071 262; x_wconf 83' lang='lat' dir='ltr'>a</span> <span class='ocrx_word' id='word_1_8' title='bbox 1097 221 1215 262; x_wconf 86' lang='lat' dir='ltr'>nobis</span> <span class='ocrx_word' id='word_1_9' title='bbox 1244 222 1328 275; x_wconf 75' lang='lat' dir='ltr'>ipsa</span> <span class='ocrx_word' id='word_1_10' title='bbox 1355 219 1612 260; x_wconf 82' lang='lat' dir='ltr'>multitudine</span> <span class='ocrx_word' id='word_1_11' title='bbox 1637 215 1771 275; x_wconf 43' lang='lat' dir='ltr'>pluri&amp;</span> 
     </span>
     <span class='ocr_line' id='line_1_3' title="bbox 325 273 1748 333; baseline -0.004 -11"><span class='ocrx_word' id='word_1_12' title='bbox 325 297 436 323; x_wconf 86' lang='lat' dir='ltr'>mum</span> <span class='ocrx_word' id='word_1_13' title='bbox 463 282 701 333; x_wconf 86' lang='lat' dir='ltr'>discrepant.</span> <span class='ocrx_word' id='word_1_14' title='bbox 730 291 904 318; x_wconf 58' lang='lat' dir='ltr'>ronna.</span> <span class='ocrx_word' id='word_1_15' title='bbox 961 273 1109 317; x_wconf 72' lang='grc' dir='ltr'><em>ἐνάτου</em></span> <span class='ocrx_word' id='word_1_16' title='bbox 1142 278 1228 328; x_wconf 84' lang='grc' dir='ltr'>Μ.,</span> <span class='ocrx_word' id='word_1_17' title='bbox 1257 290 1303 316; x_wconf 89' lang='lat' dir='ltr'>ex</span> <span class='ocrx_word' id='word_1_18' title='bbox 1331 290 1442 316; x_wconf 86' lang='lat' dir='ltr'>more</span> <span class='ocrx_word' id='word_1_19' title='bbox 1469 276 1748 316; x_wconf 82' lang='lat' dir='ltr'>Cantacuzeni.</span> 
     </span>
    </p>

    <p class='ocr_par' dir='ltr' id='par_1_3' title="bbox 325 331 1772 608">
     <span class='ocr_line' id='line_1_4' title="bbox 438 331 1766 388; baseline -0.004 -13"><span class='ocrx_word' id='word_1_20' title='bbox 438 336 540 388; x_wconf 80' lang='lat' dir='ltr'>Pag.</span> <span class='ocrx_word' id='word_1_21' title='bbox 576 336 636 384; x_wconf 71' lang='lat'>14,</span> <span class='ocrx_word' id='word_1_22' title='bbox 665 334 705 373; x_wconf 91' lang='grc'>6.</span> <span class='ocrx_word' id='word_1_23' title='bbox 734 335 783 372; x_wconf 87' lang='lat' dir='ltr'>in</span> <span class='ocrx_word' id='word_1_24' title='bbox 804 332 1068 372; x_wconf 77' lang='lat' dir='ltr'>diuturno</span> <span class='ocrx_word' id='word_1_25' title='bbox 1103 345 1359 372; x_wconf 78' lang='lat' dir='ltr'>moerore.</span> <span class='ocrx_word' id='word_1_26' title='bbox 1413 331 1614 384; x_wconf 80' lang='lat' dir='ltr'>Gregorae</span> <span class='ocrx_word' id='word_1_27' title='bbox 1639 331 1766 371; x_wconf 76' lang='lat' dir='ltr'>verba</span> 
     </span>
     <span class='ocr_line' id='line_1_5' title="bbox 330 385 1771 441; baseline -0.004 -11"><span class='ocrx_word' id='word_1_28' title='bbox 330 391 539 431; x_wconf 80' lang='lat' dir='ltr'>recitabo:</span> <span class='ocrx_word' id='word_1_29' title='bbox 572 390 707 427; x_wconf 72' lang='lat' dir='ltr'>Senex</span> <span class='ocrx_word' id='word_1_30' title='bbox 737 396 869 426; x_wconf 78' lang='lat' dir='ltr'>autem</span> <span class='ocrx_word' id='word_1_31' title='bbox 897 388 1115 441; x_wconf 78' lang='lat' dir='ltr'>imperator</span> <span class='ocrx_word' id='word_1_32' title='bbox 1151 385 1403 426; x_wconf 75' lang='lat' dir='ltr'><em>Andronicus</em></span> <span class='ocrx_word' id='word_1_33' title='bbox 1438 400 1494 426; x_wconf 76' lang='lat' dir='ltr'>ex</span> <span class='ocrx_word' id='word_1_34' title='bbox 1523 399 1698 426; x_wconf 75' lang='lat' dir='ltr'>moerore</span> <span class='ocrx_word' id='word_1_35' title='bbox 1732 393 1771 424; x_wconf 69' lang='lat' dir='ltr'>et</span> 
     </span>
     <span class='ocr_line' id='line_1_6' title="bbox 325 439 1771 499; baseline -0.004 -14"><span class='ocrx_word' id='word_1_36' title='bbox 325 445 585 485; x_wconf 68' lang='lat' dir='ltr'>sollicitudine</span> <span class='ocrx_word' id='word_1_37' title='bbox 607 443 798 493; x_wconf 54' lang='lat' dir='ltr'>consectus</span> <span class='ocrx_word' id='word_1_38' title='bbox 829 450 897 488; x_wconf 84' lang='lat' dir='ltr'>est,</span> <span class='ocrx_word' id='word_1_39' title='bbox 927 442 1033 480; x_wconf 67' lang='lat' dir='ltr'>euim</span> <span class='ocrx_word' id='word_1_40' title='bbox 1059 443 1136 480; x_wconf 77' lang='lat' dir='ltr'>vix</span> <span class='ocrx_word' id='word_1_41' title='bbox 1161 441 1390 499; x_wconf 67' lang='lat' dir='ltr'>exemplum</span> <span class='ocrx_word' id='word_1_42' title='bbox 1416 441 1647 494; x_wconf 61' lang='lat' dir='ltr'>reperiatur.</span> <span class='ocrx_word' id='word_1_43' title='bbox 1704 439 1771 480; x_wconf 83' lang='lat' dir='ltr'>Sic</span> 
     </span>
     <span class='ocr_line' id='line_1_7' title="bbox 325 493 1772 550; baseline -0.002 -11"><span class='ocrx_word' id='word_1_44' title='bbox 325 500 406 541; x_wconf 85' lang='lat' dir='ltr'>ille.</span> <span class='ocrx_word' id='word_1_45' title='bbox 462 501 523 538; x_wconf 84' lang='lat' dir='ltr'>Ex</span> <span class='ocrx_word' id='word_1_46' title='bbox 551 511 634 550; x_wconf 87' lang='lat' dir='ltr'>quo</span> <span class='ocrx_word' id='word_1_47' title='bbox 662 498 764 534; x_wconf 86' lang='lat' dir='ltr'>scire</span> <span class='ocrx_word' id='word_1_48' title='bbox 791 495 884 534; x_wconf 84' lang='lat' dir='ltr'>licet</span> <span class='ocrx_word' id='word_1_49' title='bbox 904 524 916 544; x_wconf 90' lang='lat'>‚</span> <span class='ocrx_word' id='word_1_50' title='bbox 946 497 1051 548; x_wconf 85' lang='lat' dir='ltr'>patri</span> <span class='ocrx_word' id='word_1_51' title='bbox 1081 496 1204 535; x_wconf 86' lang='lat' dir='ltr'>fuisse</span> <span class='ocrx_word' id='word_1_52' title='bbox 1228 496 1631 549; x_wconf 64' lang='lat' dir='ltr'>carissimum,‹quia</span> <span class='ocrx_word' id='word_1_53' title='bbox 1666 493 1772 536; x_wconf 76' lang='lat' dir='ltr'>filius</span> 
     </span>
     <span class='ocr_line' id='line_1_8' title="bbox 325 550 1418 608; baseline -0.002 -15"><span class='ocrx_word' id='word_1_54' title='bbox 325 556 499 608; x_wconf 88' lang='lat' dir='ltr'>optimus</span> <span class='ocrx_word' id='word_1_55' title='bbox 519 581 530 602; x_wconf 80' lang='lat'>‚</span> <span class='ocrx_word' id='word_1_56' title='bbox 559 558 605 590; x_wconf 91' lang='lat' dir='ltr'>ut</span> <span class='ocrx_word' id='word_1_57' title='bbox 633 552 814 604; x_wconf 90' lang='lat' dir='ltr'>sequitur</span> <span class='ocrx_word' id='word_1_58' title='bbox 841 551 882 588; x_wconf 91' lang='lat' dir='ltr'>in</span> <span class='ocrx_word' id='word_1_59' title='bbox 913 550 1214 590; x_wconf 81' lang='lat' dir='ltr'>Cantacuzeno.</span> <span class='ocrx_word' id='word_1_60' title='bbox 1243 563 1418 592; x_wconf 68' lang='lat' dir='ltr'>ron-rm«.</span> 
     </span>
    </p>

    <p class='ocr_par' dir='ltr' id='par_1_4' title="bbox 307 597 1794 1151">
     <span class='ocr_line' id='line_1_9' title="bbox 435 597 1763 659; baseline -0.002 -13"><span class='ocrx_word' id='word_1_61' title='bbox 435 607 538 659; x_wconf 81' lang='lat' dir='ltr'>Pag.</span> <span class='ocrx_word' id='word_1_62' title='bbox 567 604 631 656; x_wconf 68' lang='grc'>14,</span> <span class='ocrx_word' id='word_1_63' title='bbox 661 620 698 658; x_wconf 87' lang='lat'>7.</span> <span class='ocrx_word' id='word_1_64' title='bbox 726 599 777 643; x_wconf 79' lang='grc' dir='ltr'>οὗ</span> <span class='ocrx_word' id='word_1_65' title='bbox 827 601 909 656; x_wconf 74' lang='grc' dir='ltr'>γάρ</span> <span class='ocrx_word' id='word_1_66' title='bbox 959 597 1091 658; x_wconf 74' lang='grc' dir='ltr'><strong><em>ἄκρας</em></strong></span> <span class='ocrx_word' id='word_1_67' title='bbox 1139 601 1328 655; x_wconf 78' lang='grc' dir='ltr'><strong><em>ἔψαυσεν</em></strong></span> <span class='ocrx_word' id='word_1_68' title='bbox 1381 601 1515 644; x_wconf 55' lang='lat' dir='ltr'>affra&amp;</span> <span class='ocrx_word' id='word_1_69' title='bbox 1573 598 1763 655; x_wconf 70' lang='grc' dir='ltr'>καρδίας.</span> 
     </span>
     <span class='ocr_line' id='line_1_10' title="bbox 324 657 1771 713; baseline -0.005 -11"><span class='ocrx_word' id='word_1_70' title='bbox 324 659 460 702; x_wconf 79' lang='lat' dir='ltr'>Verba</span> <span class='ocrx_word' id='word_1_71' title='bbox 487 667 581 699; x_wconf 86' lang='lat' dir='ltr'>sunt</span> <span class='ocrx_word' id='word_1_72' title='bbox 608 659 765 713; x_wconf 87' lang='lat' dir='ltr'>Ulyssis</span> <span class='ocrx_word' id='word_1_73' title='bbox 794 661 836 697; x_wconf 86' lang='lat' dir='ltr'>in</span> <span class='ocrx_word' id='word_1_74' title='bbox 865 658 1031 699; x_wconf 86' lang='lat' dir='ltr'>Hecuba</span> <span class='ocrx_word' id='word_1_75' title='bbox 1058 659 1280 713; x_wconf 82' lang='lat' dir='ltr'>Euripidis.</span> <span class='ocrx_word' id='word_1_76' title='bbox 1308 659 1506 700; x_wconf 78' lang='lat' dir='ltr'>Autumat</span> <span class='ocrx_word' id='word_1_77' title='bbox 1531 659 1655 708; x_wconf 83' lang='lat' dir='ltr'>enim,</span> <span class='ocrx_word' id='word_1_78' title='bbox 1685 657 1771 696; x_wconf 81' lang='lat' dir='ltr'>He-·:</span> 
     </span>
     <span class='ocr_line' id='line_1_11' title="bbox 325 713 1774 768; baseline -0.001 -13"><span class='ocrx_word' id='word_1_79' title='bbox 325 717 454 756; x_wconf 85' lang='lat' dir='ltr'>cubae</span> <span class='ocrx_word' id='word_1_80' title='bbox 482 715 719 754; x_wconf 82' lang='lat' dir='ltr'>beneficium</span> <span class='ocrx_word' id='word_1_81' title='bbox 752 713 828 753; x_wconf 90' lang='lat' dir='ltr'>sibi</span> <span class='ocrx_word' id='word_1_82' title='bbox 859 727 1023 754; x_wconf 89' lang='lat' dir='ltr'>manere</span> <span class='ocrx_word' id='word_1_83' title='bbox 1050 714 1132 754; x_wconf 83' lang='lat' dir='ltr'>alta</span> <span class='ocrx_word' id='word_1_84' title='bbox 1159 721 1293 754; x_wconf 84' lang='lat' dir='ltr'>mente</span> <span class='ocrx_word' id='word_1_85' title='bbox 1321 720 1538 768; x_wconf 79' lang='lat' dir='ltr'>repostum.</span> <span class='ocrx_word' id='word_1_86' title='bbox 1575 713 1774 755; x_wconf 74' lang='lat' dir='ltr'>Erasmus</span> 
     </span>
     <span class='ocr_line' id='line_1_12' title="bbox 328 768 1769 822; baseline -0.003 -12"><span class='ocrx_word' id='word_1_87' title='bbox 328 772 385 810; x_wconf 84' lang='lat' dir='ltr'>sic</span> <span class='ocrx_word' id='word_1_88' title='bbox 415 771 637 810; x_wconf 84' lang='lat' dir='ltr'>convertit:</span> <span class='ocrx_word' id='word_1_89' title='bbox 691 769 800 809; x_wconf 74' lang='lat' dir='ltr'>haud</span> <span class='ocrx_word' id='word_1_90' title='bbox 837 770 941 808; x_wconf 80' lang='lat' dir='ltr'>enim</span> <span class='ocrx_word' id='word_1_91' title='bbox 966 771 1061 809; x_wconf 77' lang='lat' dir='ltr'>haec</span> <span class='ocrx_word' id='word_1_92' title='bbox 1093 783 1155 809; x_wconf 78' lang='lat' dir='ltr'>res</span> <span class='ocrx_word' id='word_1_93' title='bbox 1197 783 1350 808; x_wconf 78' lang='lat' dir='ltr'>summa</span> <span class='ocrx_word' id='word_1_94' title='bbox 1392 768 1558 808; x_wconf 75' lang='lat' dir='ltr'>strinxit</span> <span class='ocrx_word' id='word_1_95' title='bbox 1585 768 1769 822; x_wconf 76' lang='lat' dir='ltr'>pectoris.</span> 
     </span>
     <span class='ocr_line' id='line_1_13' title="bbox 324 822 1776 879; baseline -0.003 -15"><span class='ocrx_word' id='word_1_96' title='bbox 324 825 390 864; x_wconf 89' lang='lat' dir='ltr'>Ad</span> <span class='ocrx_word' id='word_1_97' title='bbox 411 826 605 868; x_wconf 81' lang='lat' dir='ltr'>verbum:</span> <span class='ocrx_word' id='word_1_98' title='bbox 635 839 714 864; x_wconf 84' lang='lat' dir='ltr'>non</span> <span class='ocrx_word' id='word_1_99' title='bbox 738 825 842 863; x_wconf 78' lang='lat' dir='ltr'>enim</span> <span class='ocrx_word' id='word_1_100' title='bbox 857 838 1044 865; x_wconf 71' lang='lat' dir='ltr'>summum</span> <span class='ocrx_word' id='word_1_101' title='bbox 1072 837 1143 863; x_wconf 90' lang='lat' dir='ltr'>seu</span> <span class='ocrx_word' id='word_1_102' title='bbox 1160 824 1404 879; x_wconf 75' lang='lat' dir='ltr'>superficiem</span> <span class='ocrx_word' id='word_1_103' title='bbox 1426 823 1555 863; x_wconf 51' lang='lat' dir='ltr'>corde</span> <span class='ocrx_word' id='word_1_104' title='bbox 1573 823 1653 861; x_wconf 72' lang='lat' dir='ltr'>eius</span> <span class='ocrx_word' id='word_1_105' title='bbox 1678 822 1776 865; x_wconf 62' lang='lat' dir='ltr'>bono*</span> 
     </span>
     <span class='ocr_line' id='line_1_14' title="bbox 307 876 1769 937; baseline -0.002 -18"><span class='ocrx_word' id='word_1_106' title='bbox 307 882 403 937; x_wconf 78' lang='lat' dir='ltr'>filii</span> <span class='ocrx_word' id='word_1_107' title='bbox 434 895 539 919; x_wconf 75' lang='lat' dir='ltr'>mors</span> <span class='ocrx_word' id='word_1_108' title='bbox 581 881 720 932; x_wconf 77' lang='lat' dir='ltr'>tetigit,</span> <span class='ocrx_word' id='word_1_109' title='bbox 753 879 795 917; x_wconf 91' lang='lat' dir='ltr'>id</span> <span class='ocrx_word' id='word_1_110' title='bbox 824 886 882 917; x_wconf 87' lang='lat' dir='ltr'>est</span> <span class='ocrx_word' id='word_1_111' title='bbox 898 908 910 928; x_wconf 86' lang='lat'>‚</span> <span class='ocrx_word' id='word_1_112' title='bbox 955 880 997 918; x_wconf 88' lang='lat' dir='ltr'>iu</span> <span class='ocrx_word' id='word_1_113' title='bbox 1026 886 1166 932; x_wconf 85' lang='lat' dir='ltr'>pectus</span> <span class='ocrx_word' id='word_1_114' title='bbox 1195 880 1282 918; x_wconf 89' lang='lat' dir='ltr'>eius</span> <span class='ocrx_word' id='word_1_115' title='bbox 1317 891 1438 932; x_wconf 84' lang='lat' dir='ltr'>quam</span> <span class='ocrx_word' id='word_1_116' title='bbox 1475 876 1666 916; x_wconf 78' lang='lat' dir='ltr'><strong>altissime</strong></span> <span class='ocrx_word' id='word_1_117' title='bbox 1693 876 1769 916; x_wconf 77' lang='lat' dir='ltr'>de·-</span> 
     </span>
     <span class='ocr_line' id='line_1_15' title="bbox 326 932 1794 985; baseline -0.003 -11"><span class='ocrx_word' id='word_1_118' title='bbox 326 935 502 985; x_wconf 84' lang='lat' dir='ltr'>scendit‚</span> <span class='ocrx_word' id='word_1_119' title='bbox 535 934 650 973; x_wconf 85' lang='lat' dir='ltr'>dolor</span> <span class='ocrx_word' id='word_1_120' title='bbox 687 932 755 972; x_wconf 92' lang='lat' dir='ltr'>ille</span> <span class='ocrx_word' id='word_1_121' title='bbox 791 932 842 973; x_wconf 88' lang='lat' dir='ltr'>de</span> <span class='ocrx_word' id='word_1_122' title='bbox 875 933 946 972; x_wconf 84' lang='lat' dir='ltr'>filii</span> <span class='ocrx_word' id='word_1_123' title='bbox 984 934 1176 974; x_wconf 80' lang='lat' dir='ltr'>carissimi</span> <span class='ocrx_word' id='word_1_124' title='bbox 1217 933 1333 973; x_wconf 82' lang='lat' dir='ltr'>obitu</span> <span class='ocrx_word' id='word_1_125' title='bbox 1372 946 1442 972; x_wconf 89' lang='lat' dir='ltr'>cor</span> <span class='ocrx_word' id='word_1_126' title='bbox 1469 932 1554 971; x_wconf 85' lang='lat' dir='ltr'>eius</span> <span class='ocrx_word' id='word_1_127' title='bbox 1581 933 1794 975; x_wconf 57' lang='lat' dir='ltr'>intimum}</span> 
     </span>
     <span class='ocr_line' id='line_1_16' title="bbox 326 986 1771 1044; baseline -0.002 -15"><span class='ocrx_word' id='word_1_128' title='bbox 326 990 566 1044; x_wconf 87' lang='lat' dir='ltr'>penetravit.</span> <span class='ocrx_word' id='word_1_129' title='bbox 623 990 883 1037; x_wconf 75' lang='lat' dir='ltr'>Germanice,</span> <span class='ocrx_word' id='word_1_130' title='bbox 925 988 986 1027; x_wconf 86' lang='lat' dir='ltr'>Es</span> <span class='ocrx_word' id='word_1_131' title='bbox 1008 990 1060 1029; x_wconf 79' lang='lat' dir='ltr'>ist</span> <span class='ocrx_word' id='word_1_132' title='bbox 1082 990 1163 1029; x_wconf 72' lang='lat' dir='ltr'>ihm</span> <span class='ocrx_word' id='word_1_133' title='bbox 1193 986 1291 1041; x_wconf 68' lang='lat' dir='ltr'>tieff&#39;</span> <span class='ocrx_word' id='word_1_134' title='bbox 1309 1002 1358 1027; x_wconf 81' lang='lat' dir='ltr'>zu</span> <span class='ocrx_word' id='word_1_135' title='bbox 1387 986 1563 1027; x_wconf 62' lang='lat' dir='ltr'>Hermen</span> <span class='ocrx_word' id='word_1_136' title='bbox 1599 1000 1771 1042; x_wconf 63' lang='lat' dir='ltr'>gangen,</span> 
     </span>
     <span class='ocr_line' id='line_1_17' title="bbox 327 1040 1772 1098; baseline -0.001 -15"><span class='ocrx_word' id='word_1_137' title='bbox 327 1051 397 1084; x_wconf 84' lang='lat' dir='ltr'>aut</span> <span class='ocrx_word' id='word_1_138' title='bbox 437 1040 800 1098; x_wconf 74' lang='grc' dir='ltr'><strong><em>ἐμφατικώτερον,</em></strong></span> <span class='ocrx_word' id='word_1_139' title='bbox 841 1043 915 1083; x_wconf 77' lang='lat' dir='ltr'>das</span> <span class='ocrx_word' id='word_1_140' title='bbox 948 1058 1081 1096; x_wconf 71' lang='lat' dir='ltr'>grosse</span> <span class='ocrx_word' id='word_1_141' title='bbox 1122 1043 1212 1082; x_wconf 78' lang='lat' dir='ltr'>laid</span> <span class='ocrx_word' id='word_1_142' title='bbox 1227 1045 1299 1084; x_wconf 73' lang='lat' dir='ltr'>hat</span> <span class='ocrx_word' id='word_1_143' title='bbox 1319 1043 1408 1082; x_wconf 75' lang='lat' dir='ltr'>dem</span> <span class='ocrx_word' id='word_1_144' title='bbox 1428 1051 1544 1096; x_wconf 71' lang='lat' dir='ltr'>guten</span> <span class='ocrx_word' id='word_1_145' title='bbox 1563 1043 1671 1083; x_wconf 73' lang='lat' dir='ltr'>accen</span> <span class='ocrx_word' id='word_1_146' title='bbox 1685 1043 1772 1086; x_wconf 75' lang='lat' dir='ltr'>sein</span> 
     </span>
     <span class='ocr_line' id='line_1_18' title="bbox 327 1098 1777 1151; baseline -0.003 -12"><span class='ocrx_word' id='word_1_147' title='bbox 327 1100 475 1147; x_wconf 78' lang='lat' dir='ltr'>Hertz,</span> <span class='ocrx_word' id='word_1_148' title='bbox 503 1100 588 1138; x_wconf 79' lang='lat' dir='ltr'>sein</span> <span class='ocrx_word' id='word_1_149' title='bbox 617 1098 708 1138; x_wconf 80' lang='lat' dir='ltr'>Seel</span> <span class='ocrx_word' id='word_1_150' title='bbox 728 1098 1029 1151; x_wconf 74' lang='lat' dir='ltr'>dzcrehtrungen.</span> <span class='ocrx_word' id='word_1_151' title='bbox 1060 1111 1234 1141; x_wconf 65' lang='lat' dir='ltr'>Formi«.</span> <span class='ocrx_word' id='word_1_152' title='bbox 1658 1124 1660 1127; x_wconf 88' lang='lat'><em>-</em></span> <span class='ocrx_word' id='word_1_153' title='bbox 1774 1125 1777 1129; x_wconf 82' lang='grc'><strong>-</strong></span> 
     </span>
    </p>

    <p class='ocr_par' dir='ltr' id='par_1_5' title="bbox 325 1149 1783 1756">
     <span class='ocr_line' id='line_1_19' title="bbox 436 1149 1773 1208; baseline -0.001 -14"><span class='ocrx_word' id='word_1_154' title='bbox 436 1154 540 1207; x_wconf 76' lang='lat' dir='ltr'>Pag.</span> <span class='ocrx_word' id='word_1_155' title='bbox 578 1153 640 1202; x_wconf 69' lang='lat'>14,</span> <span class='ocrx_word' id='word_1_156' title='bbox 671 1167 716 1208; x_wconf 89' lang='lat'>9.</span> <span class='ocrx_word' id='word_1_157' title='bbox 772 1153 856 1193; x_wconf 68' lang='grc' dir='ltr'>τῶν</span> <span class='ocrx_word' id='word_1_158' title='bbox 881 1151 1170 1205; x_wconf 80' lang='grc' dir='ltr'><em>ε’ξητασμένων</em></span> <span class='ocrx_word' id='word_1_159' title='bbox 1196 1149 1268 1192; x_wconf 71' lang='grc' dir='ltr'>ἐπὶ</span> <span class='ocrx_word' id='word_1_160' title='bbox 1298 1152 1456 1208; x_wconf 70' lang='grc' dir='ltr'><strong><em>φθορᾷ.</em></strong></span> <span class='ocrx_word' id='word_1_161' title='bbox 1511 1151 1578 1193; x_wconf 77' lang='lat' dir='ltr'>De</span> <span class='ocrx_word' id='word_1_162' title='bbox 1605 1165 1773 1192; x_wconf 72' lang='lat' dir='ltr'>numeru</span> 
     </span>
     <span class='ocr_line' id='line_1_20' title="bbox 326 1207 1773 1263; baseline 0.001 -16"><span class='ocrx_word' id='word_1_163' title='bbox 326 1222 457 1247; x_wconf 81' lang='lat' dir='ltr'>eor-um</span> <span class='ocrx_word' id='word_1_164' title='bbox 471 1238 483 1256; x_wconf 93' lang='lat'>‚</span> <span class='ocrx_word' id='word_1_165' title='bbox 510 1207 582 1263; x_wconf 75' lang='lat' dir='ltr'>qui</span> <span class='ocrx_word' id='word_1_166' title='bbox 598 1208 641 1247; x_wconf 86' lang='lat' dir='ltr'>in</span> <span class='ocrx_word' id='word_1_167' title='bbox 658 1208 832 1248; x_wconf 83' lang='lat' dir='ltr'>nocendo</span> <span class='ocrx_word' id='word_1_168' title='bbox 855 1209 1078 1247; x_wconf 67' lang='lat' dir='ltr'>hominibus·</span> <span class='ocrx_word' id='word_1_169' title='bbox 1106 1221 1223 1262; x_wconf 82' lang='lat' dir='ltr'><strong><em>saepe</em></strong></span> <span class='ocrx_word' id='word_1_170' title='bbox 1257 1219 1409 1261; x_wconf 84' lang='lat' dir='ltr'>magna</span> <span class='ocrx_word' id='word_1_171' title='bbox 1439 1207 1669 1248; x_wconf 71' lang='lat' dir='ltr'>doeunoenta</span> <span class='ocrx_word' id='word_1_172' title='bbox 1696 1207 1773 1247; x_wconf 74' lang='lat' dir='ltr'>de·-</span> 
     </span>
     <span class='ocr_line' id='line_1_21' title="bbox 325 1263 1770 1318; baseline 0 -17"><span class='ocrx_word' id='word_1_173' title='bbox 325 1263 467 1302; x_wconf 77' lang='lat' dir='ltr'>derunt</span> <span class='ocrx_word' id='word_1_174' title='bbox 480 1293 492 1311; x_wconf 87' lang='lat'>,</span> <span class='ocrx_word' id='word_1_175' title='bbox 533 1269 604 1302; x_wconf 82' lang='lat' dir='ltr'>aut</span> <span class='ocrx_word' id='word_1_176' title='bbox 635 1264 718 1303; x_wconf 87' lang='lat' dir='ltr'>sic:</span> <span class='ocrx_word' id='word_1_177' title='bbox 756 1276 923 1318; x_wconf 77' lang='lat' dir='ltr'>quorum</span> <span class='ocrx_word' id='word_1_178' title='bbox 942 1263 1186 1302; x_wconf 77' lang='lat' dir='ltr'>detrimentis</span> <span class='ocrx_word' id='word_1_179' title='bbox 1213 1263 1392 1302; x_wconf 76' lang='lat' dir='ltr'>humano</span> <span class='ocrx_word' id='word_1_180' title='bbox 1423 1265 1558 1316; x_wconf 82' lang='lat' dir='ltr'>generi</span> <span class='ocrx_word' id='word_1_181' title='bbox 1595 1264 1770 1316; x_wconf 55' lang='lat' dir='ltr'>inferen-</span> 
     </span>
     <span class='ocr_line' id='line_1_22' title="bbox 326 1317 1775 1374; baseline -0.002 -15"><span class='ocrx_word' id='word_1_182' title='bbox 326 1317 389 1359; x_wconf 77' lang='lat' dir='ltr'>dis</span> <span class='ocrx_word' id='word_1_183' title='bbox 432 1319 516 1357; x_wconf 83' lang='lat' dir='ltr'>iam</span> <span class='ocrx_word' id='word_1_184' title='bbox 547 1318 678 1357; x_wconf 80' lang='lat' dir='ltr'>multis</span> <span class='ocrx_word' id='word_1_185' title='bbox 723 1319 1004 1373; x_wconf 69' lang='lat' dir='ltr'>experimentis</span> <span class='ocrx_word' id='word_1_186' title='bbox 1047 1319 1224 1373; x_wconf 75' lang='lat' dir='ltr'>probata</span> <span class='ocrx_word' id='word_1_187' title='bbox 1277 1326 1316 1358; x_wconf 81' lang='lat' dir='ltr'>et</span> <span class='ocrx_word' id='word_1_188' title='bbox 1353 1319 1562 1374; x_wconf 76' lang='lat' dir='ltr'>explorate</span> <span class='ocrx_word' id='word_1_189' title='bbox 1611 1317 1775 1371; x_wconf 76' lang='lat' dir='ltr'>cognita</span> 
     </span>
     <span class='ocr_line' id='line_1_23' title="bbox 327 1372 1771 1426; baseline 0 -15"><span class='ocrx_word' id='word_1_190' title='bbox 327 1382 382 1411; x_wconf 76' lang='lat' dir='ltr'>est</span> <span class='ocrx_word' id='word_1_191' title='bbox 400 1374 638 1426; x_wconf 48' lang='lat' dir='ltr'>malignitas.</span> <span class='ocrx_word' id='word_1_192' title='bbox 694 1372 850 1412; x_wconf 87' lang='lat' dir='ltr'>Scimus</span> <span class='ocrx_word' id='word_1_193' title='bbox 866 1401 878 1422; x_wconf 90' lang='lat'>,</span> <span class='ocrx_word' id='word_1_194' title='bbox 908 1373 1122 1412; x_wconf 88' lang='lat' dir='ltr'>daemones</span> <span class='ocrx_word' id='word_1_195' title='bbox 1150 1372 1362 1412; x_wconf 88' lang='lat' dir='ltr'>hominum</span> <span class='ocrx_word' id='word_1_196' title='bbox 1391 1387 1476 1413; x_wconf 84' lang='lat' dir='ltr'>esse</span> <span class='ocrx_word' id='word_1_197' title='bbox 1506 1373 1638 1412; x_wconf 82' lang='lat' dir='ltr'>hostes</span> <span class='ocrx_word' id='word_1_198' title='bbox 1665 1386 1771 1412; x_wconf 56' lang='lat' dir='ltr'>semu</span> 
     </span>
     <span class='ocr_line' id='line_1_24' title="bbox 328 1426 1770 1481; baseline 0.001 -16"><span class='ocrx_word' id='word_1_199' title='bbox 328 1428 501 1480; x_wconf 83' lang='lat' dir='ltr'>piternos</span> <span class='ocrx_word' id='word_1_200' title='bbox 525 1457 538 1478; x_wconf 85' lang='lat'><strong>‚</strong></span> <span class='ocrx_word' id='word_1_201' title='bbox 576 1427 700 1481; x_wconf 88' lang='lat' dir='ltr'>idque</span> <span class='ocrx_word' id='word_1_202' title='bbox 750 1442 796 1467; x_wconf 87' lang='lat' dir='ltr'>ex</span> <span class='ocrx_word' id='word_1_203' title='bbox 823 1428 1047 1467; x_wconf 82' lang='lat' dir='ltr'>incredibili</span> <span class='ocrx_word' id='word_1_204' title='bbox 1070 1428 1245 1481; x_wconf 88' lang='lat' dir='ltr'>quadam</span> <span class='ocrx_word' id='word_1_205' title='bbox 1276 1426 1447 1467; x_wconf 86' lang='lat' dir='ltr'>invidia.</span> <span class='ocrx_word' id='word_1_206' title='bbox 1499 1428 1578 1466; x_wconf 91' lang='lat' dir='ltr'>Sed</span> <span class='ocrx_word' id='word_1_207' title='bbox 1606 1428 1770 1466; x_wconf 87' lang='lat' dir='ltr'>histori-</span> 
     </span>
     <span class='ocr_line' id='line_1_25' title="bbox 331 1482 1778 1537; baseline 0.001 -16"><span class='ocrx_word' id='word_1_208' title='bbox 331 1496 402 1521; x_wconf 85' lang='lat' dir='ltr'>cus</span> <span class='ocrx_word' id='word_1_209' title='bbox 438 1484 557 1522; x_wconf 87' lang='lat' dir='ltr'>sentit</span> <span class='ocrx_word' id='word_1_210' title='bbox 576 1514 589 1534; x_wconf 86' lang='lat'>‚</span> <span class='ocrx_word' id='word_1_211' title='bbox 627 1482 831 1536; x_wconf 83' lang='lat' dir='ltr'>quoddam</span> <span class='ocrx_word' id='word_1_212' title='bbox 858 1498 940 1522; x_wconf 90' lang='lat' dir='ltr'>esse</span> <span class='ocrx_word' id='word_1_213' title='bbox 971 1498 1122 1537; x_wconf 84' lang='lat' dir='ltr'>genus,</span> <span class='ocrx_word' id='word_1_214' title='bbox 1154 1484 1220 1522; x_wconf 90' lang='lat' dir='ltr'>cui</span> <span class='ocrx_word' id='word_1_215' title='bbox 1258 1496 1403 1522; x_wconf 85' lang='lat' dir='ltr'>nocere</span> <span class='ocrx_word' id='word_1_216' title='bbox 1433 1482 1664 1522; x_wconf 89' lang='lat' dir='ltr'>hominibus</span> <span class='ocrx_word' id='word_1_217' title='bbox 1694 1496 1778 1535; x_wconf 58' lang='lat' dir='ltr'>pen</span> 
     </span>
     <span class='ocr_line' id='line_1_26' title="bbox 328 1536 1779 1591; baseline 0 -16"><span class='ocrx_word' id='word_1_218' title='bbox 328 1536 571 1577; x_wconf 81' lang='lat' dir='ltr'>calamitates</span> <span class='ocrx_word' id='word_1_219' title='bbox 601 1539 779 1591; x_wconf 85' lang='lat' dir='ltr'>ingentes</span> <span class='ocrx_word' id='word_1_220' title='bbox 807 1537 1046 1591; x_wconf 83' lang='lat' dir='ltr'>palmarium</span> <span class='ocrx_word' id='word_1_221' title='bbox 1072 1545 1156 1578; x_wconf 84' lang='lat' dir='ltr'>est:</span> <span class='ocrx_word' id='word_1_222' title='bbox 1185 1536 1347 1590; x_wconf 84' lang='lat' dir='ltr'>quales,</span> <span class='ocrx_word' id='word_1_223' title='bbox 1377 1538 1548 1591; x_wconf 82' lang='lat' dir='ltr'>opinor,</span> <span class='ocrx_word' id='word_1_224' title='bbox 1583 1538 1640 1588; x_wconf 87' lang='lat' dir='ltr'>ii,</span> <span class='ocrx_word' id='word_1_225' title='bbox 1675 1539 1779 1590; x_wconf 66' lang='lat' dir='ltr'>qui-⁴</span> 
     </span>
     <span class='ocr_line' id='line_1_27' title="bbox 328 1591 1783 1647; baseline 0.001 -17"><span class='ocrx_word' id='word_1_226' title='bbox 328 1591 404 1630; x_wconf 79' lang='lat' dir='ltr'>hus</span> <span class='ocrx_word' id='word_1_227' title='bbox 444 1591 702 1632; x_wconf 79' lang='lat' dir='ltr'>mulierculae</span> <span class='ocrx_word' id='word_1_228' title='bbox 729 1608 846 1647; x_wconf 82' lang='lat' dir='ltr'>sagae</span> <span class='ocrx_word' id='word_1_229' title='bbox 870 1608 940 1633; x_wconf 89' lang='lat' dir='ltr'>seu</span> <span class='ocrx_word' id='word_1_230' title='bbox 969 1594 1167 1634; x_wconf 81' lang='lat' dir='ltr'>veneficae</span> <span class='ocrx_word' id='word_1_231' title='bbox 1194 1599 1300 1631; x_wconf 85' lang='lat' dir='ltr'>totas</span> <span class='ocrx_word' id='word_1_232' title='bbox 1331 1607 1372 1632; x_wconf 87' lang='lat' dir='ltr'>se</span> <span class='ocrx_word' id='word_1_233' title='bbox 1402 1599 1650 1632; x_wconf 87' lang='lat' dir='ltr'>consecrant.</span> <span class='ocrx_word' id='word_1_234' title='bbox 1702 1592 1783 1631; x_wconf 71' lang='lat' dir='ltr'>Ah‘</span> 
     </span>
     <span class='ocr_line' id='line_1_28' title="bbox 328 1645 1780 1703; baseline 0.001 -18"><span class='ocrx_word' id='word_1_235' title='bbox 328 1645 407 1686; x_wconf 80' lang='lat' dir='ltr'>illis</span> <span class='ocrx_word' id='word_1_236' title='bbox 427 1650 533 1686; x_wconf 89' lang='lat' dir='ltr'>enim</span> <span class='ocrx_word' id='word_1_237' title='bbox 560 1662 641 1701; x_wconf 89' lang='lat' dir='ltr'>qua</span> <span class='ocrx_word' id='word_1_238' title='bbox 668 1650 822 1701; x_wconf 82' lang='lat' dir='ltr'>privata</span> <span class='ocrx_word' id='word_1_239' title='bbox 839 1678 852 1696; x_wconf 92' lang='lat'><strong>‚</strong></span> <span class='ocrx_word' id='word_1_240' title='bbox 895 1663 975 1702; x_wconf 87' lang='lat' dir='ltr'>qua</span> <span class='ocrx_word' id='word_1_241' title='bbox 1002 1648 1163 1703; x_wconf 87' lang='lat' dir='ltr'>publica</span> <span class='ocrx_word' id='word_1_242' title='bbox 1188 1647 1337 1690; x_wconf 83' lang='lat' dir='ltr'>damna</span> <span class='ocrx_word' id='word_1_243' title='bbox 1365 1649 1664 1703; x_wconf 80' lang='lat' dir='ltr'>perniciemque</span> <span class='ocrx_word' id='word_1_244' title='bbox 1690 1646 1780 1686; x_wconf 77' lang='lat' dir='ltr'>ho·-</span> 
     </span>
     <span class='ocr_line' id='line_1_29' title="bbox 332 1702 1196 1756; baseline 0.001 -15"><span class='ocrx_word' id='word_1_245' title='bbox 332 1702 509 1742; x_wconf 84' lang='lat' dir='ltr'>minibus</span> <span class='ocrx_word' id='word_1_246' title='bbox 537 1702 631 1742; x_wconf 83' lang='lat' dir='ltr'>dare</span> <span class='ocrx_word' id='word_1_247' title='bbox 659 1702 967 1756; x_wconf 85' lang='lat' dir='ltr'>compelluntur.</span> <span class='ocrx_word' id='word_1_248' title='bbox 1024 1716 1196 1744; x_wconf 67' lang='lat' dir='ltr'>Pon‘rAN.</span> 
     </span>
    </p>

    <p class='ocr_par' dir='ltr' id='par_1_6' title="bbox 329 1757 1779 2569">
     <span class='ocr_line' id='line_1_30' title="bbox 436 1757 1773 1812; baseline 0.001 -16"><span class='ocrx_word' id='word_1_249' title='bbox 436 1758 543 1812; x_wconf 81' lang='lat' dir='ltr'>Pag.</span> <span class='ocrx_word' id='word_1_250' title='bbox 564 1757 624 1810; x_wconf 75' lang='grc'>14,</span> <span class='ocrx_word' id='word_1_251' title='bbox 648 1771 706 1801; x_wconf 85' lang='grc' dir='ltr'>ιο.</span> <span class='ocrx_word' id='word_1_252' title='bbox 755 1759 1102 1798; x_wconf 71' lang='lat' dir='ltr'>Romanorum</span> <span class='ocrx_word' id='word_1_253' title='bbox 1133 1758 1352 1810; x_wconf 83' lang='lat' dir='ltr'>felieza</span> <span class='ocrx_word' id='word_1_254' title='bbox 1403 1767 1645 1812; x_wconf 80' lang='lat' dir='ltr'>tempor-a.</span> <span class='ocrx_word' id='word_1_255' title='bbox 1722 1757 1773 1797; x_wconf 79' lang='lat' dir='ltr'>In</span> 
     </span>
     <span class='ocr_line' id='line_1_31' title="bbox 329 1812 1766 1867; baseline 0.001 -17"><span class='ocrx_word' id='word_1_256' title='bbox 329 1812 494 1851; x_wconf 84' lang='lat' dir='ltr'>historia</span> <span class='ocrx_word' id='word_1_257' title='bbox 537 1813 756 1867; x_wconf 82' lang='lat' dir='ltr'>Byzantina</span> <span class='ocrx_word' id='word_1_258' title='bbox 797 1813 977 1853; x_wconf 84' lang='lat' dir='ltr'>rudiores</span> <span class='ocrx_word' id='word_1_259' title='bbox 1023 1814 1112 1853; x_wconf 88' lang='lat' dir='ltr'>illos</span> <span class='ocrx_word' id='word_1_260' title='bbox 1158 1827 1321 1866; x_wconf 82' lang='lat' dir='ltr'>quoque</span> <span class='ocrx_word' id='word_1_261' title='bbox 1349 1813 1564 1853; x_wconf 79' lang='lat' dir='ltr'>orientales</span> <span class='ocrx_word' id='word_1_262' title='bbox 1596 1813 1766 1866; x_wconf 85' lang='lat' dir='ltr'>populos</span> 
     </span>
     <span class='ocr_line' id='line_1_32' title="bbox 330 1867 1779 1922; baseline 0.001 -18"><span class='ocrx_word' id='word_1_263' title='bbox 330 1867 554 1922; x_wconf 84' lang='lat' dir='ltr'>intelligant</span> <span class='ocrx_word' id='word_1_264' title='bbox 594 1869 798 1907; x_wconf 79' lang='lat' dir='ltr'>Romanos</span> <span class='ocrx_word' id='word_1_265' title='bbox 840 1869 1001 1919; x_wconf 86' lang='lat' dir='ltr'>vocari,</span> <span class='ocrx_word' id='word_1_266' title='bbox 1042 1875 1081 1908; x_wconf 87' lang='lat' dir='ltr'>et</span> <span class='ocrx_word' id='word_1_267' title='bbox 1111 1870 1323 1922; x_wconf 84' lang='lat' dir='ltr'>imperium</span> <span class='ocrx_word' id='word_1_268' title='bbox 1349 1868 1450 1908; x_wconf 90' lang='lat' dir='ltr'>illud</span> <span class='ocrx_word' id='word_1_269' title='bbox 1478 1869 1703 1908; x_wconf 87' lang='lat' dir='ltr'>Romanum</span> <span class='ocrx_word' id='word_1_270' title='bbox 1732 1875 1779 1906; x_wconf 83' lang='lat' dir='ltr'>et·</span> 
     </span>
     <span class='ocr_line' id='line_1_33' title="bbox 329 1923 1774 1978; baseline 0.002 -19"><span class='ocrx_word' id='word_1_271' title='bbox 329 1923 588 1974; x_wconf 82' lang='lat' dir='ltr'>imperatores</span> <span class='ocrx_word' id='word_1_272' title='bbox 611 1924 830 1974; x_wconf 81' lang='lat' dir='ltr'>Romanos,</span> <span class='ocrx_word' id='word_1_273' title='bbox 855 1938 902 1964; x_wconf 73' lang='lat' dir='ltr'>ex</span> <span class='ocrx_word' id='word_1_274' title='bbox 930 1938 1011 1977; x_wconf 88' lang='lat' dir='ltr'>quo</span> <span class='ocrx_word' id='word_1_275' title='bbox 1027 1923 1312 1962; x_wconf 85' lang='lat' dir='ltr'>Constantinus</span> <span class='ocrx_word' id='word_1_276' title='bbox 1345 1938 1529 1978; x_wconf 80' lang='lat' dir='ltr'>magnus,</span> <span class='ocrx_word' id='word_1_277' title='bbox 1547 1925 1774 1962; x_wconf 83' lang='lat' dir='ltr'>eommunis</span> 
     </span>
     <span class='ocr_line' id='line_1_34' title="bbox 329 1977 1772 2032; baseline 0.002 -18"><span class='ocrx_word' id='word_1_278' title='bbox 329 1977 492 2015; x_wconf 84' lang='lat' dir='ltr'>orientis</span> <span class='ocrx_word' id='word_1_279' title='bbox 518 1985 559 2016; x_wconf 83' lang='lat' dir='ltr'>et</span> <span class='ocrx_word' id='word_1_280' title='bbox 585 1978 801 2018; x_wconf 84' lang='lat' dir='ltr'>occidentis</span> <span class='ocrx_word' id='word_1_281' title='bbox 826 1980 1179 2032; x_wconf 78' lang='lat' dir='ltr'>Romanorumque</span> <span class='ocrx_word' id='word_1_282' title='bbox 1224 1979 1466 2031; x_wconf 83' lang='lat' dir='ltr'>imperator,</span> <span class='ocrx_word' id='word_1_283' title='bbox 1503 1979 1638 2019; x_wconf 77' lang='lat' dir='ltr'>sedem</span> <span class='ocrx_word' id='word_1_284' title='bbox 1657 1979 1772 2019; x_wconf 83' lang='lat' dir='ltr'>Con-</span> 
     </span>
     <span class='ocr_line' id='line_1_35' title="bbox 334 2032 1777 2087; baseline 0.003 -20"><span class='ocrx_word' id='word_1_285' title='bbox 334 2032 590 2084; x_wconf 83' lang='lat' dir='ltr'>stantinopoli</span> <span class='ocrx_word' id='word_1_286' title='bbox 618 2035 779 2086; x_wconf 80' lang='lat' dir='ltr'>posuit,</span> <span class='ocrx_word' id='word_1_287' title='bbox 807 2041 848 2072; x_wconf 89' lang='lat' dir='ltr'>et</span> <span class='ocrx_word' id='word_1_288' title='bbox 881 2049 926 2073; x_wconf 90' lang='lat' dir='ltr'>ex</span> <span class='ocrx_word' id='word_1_289' title='bbox 954 2049 1004 2073; x_wconf 91' lang='lat' dir='ltr'>eo</span> <span class='ocrx_word' id='word_1_290' title='bbox 1024 2033 1163 2073; x_wconf 87' lang='lat' dir='ltr'>Italica</span> <span class='ocrx_word' id='word_1_291' title='bbox 1180 2034 1309 2072; x_wconf 88' lang='lat' dir='ltr'>Roma</span> <span class='ocrx_word' id='word_1_292' title='bbox 1340 2041 1546 2087; x_wconf 86' lang='lat' dir='ltr'>tamquam</span> <span class='ocrx_word' id='word_1_293' title='bbox 1575 2034 1777 2074; x_wconf 80' lang='lat' dir='ltr'>coloniam-</span> 
     </span>
     <span class='ocr_line' id='line_1_36' title="bbox 332 2084 1772 2142; baseline 0.003 -20"><span class='ocrx_word' id='word_1_294' title='bbox 332 2084 494 2139; x_wconf 77' lang='lat' dir='ltr'>deduxit</span> <span class='ocrx_word' id='word_1_295' title='bbox 511 2116 522 2134; x_wconf 92' lang='lat'>‚</span> <span class='ocrx_word' id='word_1_296' title='bbox 555 2101 676 2140; x_wconf 86' lang='lat' dir='ltr'>quam</span> <span class='ocrx_word' id='word_1_297' title='bbox 697 2096 737 2127; x_wconf 89' lang='lat' dir='ltr'>et</span> <span class='ocrx_word' id='word_1_298' title='bbox 757 2102 903 2127; x_wconf 86' lang='lat' dir='ltr'>novam</span> <span class='ocrx_word' id='word_1_299' title='bbox 925 2090 1096 2128; x_wconf 87' lang='lat' dir='ltr'>Romam</span> <span class='ocrx_word' id='word_1_300' title='bbox 1122 2090 1222 2127; x_wconf 85' lang='lat' dir='ltr'>dixit</span> <span class='ocrx_word' id='word_1_301' title='bbox 1239 2118 1251 2140; x_wconf 85' lang='lat'>,</span> <span class='ocrx_word' id='word_1_302' title='bbox 1282 2095 1321 2128; x_wconf 87' lang='lat' dir='ltr'>et</span> <span class='ocrx_word' id='word_1_303' title='bbox 1349 2090 1404 2127; x_wconf 88' lang='lat' dir='ltr'>sic</span> <span class='ocrx_word' id='word_1_304' title='bbox 1429 2090 1574 2142; x_wconf 84' lang='lat' dir='ltr'>passim</span> <span class='ocrx_word' id='word_1_305' title='bbox 1603 2090 1772 2127; x_wconf 80' lang='lat' dir='ltr'>aGrae·</span> 
     </span>
     <span class='ocr_line' id='line_1_37' title="bbox 332 2139 1775 2196; baseline 0.003 -19"><span class='ocrx_word' id='word_1_306' title='bbox 332 2141 390 2178; x_wconf 88' lang='lat' dir='ltr'>cis</span> <span class='ocrx_word' id='word_1_307' title='bbox 416 2142 675 2193; x_wconf 87' lang='lat' dir='ltr'>scriptoribus</span> <span class='ocrx_word' id='word_1_308' title='bbox 703 2143 928 2196; x_wconf 85' lang='lat' dir='ltr'>appellatur</span> <span class='ocrx_word' id='word_1_309' title='bbox 965 2144 1040 2184; x_wconf 78' lang='grc' dir='ltr'>νέα</span> <span class='ocrx_word' id='word_1_310' title='bbox 1062 2139 1200 2196; x_wconf 74' lang='grc' dir='ltr'>Ῥώμη</span> <span class='ocrx_word' id='word_1_311' title='bbox 1217 2174 1228 2194; x_wconf 83' lang='grc'>,</span> <span class='ocrx_word' id='word_1_312' title='bbox 1268 2151 1313 2182; x_wconf 88' lang='lat' dir='ltr'>ut</span> <span class='ocrx_word' id='word_1_313' title='bbox 1339 2144 1408 2182; x_wconf 87' lang='lat' dir='ltr'>illa</span> <span class='ocrx_word' id='word_1_314' title='bbox 1434 2144 1560 2182; x_wconf 88' lang='lat' dir='ltr'>altera</span> <span class='ocrx_word' id='word_1_315' title='bbox 1590 2144 1775 2196; x_wconf 65' lang='grc' dir='ltr'>πρεσβυ-</span> 
     </span>
     <span class='ocr_line' id='line_1_38' title="bbox 333 2190 1770 2252; baseline -0.001 -15"><span class='ocrx_word' id='word_1_316' title='bbox 333 2193 435 2245; x_wconf 74' lang='grc' dir='ltr'><em>τέρα</em></span> <span class='ocrx_word' id='word_1_317' title='bbox 457 2190 596 2248; x_wconf 72' lang='grc' dir='ltr'>Ῥώμη</span> <span class='ocrx_word' id='word_1_318' title='bbox 616 2227 628 2247; x_wconf 86' lang='lat'>,</span> <span class='ocrx_word' id='word_1_319' title='bbox 673 2199 846 2252; x_wconf 88' lang='lat' dir='ltr'>indeque</span> <span class='ocrx_word' id='word_1_320' title='bbox 887 2214 929 2238; x_wconf 91' lang='lat' dir='ltr'>se</span> <span class='ocrx_word' id='word_1_321' title='bbox 962 2200 1105 2238; x_wconf 84' lang='lat' dir='ltr'>Graeci</span> <span class='ocrx_word' id='word_1_322' title='bbox 1128 2195 1384 2248; x_wconf 72' lang='grc' dir='ltr'><em>Ῥωμαώυς,</em></span> <span class='ocrx_word' id='word_1_323' title='bbox 1427 2198 1599 2252; x_wconf 88' lang='lat' dir='ltr'>populos</span> <span class='ocrx_word' id='word_1_324' title='bbox 1635 2206 1770 2243; x_wconf 81' lang='lat' dir='ltr'>autem</span> 
     </span>
     <span class='ocr_line' id='line_1_39' title="bbox 334 2248 1768 2308; baseline 0.005 -23"><span class='ocrx_word' id='word_1_325' title='bbox 334 2248 548 2288; x_wconf 87' lang='lat' dir='ltr'>occidentis</span> <span class='ocrx_word' id='word_1_326' title='bbox 573 2252 788 2300; x_wconf 81' lang='grc' dir='ltr'><strong><em>Λατίνους</em></strong></span> <span class='ocrx_word' id='word_1_327' title='bbox 827 2261 867 2293; x_wconf 88' lang='lat' dir='ltr'>et</span> <span class='ocrx_word' id='word_1_328' title='bbox 899 2251 1119 2305; x_wconf 79' lang='grc' dir='ltr'><em>Φράγκους</em></span> <span class='ocrx_word' id='word_1_329' title='bbox 1147 2253 1346 2306; x_wconf 83' lang='lat' dir='ltr'>appellare</span> <span class='ocrx_word' id='word_1_330' title='bbox 1375 2261 1610 2308; x_wconf 83' lang='lat' dir='ltr'>coeperunt.</span> <span class='ocrx_word' id='word_1_331' title='bbox 1667 2254 1768 2292; x_wconf 88' lang='lat' dir='ltr'>suc-</span> 
     </span>
     <span class='ocr_line' id='line_1_40' title="bbox 334 2308 1773 2361; baseline 0.003 -20"><span class='ocrx_word' id='word_1_332' title='bbox 334 2316 508 2343; x_wconf 84' lang='lat' dir='ltr'>cessores</span> <span class='ocrx_word' id='word_1_333' title='bbox 537 2319 656 2356; x_wconf 82' lang='lat' dir='ltr'>porro</span> <span class='ocrx_word' id='word_1_334' title='bbox 684 2308 937 2349; x_wconf 87' lang='lat' dir='ltr'>Constantini</span> <span class='ocrx_word' id='word_1_335' title='bbox 965 2309 1041 2348; x_wconf 88' lang='lat' dir='ltr'>hoe</span> <span class='ocrx_word' id='word_1_336' title='bbox 1069 2323 1229 2358; x_wconf 90' lang='lat' dir='ltr'>nomen,</span> <span class='ocrx_word' id='word_1_337' title='bbox 1259 2316 1304 2346; x_wconf 87' lang='lat' dir='ltr'>ut</span> <span class='ocrx_word' id='word_1_338' title='bbox 1330 2308 1562 2361; x_wconf 84' lang='lat' dir='ltr'>gloriosum,</span> <span class='ocrx_word' id='word_1_339' title='bbox 1595 2308 1670 2347; x_wconf 91' lang='lat' dir='ltr'>sibi</span> <span class='ocrx_word' id='word_1_340' title='bbox 1703 2323 1773 2347; x_wconf 86' lang='lat' dir='ltr'>su-</span> 
     </span>
     <span class='ocr_line' id='line_1_41' title="bbox 334 2358 1775 2418; baseline 0.005 -24"><span class='ocrx_word' id='word_1_341' title='bbox 334 2358 448 2409; x_wconf 81' lang='lat' dir='ltr'>isque</span> <span class='ocrx_word' id='word_1_342' title='bbox 483 2360 734 2401; x_wconf 86' lang='lat' dir='ltr'>retinuerunt</span> <span class='ocrx_word' id='word_1_343' title='bbox 771 2372 811 2403; x_wconf 86' lang='lat' dir='ltr'>et</span> <span class='ocrx_word' id='word_1_344' title='bbox 849 2379 890 2404; x_wconf 90' lang='lat' dir='ltr'>se</span> <span class='ocrx_word' id='word_1_345' title='bbox 917 2379 1078 2418; x_wconf 83' lang='lat' dir='ltr'>quoque</span> <span class='ocrx_word' id='word_1_346' title='bbox 1108 2365 1308 2402; x_wconf 86' lang='lat' dir='ltr'>Romanos</span> <span class='ocrx_word' id='word_1_347' title='bbox 1335 2364 1413 2402; x_wconf 85' lang='lat' dir='ltr'>dici</span> <span class='ocrx_word' id='word_1_348' title='bbox 1444 2363 1664 2416; x_wconf 80' lang='lat' dir='ltr'>haberique</span> <span class='ocrx_word' id='word_1_349' title='bbox 1699 2377 1775 2402; x_wconf 56' lang='lat' dir='ltr'>vo«</span> 
     </span>
     <span class='ocr_line' id='line_1_42' title="bbox 334 2411 1772 2473; baseline 0.004 -23"><span class='ocrx_word' id='word_1_350' title='bbox 334 2411 511 2455; x_wconf 83' lang='lat' dir='ltr'>luerunt.</span> <span class='ocrx_word' id='word_1_351' title='bbox 564 2415 778 2456; x_wconf 85' lang='lat' dir='ltr'>Sciendum</span> <span class='ocrx_word' id='word_1_352' title='bbox 807 2420 989 2473; x_wconf 82' lang='lat' dir='ltr'>insuper,</span> <span class='ocrx_word' id='word_1_353' title='bbox 1022 2434 1046 2458; x_wconf 87' lang='lat' dir='ltr'>a</span> <span class='ocrx_word' id='word_1_354' title='bbox 1073 2420 1233 2457; x_wconf 85' lang='lat' dir='ltr'>Graecis</span> <span class='ocrx_word' id='word_1_355' title='bbox 1264 2419 1545 2472; x_wconf 83' lang='lat' dir='ltr'>posterioribus</span> <span class='ocrx_word' id='word_1_356' title='bbox 1583 2430 1772 2458; x_wconf 83' lang='lat' dir='ltr'>nonnun-</span> 
     </span>
     <span class='ocr_line' id='line_1_43' title="bbox 336 2468 1774 2529; baseline 0.006 -26"><span class='ocrx_word' id='word_1_357' title='bbox 336 2480 459 2529; x_wconf 75' lang='lat' dir='ltr'>quam</span> <span class='ocrx_word' id='word_1_358' title='bbox 501 2468 711 2509; x_wconf 85' lang='lat' dir='ltr'>Graeciam</span> <span class='ocrx_word' id='word_1_359' title='bbox 748 2473 1000 2527; x_wconf 88' lang='lat' dir='ltr'>Europaeam</span> <span class='ocrx_word' id='word_1_360' title='bbox 1022 2503 1033 2524; x_wconf 86' lang='lat'>‚</span> <span class='ocrx_word' id='word_1_361' title='bbox 1077 2488 1366 2526; x_wconf 85' lang='lat' dir='ltr'>nonnunquam</span> <span class='ocrx_word' id='word_1_362' title='bbox 1415 2475 1643 2527; x_wconf 86' lang='lat' dir='ltr'>provincias</span> <span class='ocrx_word' id='word_1_363' title='bbox 1685 2473 1774 2512; x_wconf 84' lang='lat' dir='ltr'>illas</span> 
     </span>
     <span class='ocr_line' id='line_1_44' title="bbox 337 2522 1325 2569; baseline 0.008 -10"><span class='ocrx_word' id='word_1_364' title='bbox 337 2522 458 2560; x_wconf 69' lang='lat' dir='ltr'>Asiae</span> <span class='ocrx_word' id='word_1_365' title='bbox 485 2524 649 2563; x_wconf 87' lang='lat' dir='ltr'>minoris</span> <span class='ocrx_word' id='word_1_366' title='bbox 680 2527 916 2568; x_wconf 82' lang='lat' dir='ltr'>Romanz&#39;am</span> <span class='ocrx_word' id='word_1_367' title='bbox 948 2531 1093 2569; x_wconf 83' lang='lat' dir='ltr'>vocari.</span> <span class='ocrx_word' id='word_1_368' title='bbox 1154 2542 1325 2568; x_wconf 76' lang='lat' dir='ltr'><strong>PONTAN.</strong></span> 
     </span>
    </p>

    <p class='ocr_par' dir='ltr' id='par_1_7' title="bbox 335 2576 1772 2749">
     <span class='ocr_line' id='line_1_45' title="bbox 447 2576 1771 2639; baseline -0.004 -13"><span class='ocrx_word' id='word_1_369' title='bbox 447 2576 706 2629; x_wconf 68' lang='lat' dir='ltr'>fag-¹4210.</span> <span class='ocrx_word' id='word_1_370' title='bbox 746 2591 799 2620; x_wconf 80' lang='lat' dir='ltr'>ut</span> <span class='ocrx_word' id='word_1_371' title='bbox 838 2587 1014 2623; x_wconf 78' lang='lat' dir='ltr'>verius</span> <span class='ocrx_word' id='word_1_372' title='bbox 1053 2585 1269 2639; x_wconf 76' lang='lat' dir='ltr'>loquar,</span> <span class='ocrx_word' id='word_1_373' title='bbox 1312 2584 1415 2623; x_wconf 84' lang='lat' dir='ltr'>Deo</span> <span class='ocrx_word' id='word_1_374' title='bbox 1454 2583 1519 2621; x_wconf 84' lang='lat' dir='ltr'>ad</span> <span class='ocrx_word' id='word_1_375' title='bbox 1546 2583 1771 2622; x_wconf 83' lang='lat' dir='ltr'>delicto-</span> 
     </span>
     <span class='ocr_line' id='line_1_46' title="bbox 335 2633 1772 2691; baseline 0.001 -18"><span class='ocrx_word' id='word_1_376' title='bbox 335 2646 452 2673; x_wconf 71' lang='lat' dir='ltr'>rum.</span> <span class='ocrx_word' id='word_1_377' title='bbox 509 2633 793 2673; x_wconf 76' lang='lat' dir='ltr'>Huiuscemodi</span> <span class='ocrx_word' id='word_1_378' title='bbox 838 2639 924 2688; x_wconf 87' lang='lat' dir='ltr'>piae</span> <span class='ocrx_word' id='word_1_379' title='bbox 964 2640 1293 2691; x_wconf 82' lang='lat' dir='ltr'>Christianaeque</span> <span class='ocrx_word' id='word_1_380' title='bbox 1337 2641 1554 2677; x_wconf 88' lang='lat' dir='ltr'>sententiae</span> <span class='ocrx_word' id='word_1_381' title='bbox 1591 2646 1630 2676; x_wconf 89' lang='lat' dir='ltr'>et</span> <span class='ocrx_word' id='word_1_382' title='bbox 1671 2637 1772 2676; x_wconf 86' lang='lat' dir='ltr'>haec</span> 
     </span>
     <span class='ocr_line' id='line_1_47' title="bbox 336 2686 1772 2749; baseline 0.004 -24"><span class='ocrx_word' id='word_1_383' title='bbox 336 2700 431 2739; x_wconf 78' lang='lat' dir='ltr'>prae</span> <span class='ocrx_word' id='word_1_384' title='bbox 459 2686 546 2727; x_wconf 76' lang='lat' dir='ltr'>aliis</span> <span class='ocrx_word' id='word_1_385' title='bbox 570 2687 620 2726; x_wconf 84' lang='lat' dir='ltr'>ab</span> <span class='ocrx_word' id='word_1_386' title='bbox 641 2688 717 2728; x_wconf 90' lang='lat' dir='ltr'>hoc</span> <span class='ocrx_word' id='word_1_387' title='bbox 737 2692 928 2744; x_wconf 87' lang='lat' dir='ltr'>scriptore</span> <span class='ocrx_word' id='word_1_388' title='bbox 954 2695 1271 2749; x_wconf 82' lang='lat' dir='ltr'>frequentantur.</span> <span class='ocrx_word' id='word_1_389' title='bbox 1302 2694 1388 2732; x_wconf 88' lang='lat' dir='ltr'>Nisi</span> <span class='ocrx_word' id='word_1_390' title='bbox 1402 2695 1509 2732; x_wconf 87' lang='lat' dir='ltr'>enim</span> <span class='ocrx_word' id='word_1_391' title='bbox 1538 2700 1668 2732; x_wconf 89' lang='lat' dir='ltr'>essent</span> <span class='ocrx_word' id='word_1_392' title='bbox 1695 2692 1772 2731; x_wconf 88' lang='lat' dir='ltr'>ho-</span> 
     </span>
    </p>
   </div>
  </div>
 </body>
</html>
