1794 3158
424 128 498 169 AD
545 126 926 179 ammomum
952 129 1050 168 Lm.
1093 127 1162 169 iv.
1379 110 1483 166 551.

0 258 6 278 ,
51 226 268 284 postulant.
337 228 426 269 Hoc
470 229 619 281 scilicet
671 229 845 270 liberum
887 236 947 270 est
996 236 1036 271 et
1075 228 1350 270 Christianum
1391 245 1488 275 con,-

48 283 202 331 silium.

16 345 19 348 “
158 339 295 378 Restat
333 338 417 392 ipse
452 338 797 380 schismaticorum
829 341 990 394 genius,
1028 339 1095 380 cui
1133 337 1298 380 solenne
1337 340 1487 382 iudices

41 399 184 447 ‚petere
201 422 215 444 ,
234 394 303 434 sed
334 395 405 434 ubi
435 395 518 437 dati
551 395 729 447 fuerint,
748 410 774 435 a
802 397 997 435 sententia
1022 409 1163 436 eorum
1194 395 1273 436 alio
1309 395 1488 450 appella-

42 461 109 488 re.
154 449 292 488 Testes
323 456 419 489 sunt
438 480 449 498 ‚
498 458 544 489 ut
576 450 674 490 alios
707 465 788 491 non
830 451 1064 502 nominem,
1104 450 1362 503 Donatistae,
1417 453 1487 506 (11ιί

11 519 16 526 *
48 505 343 544 controversiae
376 520 468 544 cum
502 505 731 546 Caeciliano
765 506 937 545 iudicem
965 505 1208 560 flagitarunt.
1240 507 1367 546 Datus
1385 515 1442 547 est
1462 522 1486 546 a

0 558 15 610 ᾗ
43 558 316 601 :Constantino
341 561 579 614 imperatore
599 560 843 600 Melchiades
858 561 1032 614 pontifex
1057 562 1272 611 Romanus.
1313 561 1488 602 Absolu-

0 626 12 663 ’‚
43 618 114 661 ⁴tus
143 621 203 654 est
226 615 501 667 Caecilianus,
528 616 707 654 damnati
734 613 982 656 Donatistae.
1028 616 1134 655 Num
1163 616 1484 671 adquieverunt?

0 688 12 705 ι
42 667 311 711 ,Postularunt
324 670 421 710 alios
440 671 602 711 iudices.
630 671 725 710 Dati
745 679 838 710 sunt
854 679 893 711 et
910 672 988 722 isti,
1005 671 1146 711 eodem
1165 686 1304 712 rursus
1325 681 1485 715 eventu.

0 741 10 775 ,>
41 722 151 768 ,Num
179 725 469 780 adquieverunt
488 727 747 775 Donatistae?
790 728 957 766 Minime
997 740 1109 766 vero.
1159 726 1284 766 Aliud
1308 729 1486 768 tribunal

0 800 8 812 ·
42 780 342 831 quaesiverunt,
356 796 379 820 a
394 795 476 834 quo
495 781 627 820 denuo
643 782 897 821 condemnati
913 789 1018 822 sunt.
1037 782 1116 821 Sed
1130 782 1288 822 frustra.
1307 783 1486 822 Damna-

0 863 6 885 ,
43 834 80 873 ri
96 837 223 887 potuit
243 837 476 890 pertinacia,
490 837 595 876 vinei
617 844 688 876 aut
707 837 835 890 frangi
856 851 936 876 non
963 838 1104 890 potuit.
1132 838 1250 889 Ρζιίο,
1267 839 1374 893 quod
1403 841 1485 894 ipse

0 905 4 930 ι
39 889 253 942 diabolus,
281 894 412 945 inquit
438 899 598 931 sanctus
621 893 868 946 Augustinus
893 895 1003 946 epist.
1039 893 1129 947 167.
1146 921 1158 944 ‚
1188 894 1226 934 si
1253 896 1485 943 auctoritate

0 946 4 987 ἱ
38 944 183 984 iudicis
195 975 207 996 ,
230 962 349 1002 quem
370 948 472 987 ultro
493 949 686 999 elegerat,
704 949 812 986 toties
828 950 1068 997 vinceretur,
1087 962 1165 987 non
1183 957 1278 987 esset
1302 958 1383 987 tam
1402 950 1484 987 im-

0 1023 2 1042 :
36 999 214 1054 pudens,
233 1012 275 1042 uc
292 1005 334 1042 in
361 1017 409 1042 ea
426 1018 543 1042 causa
557 1004 789 1056 pet-sisteret.
817 1003 906 1042 Non
927 1004 1041 1043 aliter
1056 1004 1226 1056 egissent
1253 1004 1393 1042 Graeci
1418 1011 1485 1043 to-

0 1090 1 1094 ,
38 1055 116 1095 ties
133 1065 251 1096 antea
270 1058 446 1098 damnati
464 1072 474 1096 ε
496 1057 586 1097 licet
603 1057 786 1097 Clemens
802 1059 974 1110 pontifex
988 1088 1000 1109 ‚
1021 1058 1286 1097 Cautaeuzeni
1310 1066 1450 1111 rogatu
1467 1089 1480 1110 ,

35 1111 240 1163 synodum
279 1121 567 1161 convocasset,
610 1113 720 1165 quod
762 1113 915 1166 aliquot
952 1122 1041 1167 post
1073 1114 1188 1152 annis
1227 1114 1268 1151 in
1298 1113 1479 1154 Concilio

43 1163 282 1207 Florentino
310 1170 564 1208 manifestum
591 1169 727 1208 evasit.
786 1170 926 1222 Itaque
956 1183 1059 1209 vana
1090 1176 1149 1207 est
1186 1167 1346 1221 querela
1372 1170 1480 1208 Can-

35 1223 242 1272 tacuzeni,
282 1238 374 1263 011111
416 1226 472 1263 ait
506 1225 670 1263 Latinos
697 1238 769 1263 sua
796 1224 980 1277 dogmata
1017 1224 1068 1263 ab
1098 1222 1266 1263 aliarum
1298 1223 1480 1262 ecclesia-

43 1289 135 1314 rum
165 1280 386 1319 rectoribus
414 1279 660 1319 discutienda
693 1293 774 1318 non
806 1281 1057 1332 proposuisse
1078 1308 1090 1329 ,
1118 1280 1366 1331 nimiumque
1404 1279 1480 1318 sibi

35 1344 274 1385 arrogasse,
312 1336 547 1388 contemptis
590 1334 743 1373 ceteris.
801 1335 997 1374 Vanitatis
1040 1333 1287 1385 redarguunt
1327 1334 1479 1372 <licium

33 1384 119 1426 .hoc
145 1389 291 1442 scripta
320 1390 470 1429 Nicolai
502 1389 618 1442 primi
661 1396 701 1427 et
727 1390 873 1428 Leonis
901 1391 996 1440 1X.‚
1037 1395 1083 1427 ut
1121 1387 1260 1427 sileam
1299 1388 1479 1428 concilia

41 1449 135 1482 aute
163 1443 426 1484 Cantacuzeni
453 1451 620 1485 aetatem
635 1458 755 1497 super
786 1444 849 1483 1115
873 1445 968 1497 ipsis
995 1445 1272 1483 controversiis
1303 1444 1480 1483 celebra-

39 1503 97 1536 ta.
153 1498 208 1538 Et
234 1500 473 1552 quibusnam
499 1500 758 1552 proponenda
803 1500 965 1539 fuerunt
998 1500 1183 1553 dogmata
1213 1498 1475 1552 Latinorum,

28 1549 117 1591 .hoc
145 1561 227 1603 est,
263 1556 383 1607 ipsius
413 1557 617 1595 veritatis?
647 1556 711 1593 An
743 1555 928 1600 Graecis,
960 1556 1027 1607 qui
1056 1569 1079 1593 a
1107 1555 1274 1593 veritate
1316 1556 1473 1604 aversi,

31 1607 91 1646 ad
119 1607 273 1648 fabulas
303 1612 374 1649 toti
405 1611 482 1650 iam
511 1611 691 1649 conversi
718 1613 864 1648 erant?
919 1610 996 1648 Sed
1025 1608 1140 1649 facile
1166 1617 1252 1647 erat
1279 1608 1474 1661 divinare,

34 1676 140 1715 quae
167 1668 362 1704 sententia
392 1673 575 1705 secutura
614 1672 735 1713 esset,
783 1666 814 1703 si
855 1664 935 1703 litis
972 1665 1092 1704 huius
1128 1664 1275 1703 decisio
1314 1665 1476 1704 Graecis

31 1719 247 1759 ,commissa
279 1721 427 1760 fuisset.
484 1722 538 1759 Et
567 1720 663 1772 quid
692 1720 766 1758 sibi
795 1719 934 1758 volunt
965 1720 1032 1759 illa
1061 1719 1212 1758 verba:
1244 1719 1440 1758 Doctrina
1459 1750 1472 1771 ‚

35 1787 141 1827 qnae
164 1789 264 1814 nunc
281 1777 391 1828 almui
411 1778 631 1814 Romanam
657 1776 857 1814 ecelesiam
876 1777 1010 1826 viget?
1048 1773 1250 1827 Significat
1274 1774 1472 1813 vnimirum

32 1835 152 1868 antea
179 1844 262 1869 non
291 1832 490 1884 viguisse:
529 1845 631 1883 quae
671 1831 869 1868 accusatio
911 1831 1091 1868 omnium
1129 1836 1365 1867 novatorum
1396 1837 1472 1869 est.

0 1890 2 1943 f
35 1882 235 1924 Novitatis
273 1894 461 1925 accusant
502 1885 764 1925 orthodoxam
813 1884 1017 1924 eeclesiam
1039 1915 1051 1935 ,
1095 1898 1146 1922 ne
1183 1885 1257 1936 ipsi
1288 1886 1474 1924 novitatis

0 1945 1 1958 ¹
35 1946 217 1979 auctores
243 1948 282 1979 et
310 1949 522 1981 sectatores
551 1941 834 1982 existimentur,
879 1941 1041 1990 Quoties
1062 1940 1194 1978 Latini
1222 1939 1472 1978 demonstra-

28 2002 156 2046 runt,
187 2003 226 2034 et
253 1997 414 2049 quidem
443 1997 667 2044 evidenter,
685 1996 818 2033 omnia
848 1994 1059 2048 dogmata,
1094 1995 1143 2033 de
1170 1994 1313 2047 quibus
1331 1995 1471 2034 Graeci

31 2049 189 2090 Latinis
217 2051 323 2090 diem
356 2054 494 2092 dieunt
511 2081 523 2101 ‚
552 2052 603 2090 ab
635 2050 859 2104 apostolicis
886 2050 1132 2103 temporibus
1159 2063 1313 2102 semper
1341 2050 1381 2088 in
1408 2063 1472 2088 ec·-

35 2102 153 2146 clesia
195 2106 373 2147 Romana
420 2109 620 2160 viguisse,
666 2120 795 2158 neque
829 2106 1117 2145 nudiustertius
1154 2111 1246 2143 nata
1278 2118 1384 2153 esse,
1426 2113 1472 2144 ut

32 2167 128 2200 sunt
159 2163 407 2203 Graecorum
444 2163 588 2216 placita
625 2169 664 2200 et
703 2161 888 2210 decreta,
938 2175 1040 2214 quac
1067 2159 1212 2213 quibus
1241 2160 1471 2200 auctoribus

28 2222 72 2254 ,01
90 2217 250 2269 quando
281 2221 547 2271 proseminata
568 2218 646 2256 sint
666 2248 677 2266 ‚
707 2216 839 2257 Latini
861 2216 911 2255 ad
945 2217 1131 2255 amussim
1151 2215 1359 2254 ostendere
1375 2230 1469 2268 pos-

31 2279 151 2318 sunt,
177 2279 215 2311 et
243 2276 397 2326 saepius
425 2277 504 2313 iam
531 2272 805 2312 ostenderunt.
861 2272 920 2310 Ut
948 2274 1052 2311 enim
1081 2278 1238 2310 tantum
1266 2273 1468 2312 nominem

34 2329 215 2381 quinque
244 2327 310 2367 illa
339 2330 492 2382 capita,
524 2329 574 2367 de
603 2328 748 2380 quihus
765 2327 997 2366 Gennadius
1026 2325 1249 2380 patriarcha
1270 2327 1467 2364 Constan-

34 2383 318 2435 tinopolitanus
348 2386 538 2423 adversus
573 2385 746 2421 Graecos
772 2397 846 2435 pro
874 2381 1050 2422 Concilio
1082 2381 1317 2421 Florentino
1347 2395 1466 2421 accu-¹

32 2439 227 2478 ratissime
254 2439 455 2492 disputat:
498 2439 685 2491 iS'piricnm
713 2447 886 2477 sanctum
917 2453 943 2476 α
983 2439 1104 2478 Patre
1120 2437 1293 2492 filioque
1324 2451 1467 2488 proce-

30 2495 148 2543 idere,
188 2496 443 2547 mrgatorimn
473 2509 569 2541 esse,
601 2495 642 2532 ia
674 2494 822 2544 azymis
854 2495 1126 2532 eucharistiam
1158 2492 1233 2528 rite
1262 2497 1300 2527 01
1334 2489 1464 2542 legiti-

34 2564 99 2588 me
125 2509 340 2589 celebrari:
371 2552 526 2589 animas
549 2550 733 2587 iustorum
753 2577 764 2597 ,
793 2549 940 2601 quibus
968 2548 1066 2586 nihil
1090 2545 1266 2583 maculae
1295 2547 1335 2582 in
1364 2560 1461 2598 pm·-

31 2605 187 2657 gatorio
215 2606 429 2658 expiandae
459 2607 584 2651 inest,
618 2605 750 2643 statim
778 2604 829 2643 ab
858 2618 1015 2643 excessu
1042 2603 1172 2639 Deum
1203 2600 1359 2650 videre,
1383 2602 1461 2638 110-

31 2673 269 2714 mamcmqne
289 2662 511 2714 pontificem
543 2661 721 2698 omnium
748 2658 1002 2698 ecclesiarum
1032 2657 1247 2708 principem
1279 2663 1318 2694 et
1346 2661 1463 2706 caput

34 2728 118 2755 esse
135 2744 147 2766 ,
197 2729 350 2768 semper
377 2709 502 2756 eredit
539 2723 578 2754 et
606 2715 740 2754 docuit
769 2715 948 2754 Romana
977 2710 1149 2751 eeclesia.
1207 2714 1340 2762 Quare
1371 2709 1461 2748 11001
