1800 3164
480 185 852 229 HisTomARUM
893 191 961 229 1v.
991 193 1034 245 9,
1423 170 1494 226 53

66 294 137 338 τοῦ
167 294 249 335 τῶν
274 288 569 346 γεγεννηκότων
607 285 723 341 ἄξιον
752 287 904 332 ἑαυτὸν
932 292 1173 346 α’ποφανεῖν.
1238 289 1343 343 μετὰ
1370 293 1494 343 τοῦτο
1512 296 1549 329 Α.
1566 295 1602 328 C.
1619 295 1701 339 ¹347

65 361 112 402 δὲ
140 357 161 401 ὅ
187 356 386 411 βασιλεύς
412 357 589 410 βασιλέα
617 355 687 398 τὸν
714 355 904 411 γαμβρὸν
924 355 1043 410 ἔχων,
1072 349 1178 412 πρὸς
1198 354 1275 405 τάς
1294 358 1365 411 τῆς
1383 356 1498 413 Θρᾴ-
1621 358 1623 360 ’

61 429 134 479 ’κης
162 421 271 480 ἐξῄει
298 420 438 471 πόλεις
461 420 534 462 καί
557 423 695 471 πάσας
723 423 937 476 περιῆλθε,
966 423 1088 464 τοῦτο
1114 424 1193 475 μὲν
1220 424 1394 476 βασιλέα
1417 425 1498 463 πᾶ-

19 529 22 531 ,
61 507 128 533 σιν
156 490 396 545 ἐμφανίζων
419 482 521 542 ἄχρι
548 487 635 528 τότε
664 486 936 540 ἀγνοούμενον
964 494 1054 537 ταῖς
1081 480 1246 540 πόλεως
1263 490 1334 530 καί
1370 490 1498 529 πᾶσιν

16 554 194 612 Ὲέργοις
231 556 367 604 αὐτοῖς
407 554 634 607 κατάδηλον
672 556 823 604 ποιῶν,
866 551 920 602 ὥς
950 553 1023 607 τὴν
1051 551 1248 611 πατρῴαν
1278 555 1497 607 βασιλείαν

60 620 84 664 ὅ
113 624 202 670 νέος
230 621 457 670 διαδέξοιτο
480 617 693 673 βασιλεὺς,
722 620 843 660 τοῦτο
876 621 922 660 δὲ
951 618 1055 674 πρὸς
1072 618 1170 668 τοὺς
1197 621 1349 667 πόνους
1367 635 1495 673 στρα-

59 686 182 744 τιώτῃ
221 687 451 741 πρέποντας
493 685 644 730 ἀσκῶν.
709 682 830 739 ἥδετό
859 701 904 726 τε
933 684 1137 740 κατάκρας
1171 685 1192 726 ὅ
1222 683 1497 741 πρεσβύτερος

57 751 255 808 βασιλεὺς
295 751 403 808 ὁρῶν
440 750 513 792 τὸν
547 753 637 793 νέον
676 752 916 806 ἐπιτηδείως
944 749 1094 805 ἔχοντα
1123 742 1228 805 πρὸς
1256 749 1333 800 τοὶς
1370 766 1496 805 στρα-

57 822 172 869 τείας
189 821 263 861 καί
286 816 446 873 μεγάλα
475 816 825 871 ἐπαγγελλόμενον
853 819 899 859 ἐκ
927 818 1008 858 τῶν
1035 813 1265 872 παρόντων.
1324 812 1494 863 ἀλύπως

22 883 137 943 ογᾶρ
178 886 252 926 καί
288 884 446 939 ἱλαρῶς
471 882 570 931 τούς
595 899 640 924 τε
668 883 817 932 πόνους
844 881 995 939 ἔφερε,
1032 882 1105 924 καὶ
1131 884 1206 938 τῆς
1235 877 1394 935 διαίτης
1422 879 1495 935 τὴν

58 949 315 1007 ἐναλλαγὴν,
360 951 432 992 καί
469 947 608 991 πάντα
640 948 839 1005 ἔπραττεν
869 948 1023 1004 ὁμοίως
1052 953 1140 998 τοῖς
1168 949 1422 1002 εἰθισμένοις
1450 948 1495 987 ἐκ

57 1019 224 1060 πολλοῦ.
1426 1007 1429 1010 ’

163 1081 218 1123 θ’.
272 1078 415 1132 Αὖθίς
459 1099 506 1124 τε
548 1085 607 1133 εἰς
643 1081 875 1135 Βυζάντιον
920 1077 1185 1137 ἀναστρέψας
1225 1079 1247 1122 ὅ
1282 1078 1534 1135 βασιλεὺς,ο

53 1147 159 1204 πρὸς
197 1146 271 1190 τόν
309 1147 718 1203 Ῥώμηςέπίσκοπον
747 1149 971 1205 Κλήμεντα
1008 1147 1080 1190 τόν
1117 1163 1160 1190 τε
1199 1140 1495 1189 Σπανόπουλον

20 1214 264 1270 5Γεώργιον
300 1214 371 1257 τὸν
411 1219 816 1272 πρωτοβεστιαρίτην
848 1217 921 1256 καί
956 1213 1133 1270 Σιγηρὸν
1173 1211 1244 1256 τὸν
1281 1214 1498 1269 πραίτωρα

52 1284 128 1323 τοῦ
155 1280 316 1337 δήμου,
340 1284 413 1324 καί
439 1283 485 1324 ἐκ
513 1285 586 1324 τοῦ
609 1283 807 1324 Λατίνων
834 1283 978 1336 γένους
1009 1281 1200 1335 Φρανσὲς
1227 1272 1354 1331 ῧνομά
1385 1294 1496 1330 τινα,

53 1346 184 1389 πολὺν
218 1342 295 1404 ἤδη
333 1346 486 1402 χρόνον
515 1345 812 1389 δεδουλευκότα
845 1350 1032 1400 βασιλεῖ,
1068 1348 1149 1388 τῶν
1182 1346 1428 1400 ἐπιτηδείων
1457 1344 1497 1384 δ’

52 1406 153 1454 ὄντα
181 1415 254 1454 καί
286 1413 505 1469 γνωρᾴιων
537 1412 675 1471 minoe,
716 1415 911 1468 πρέσβεις
948 1413 1100 1470 ᾑρεῖτο.
1157 1412 1183 1466 ἦ
1217 1408 1417 1466 πρεσβεία
1448 1406 1493 1450 δὲ

15 1531 20 1543 -.
52 1473 129 1532 ἦν,
171 1475 259 1533 ἅμα
286 1481 365 1533 μὲν
394 1481 688 1536 οἷπαλείφουσα
718 1481 793 1533 τῆς
822 1478 942 1520 πάπα
971 1481 1114 1532 ψυχῆς
1141 1475 1217 1526 τοὶς
1244 1474 1344 1530 περὶ
1368 1475 1511 1528 stam?
1543 1471 1545 1474 ⁴

18 1544 157 1596 σλὲως
194 1547 511 1601 προσπεσούσας
550 1542 710 1602 φήμας.
764 1540 857 1603 ᾔδει
883 1543 964 1599 γὰρ
1000 1542 1127 1586 αὐτὸν
1154 1541 1254 1598 περὶ
1281 1534 1415 1583 αὐτοῦ
1444 1541 1490 1581 α’·

53 1611 243 1669 κηκοότα,
273 1610 329 1662 ὥς
349 1611 455 1654 κατά
482 1612 555 1653 τὸν
574 1614 650 1653 τοῦ
669 1612 851 1664 πολέμου
870 1608 1022 1665 χρόνον
1034 1607 1271 1666 βαρβάροις
1286 1605 1491 1662 χρήσαιτο
1510 1617 1540 1649 D

52 1677 307 1734 συμμάχοις,
338 1679 562 1734 ἀναιροῦσι
595 1676 666 1719 καί
680 1668 1147 1732 ἐξανδραποδιζομένοις
1170 1674 1376 1729 ὁσημέραι
1396 1671 1494 1721 τοὺς

46 1746 294 1798 Ῥωμαίους.
353 1744 417 1786 διὸ
449 1747 548 1799 περί
576 1746 761 1793 πλείονος
789 1744 966 1784 ἐποιεῖτο
1000 1740 1075 1789 τὰς
1103 1741 1246 1788 αἰτίας
1273 1741 1358 1781 τῶν
1386 1733 1495 1790 συμ-

49 1811 280 1866 βεβηκότων
322 1808 466 1851 πάπαν
496 1813 774 1862 καταμαθεῖν,
802 1808 875 1850 καί
905 1808 962 1856 ὥς
990 1805 1143 1864 ἀνάγκῃ
1175 1804 1244 1847 διὰ
1276 1805 1348 1847 τὸν
1375 1815 1494 1859 περι-

139 1903 172 1937 6.
196 1896 285 1938 τούς
308 1909 376 1932 om.
401 1898 435 1931 P.
541 1911 573 1944 9.
599 1895 744 1934 ἀλύπως
769 1896 802 1929 Ρ.
903 1900 954 1932 16·
980 1892 1124 1941 Φρανὲς
1145 1894 1193 1928 Μ.

50 1993 125 2017 non
143 1979 321 2014 modicam
341 1977 552 2012 sustinebat.
603 1975 788 2010 posthaec
806 1976 1001 2020 imperator
1027 1985 1106 2006 cum
1124 1983 1255 2018 genero
1278 1974 1494 2018 imperatore

50 2029 158 2064 urbes
185 2026 360 2061 Thraciae
386 2025 544 2070 singulas
583 2023 720 2065 obivit,
758 2023 888 2067 partim
922 2026 962 2054 ut
996 2032 1079 2054 eum
1118 2020 1293 2053 hactenus
1332 2022 1496 2063 ignotum

51 2075 220 2110 omnibus
242 2072 467 2112 ostenderet,
492 2077 529 2105 et
557 2072 635 2115 ipso
661 2081 768 2114 opere
793 2069 908 2113 palam
934 2067 1151 2107 declararet,
1172 2067 1352 2098 iuniorem
1379 2067 1496 2109 impe-

51 2128 203 2158 ratorem
230 2125 419 2164 paternum
447 2119 627 2161 excepisse
652 2117 868 2161 imperium,
904 2116 1035 2159 partim
1072 2119 1113 2146 ut
1145 2113 1296 2146 cundem
1322 2112 1367 2145 ad
1392 2113 1495 2146 labo-

52 2180 127 2203 rem
153 2168 345 2201 militarem
381 2166 645 2207 assuefaceret3
682 2174 791 2208 quem
829 2174 908 2195 curn
941 2161 1097 2193 militiae
1124 2165 1247 2204 aptum
1275 2163 1312 2192 et
1339 2171 1358 2192 e
1387 2170 1495 2204 prae-

54 2215 218 2251 sentibus
254 2213 401 2247 indiciis
441 2222 564 2256 magna
606 2211 644 2244 in
687 2211 846 2243 futurum
888 2208 1123 2254 pollicentem
1167 2205 1495 2246 animadverteret,

24 2261 184 2309 'gaudio
218 2256 668 2304 exsultabat{incn·edibili.
723 2255 864 2289 Etenim
898 2258 988 2289 citra
1022 2254 1223 2287 molestiam
1257 2252 1495 2298 hilariterque

43 2310 195 2344 ·labores
221 2313 258 2341 et
287 2308 525 2340 mutationem
550 2306 664 2338 victus
690 2303 893 2343 tolerabat,
919 2307 957 2336 et
976 2302 1097 2335 omnia
1124 2301 1228 2346 quasi
1257 2311 1299 2332 cx
1325 2299 1496 2333 diuturna

52 2354 312 2391 consuetudine
339 2353 508 2386 faciebat.
1382 2356 1384 2359 ·

144 2414 179 2447 9,
228 2402 399 2434 Reversus
420 2397 773 2441 Constantinopolim
797 2396 1007 2439 imperator,
1033 2394 1078 2427 ad
1097 2392 1332 2433 Clementem,
1349 2395 1490 2437 episco-

53 2460 140 2494 pum
167 2447 267 2481 urbis
287 2449 428 2484 Romae,
454 2446 647 2489 Georgium
677 2443 938 2488 Spanopulum,
964 2440 1301 2485 protovestiarium‚
1330 2444 1366 2472 et
1390 2439 1491 2483 Sige—

54 2507 153 2535 rum,
178 2500 380 2539 praetorem
404 2493 556 2537 populi,
581 2495 618 2524 et
644 2489 688 2523 de
714 2490 853 2523 Latinis
869 2488 1096 2522 Franciscum
1128 2486 1308 2533 quondam
1333 2487 1494 2528 nomine,

54 2548 208 2576 veterem
224 2542 426 2574 ministrnm
449 2551 564 2578 suum,
591 2548 703 2581 papae
728 2541 853 2568 notum
880 2546 920 2568 ac
946 2536 1172 2573 familiarem,
1197 2533 1332 2578 legatos
1353 2532 1493 2577 deligit.

54 2588 260 2633 Legatiouis
287 2588 404 2632 capita
431 2589 614 2624 erant‚.ut
637 2583 775 2616 deleret
800 2595 842 2616 cx
868 2582 986 2615 animo
1015 2584 1105 2620 eius,
1132 2591 1237 2626 (μιειη
1271 2578 1315 2612 dc
1344 2590 1386 2612 eo
1413 2581 1493 2623 opi-

56 2636 202 2669 nionem
235 2635 298 2668 ille
339 2638 562 2678 conceperat.
621 2630 700 2663 Non
734 2629 828 2663 enim
865 2628 1052 2672 ignorabat
1082 2628 1244 2661 auditum
1287 2636 1306 2656 a
1335 2627 1491 2658 Romano

56 2682 240 2725 pontifice,
263 2680 445 2728 quomodo
474 2679 562 2712 belli
586 2684 746 2720 tempore
773 2676 1001 2709 barbarorum
1029 2687 1111 2708 usus
1137 2678 1229 2708 esst-t
1251 2672 1399 2711 auxilio,
1426 2674 1491 2716 qni

58 2728 234 2761 Romanos
268 2729 481 2761 occidissent
509 2731 544 2758 et
576 2726 733 2768 captivos
760 2724 963 2766 rapuissent
986 2722 1162 2767 quotidie.
1209 2719 1348 2752 Idcirco
1378 2718 1489 2750 nimi-

62 2786 170 2822 opcrc
196 2774 428 2810 desiderabat
450 2785 577 2820 papam
603 2782 723 2805 causas
748 2781 892 2812 eorum,
929 2781 1022 2816 quac
1045 2774 1142 2814 gesta
1169 2771 1295 2807 crant,
1323 2765 1489 2804 edocere,
