1794 3158
399 155 473 198 An
514 153 887 201 CANTAcqum
926 153 1025 199 Lm.
1065 154 1118 193 n.
1379 128 1492 206 475

0 275 7 292 ⁷
55 259 230 301 nanti.
285 260 438 300 Graece
464 259 644 300 festivius
668 258 829 310 μᾶλλον
856 253 1014 308 ἰάματα
1044 247 1071 308 ἢ
1101 250 1289 306 νάματα,
1322 267 1404 307 quo
1433 252 1492 293 le-

0 331 6 352 a
51 328 157 371 apore
192 314 400 369 aliquoties
427 316 648 355 orationem
673 313 889 367 adspergit.
915 308 1183 364 .Παρήχησιν
1210 310 1381 364 figuram
1418 324 1491 349 vo-

31 377 151 411 .-cant
189 371 342 414 Graeci.
396 371 503 410 Vide
545 384 648 424 quae
688 367 809 423 paulo
836 374 929 407 ante
967 366 1019 407 de
1045 367 1122 409 hoc
1150 366 1257 405 fonte
1283 365 1455 404 diximus
1474 394 1488 416 ,

50 425 121 467 vel
155 427 288 479 potius
323 426 418 466 vide
455 428 670 481 ipsummet
711 424 748 464 N
752 423 999 477 icephorum.
1053 421 1193 462 Facies
1228 434 1373 476 operae
1399 434 1490 474 pre-

49 481 168 520 tium.
198 494 375 523 roura.

162 535 377 591 Pag.427‚
397 537 437 576 3.
467 550 618 590 usque
644 535 893 588 Rhegium
915 539 1313 588 processerunt.
1377 530 1489 572 Haec

47 589 150 632 mihi
178 592 351 632 reditum
397 592 449 631 ab
473 591 590 631 exilio
629 591 689 630 M.
714 588 840 629 Tullii
872 588 1075 627 Ciceronis
1112 594 1302 627 revocant
1329 584 1374 627 in>
1401 600 1487 626 me-

38 647 220 691 *moriam
247 675 260 698 ‚
288 648 378 697 cui,
406 654 506 687 teste
532 644 768 693 Plutarcho,
814 650 928 683 tanta
968 643 1280 696 municipiorum
1306 643 1487 688 omnium

28 699 201 742 '‘daetitia
238 709 277 741 et
304 702 440 742 favore
465 702 676 741 hominum
716 699 920 754 proditum
949 705 1009 738 est
1049 698 1212 738 obviam
1233 727 1244 746 ‚
1282 704 1341 748 ut,
1378 698 1488 751 quod

44 757 212 797 iactavit
238 765 372 810 postea
389 787 401 808 ,
440 759 578 797 >minus
609 762 711 796 esset
732 770 843 798 vero.
899 754 969 793 Ait
998 754 1126 801 enim,
1176 752 1314 792 ltaliae
1335 767 1382 792 *se
1406 753 1488 792 hu-

45 814 169 852 meris
191 819 438 865 reportatum
456 842 469 866 ,
501 813 683 852 oratione
709 818 800 865 post
826 810 1000 850 reditum
1031 808 1083 848 ad
1109 809 1309 861 Quirites,
1335 809 1369 848 si
1400 822 1486 848 me-

39 868 168 909 .mini.
192 881 368 907 ron-rm.

158 922 261 976 Pag.
287 921 384 974 428,
405 921 445 962 6.
478 920 550 961 ad
580 920 775 960 bellum
810 921 862 959 ei
901 918 1262 973 inserendum.
1316 917 1380 957 De
1406 917 1486 958 hoc

4 974 8 984 ’
42 974 152 1017 bello
172 978 370 1031 Gregoras
399 976 469 1019 lib.
499 989 558 1030 9.:
591 975 777 1032 Sequenti
804 990 908 1024 vere,
934 990 1022 1014 cum
1041 975 1212 1014 Serviae
1234 974 1391 1013 Cralem
1408 988 1486 1029 ap-

0 1051 9 1077 ’,
39 1042 205 1087 pareret
236 1047 315 1072 non
337 1034 555 1088 quieturum
568 1060 582 1080 ,
622 1032 702 1070 nisi
723 1032 966 1070 Miclzaelem
989 1031 1038 1069 ob
1061 1030 1250 1070 iniuriam
1271 1037 1309 1068 et
1343 1038 1484 1068 eontu-

41 1088 211 1127 melium
230 1089 359 1127 sorori
361 1090 534 1139 factam
554 1087 656 1126 ulcus
673 1096 777 1135 esset,
803 1086 911 1142 quod
933 1099 995 1135 ea,
1012 1085 1189 1138 legitima
1210 1084 1382 1136 coniuge,
1395 1092 1489 1138 post

0 1159 9 1187 ⁵
40 1152 233 1198 mee-ptos
261 1158 315 1183 ex
343 1157 395 1182 ea
421 1143 564 1182 liberos
581 1172 593 1190 ,
619 1143 732 1195 regni
758 1141 917 1180 heredes
939 1170 950 1186 ,
987 1141 1100 1179 nulla
1126 1139 1179 1179 de
1209 1153 1333 1178 causa
1365 1153 1484 1194 repu-

42 1195 177 1244 diata,
220 1199 469 1253 imperatoris
495 1211 672 1236 sororem
692 1198 890 1245 duxisset,
910 1196 1094 1235 Michael
1110 1195 1258 1248 legatos
1281 1195 1340 1233 ad
1357 1194 1485 1248 impe-

41 1261 211 1292 ratorem
242 1255 373 1301 mittit,
404 1254 458 1292 ab
493 1267 538 1291 eo
560 1253 794 1307 postulans,
833 1260 878 1290 ut
900 1264 981 1305 per
1015 1251 1225 1289 Romanas
1245 1250 1485 1304 provincias

4 1318 7 1325 ⁴
38 1310 245 1356 transiens,
273 1309 316 1348 in
348 1309 623 1348 Triballorum
650 1317 798 1346 terram
817 1306 1107 1361 impressionem
1112 1307 1298 1356 faceret:
1325 1318 1427 1344 nam
1447 1314 1487 1343 et

40 1376 82 1401 ee
105 1364 170 1401 illi
202 1377 326 1403 arma
347 1364 493 1415 infesta
524 1363 726 1401 illaturum
741 1380 754 1400 .-
793 1370 836 1400 uc
867 1362 1014 1400 duobus
1052 1361 1162 1399 bellis
1191 1361 1345 1414 impar,
1359 1359 1488 1414 fieret

4 1438 9 1452 ι
39 1417 286 1468 imbecillior,
315 1420 447 1458 multis
465 1419 644 1473 utrinque
663 1417 775 1470 agris
797 1417 961 1456 amissis.
994 1415 1171 1455 Proinde
1192 1415 1249 1454 ad
1266 1415 1485 1470 expeditio-

38 1485 130 1515 nem
155 1489 271 1529 usque
293 1475 356 1514 ad
368 1474 475 1513 veris
496 1474 647 1512 exitum
669 1487 748 1511 sese
762 1481 934 1527 parant.
975 1472 1081 1525 Lege
1109 1470 1275 1524 reliqua.
1303 1482 1480 1510 romum.

146 1529 252 1582 Pag.
273 1528 369 1580 428,
399 1543 462 1568 12.
490 1525 562 1568 καὶ
587 1523 717 1567 αὐτὸν
744 1529 803 1571 Μ,
833 1527 884 1566 ab
913 1526 1040 1566 altera
1066 1541 1204 1572 manu.

147 1585 253 1638 Pag.
276 1583 373 1638 429,
394 1599 432 1639 7.
465 1578 716 1635 ἀσυμβάτως
749 1584 809 1622 Μ.
839 1597 1015 1636 quoque.

146 1639 252 1693 Pag.
274 1639 369 1691 430,
393 1640 456 1679 13.
487 1638 559 1690 τῆς
590 1631 719 1690 οὔσης
746 1638 805 1677 Μ.
837 1652 1011 1692 quoque.

148 1693 250 1748 Pag.
270 1694 366 1745 451,
391 1693 451 1735 18.
482 1703 580 1733 tum
599 1692 936 1743 Anchialum,
965 1689 1359 1734 Mesembriam.
1386 1690 1482 1731 Gre-

29 1762 177 1804 .goras:
237 1749 437 1789 Proximo
465 1763 586 1798 anno,
616 1762 703 1788 cum
723 1749 942 1787 audivisset
960 1749 1198 1803 imperator,
1219 1747 1482 1800 Bzclgaricum

32 1805 307 1861 principatum
335 1804 551 1854 (Triballos
585 1810 705 1843 vocat
733 1803 950 1856 Bulgaros)
979 1812 1017 1842 et
1042 1816 1072 1842 a
1097 1803 1239 1857 priore
1276 1816 1401 1842 umore
1444 1810 1484 1840 et

29 1873 68 1900 ra
95 1862 270 1913 cognatis
284 1860 498 1900 Michaelis
521 1860 678 1908 divelli,
710 1859 818 1906 (nam
837 1859 1085 1911 imperatoris
1102 1871 1215 1896 soror
1243 1871 1361 1910 aegre
1386 1855 1480 1909 fuga

35 1914 203 1954 salutem
233 1917 487 1969 quaesierat‚)
515 1917 560 1955 in
588 1927 640 1954 ea
655 1914 862 1953 multorum
881 1916 1123 1953 contentione
1138 1913 1188 1951 de
1213 1927 1344 1964 regno,
1367 1913 1479 1951 iustis

75 1971 157 2024 piis
182 1970 350 2020 delectis,
373 1971 564 2027 oppidula
573 1969 686 2010 Aeno
713 1971 846 2008 vicina
865 1970 1019 2008 invasit
1043 1978 1081 2007 et
1086 1970 1188 2019 sere
1209 1969 1349 2007 omnia
1370 1968 1478 2006 citra

30 2027 225 2076 megotium
260 2029 364 2081 cepit
378 2056 390 2076 ,
434 2025 720 2066 habitatoribus
753 2025 855 2063 ultro
887 2039 929 2062 se
964 2024 1026 2063 ad
1052 2038 1138 2063 eum
1180 2022 1475 2075 conferentibus.

59 2089 147 2119 nter
176 2090 308 2121 cetera
346 2096 441 2122 vero
480 2083 598 2122 etiam
638 2081 773 2119 urbem
808 2080 997 2118 munitam
1031 2087 1070 2119 et
1098 2079 1351 2134 frequentem
1383 2078 1475 2117 Me-

30 2173 32 2175 ,
52 2136 246 2176 embriam
262 2167 272 2186 ,
314 2137 373 2176 ad
393 2150 507 2177 mare
532 2138 649 2176 sitam
676 2143 749 2179 etc.
777 2148 947 2178 rom-An.

140 2192 248 2244 Pag.
265 2192 364 2244 432,
387 2207 424 2247 7.
453 2191 562 2244 μηδὲ
589 2192 646 2230 Μ.

140 2246 248 2298 Pag.
268 2248 367 2298 452,
394 2262 455 2288 10.
488 2246 671 2296 ἀπέλαβε
700 2246 758 2284 Μ.

141 2301 250 2353 Pag.
270 2302 368 2353 432,
395 2304 455 2345 13.
485 2302 694 2354 προσῆγον
723 2302 782 2340 Μ.
809 2315 984 2355 quoque.

142 2355 244 2409 Pag.
265 2358 361 2407 455,
390 2371 423 2397 ι.
454 2354 525 2396 ἐπὶ
557 2358 611 2396 Μ.
640 2371 719 2409 mg.
749 2371 822 2409 pro
855 2353 932 2400 ἔτι.

143 2411 247 2465 Pag.
266 2413 361 2461 455,
378 2426 415 2453 2.
444 2411 608 2452 uxori
638 2412 854 2463 etsiliis
881 2411 1296 2451 cohabitantem.
1344 2410 1472 2448 Grae-

83 2480 173 2505 rum
201 2468 424 2507 sacerdotes
453 2474 640 2506 uxoratos
673 2481 769 2516 esse,
797 2468 930 2507 notius
959 2474 1034 2517 est,
1067 2481 1189 2520 quam
1215 2473 1262 2504 ut
1289 2464 1473 2504 admoni-

54 2521 143 2560 ione
171 2530 313 2575 egeat,
360 2531 399 2563 et
447 2523 479 2562 si
521 2524 586 2562 cui
629 2523 808 2575 ignotum
848 2530 977 2574 esset,
1016 2523 1057 2561 id
1086 2537 1130 2560 ex
1159 2522 1278 2560 huius
1311 2520 1475 2559 Ioannis

83 2576 236 2628 emplo,
254 2578 304 2618 de
331 2593 412 2632 quo
440 2578 516 2617 hoc
534 2578 662 2631 capite
674 2578 998 2629 Cantacuzenus,
1021 2577 1184 2631 planum
1208 2582 1476 2628 testatumque

33 2631 289 2682 redderetur,
321 2641 366 2672 ut
395 2635 514 2673 etiam
543 2648 588 2672 ex
618 2635 749 2685 primo
776 2648 966 2687 responso
995 2633 1198 2680 Ieremiae,
1226 2631 1478 2683 patriarchae

35 2685 474 2741 Constantinopolitani,
502 2689 553 2727 ad
583 2689 969 2742 Wirtenbergenses.
1030 2687 1205 2726 Multum
1234 2694 1368 2725 tamen
1397 2684 1477 2723 dif-

0 2763 2 2772 v
35 2740 167 2781 ferunt
197 2744 337 2783 Graeci
380 2744 432 2783 ab
468 2744 570 2798 illis,
617 2745 686 2798 qui
717 2744 1038 2798 evangelicorum
1073 2756 1220 2781 nomen
1250 2741 1370 2781 hodie
1401 2739 1476 2778 sibi
