1794 3158
424 151 496 192 AD
537 148 905 194 CANTACUZENJ
945 134 1053 192 Lm
1087 152 1119 191 ι.
1369 127 1481 206 395

51 265 131 306 que
149 249 280 291 omnia
298 252 520 306 inquisivit.
575 254 681 294 Vide
708 255 804 294 item
831 253 998 294 Petrum
1009 251 1188 308 Gyllium
1212 249 1255 291 in
1274 250 1483 291 'Thracico

49 307 242 360 Bosporo-
271 321 440 349 pomum.

74 394 76 397 ,
159 360 262 414 Pag.
289 362 360 413 62,
393 377 426 404 1.
451 358 634 415 μεγάλου
664 365 743 415 Μ.,
775 371 815 404 et
846 363 875 404 l.
898 363 935 406 5.
962 363 1024 403 bis
1053 360 1184 412 ἰδεῖν,
1216 362 1286 402 sed
1317 375 1394 417 pro
1421 361 1481 401 al-

25 418 134 456 'tero
161 414 263 456 ἰδεῖν
290 419 332 457 ίῐι
361 432 441 471 mg.
474 411 554 471 ἤδη
583 417 664 460 καί.

23 477 25 479 ’
157 471 261 524 Pag.
291 472 358 522 62,
391 473 430 516 6.
464 467 539 512 οὖν
559 474 787 513 addendum
818 488 864 514 ex
893 474 952 516 M.
975 480 1063 526 post
1093 472 1183 525 μὲν.

158 526 261 579 Pag.
280 527 427 578 62,20.
451 527 619 582 mffagni
651 531 873 569 canonis
893 530 1155 581 officium.
1214 528 1276 568 Ex
1313 527 1481 567 Triodio

49 580 224 636 quodam
253 581 358 622 libro
394 583 528 623 rituali
560 585 805 624 Graecorum
833 585 882 623 de
924 598 1069 638 magno
1097 597 1250 623 canone
1287 583 1485 623 describe-

27 655 34 665 ²
49 650 140 677 mus
159 667 170 685 ‚
206 651 308 690 quae
338 640 619 692 interpretatus
661 647 719 679 est
750 647 884 679 noster
917 640 1084 679 Iacobus
1122 641 1332 679 Gretserus
1365 639 1482 678 Notis

49 692 92 733 in
123 693 319 733 orationes
346 694 515 734 Patrum
542 693 592 732 de
619 702 756 735 sancta
785 695 928 734 cruce.
961 695 1119 734 Eodem
1134 694 1199 733 die
1227 695 1388 749 (quinta
1408 696 1484 733 sci-

49 747 141 788 licet
174 749 332 802 quintae
372 749 624 789 hebdomadis
662 752 704 790 in
723 749 1055 806 quadragesima)
1105 750 1282 788 canimus
1310 747 1485 800 officium

52 804 191 854 magni
215 805 388 845 canonis.
442 803 563 843 Hunc
590 819 682 844 vere
713 818 769 846 ex
805 805 980 844 omnibus
1017 806 1229 844 canonibus
1263 806 1486 843 maximum

50 859 194 911 optime
219 867 258 898 et
281 859 476 911 ingeniose
502 860 717 914 composuit
735 869 772 900 et
800 861 1028 914 conscripsit
1049 868 1202 901 sanctas
1213 868 1332 914 pater
1356 868 1489 898 noster

49 913 263 962 Andreas,
292 915 604 969 archiepiscopus
637 916 775 955 Cretae
796 924 1052 968 cognomento
1079 914 1486 966 Ηίενοεοζγηιίῐαηιιε,

50 981 106 1006 ex
130 967 334 1009 Damasco
360 970 547 1009 oriundus
561 998 575 1018 ,
622 972 692 1026 qui
729 972 878 1010 decimo
917 979 1060 1026 quarto
1091 971 1228 1011 aetatis
1266 984 1357 1008 suae
1383 984 1489 1008 anno

47 1025 327 1078 grammaticae
355 1024 487 1064 stadia
505 1039 702 1078 aggressus
718 1055 730 1077 ‚
758 1035 797 1066 et
822 1027 863 1066 in
891 1027 1002 1064 omni
1025 1026 1331 1079 disciplinarum
1351 1039 1490 1077 genere

27 1101 34 1109 ·
46 1077 172 1134 probe
197 1080 396 1129 excultus,
431 1080 754 1133 Hierosolymam
791 1082 977 1136 pervenit
1002 1082 1203 1135 vitamque
1230 1081 1488 1118 monasticam

50 1134 160 1180 ιἀἰίι,
202 1135 273 1188 qui
314 1143 443 1174 sancte
486 1144 523 1175 et
554 1138 624 1190 pie
656 1138 784 1175 vitam
814 1150 1008 1191 peragens
1021 1166 1032 1184 ‚
1073 1137 1116 1175 in
1140 1137 1268 1190 quieto
1296 1135 1367 1174 illo
1397 1144 1436 1174 et
1462 1149 1490 1175 a

49 1188 172 1229 turbis
198 1198 343 1229 remoto
381 1190 550 1230 vivendi
576 1192 748 1231 instituto
790 1194 914 1232 multa
944 1191 1102 1246 quidem
1140 1204 1227 1229 cum
1254 1190 1340 1228 alia
1366 1191 1493 1229 eccle-

51 1244 133 1286 siae
159 1243 244 1283 Dei
250 1246 463 1295 fructuosa
492 1247 640 1299 ingenii
664 1248 725 1286 sui
751 1255 999 1288 monumenta
1033 1247 1216 1301 reliquit,
1246 1254 1333 1284 tum*
1354 1246 1493 1283 varias

22 1330 33 1341 ί
49 1299 243 1338 orationes
279 1308 318 1338 et
343 1314 508 1341 canones
523 1330 535 1351 ‚
565 1302 737 1341 crebrior
774 1311 904 1342 tamen
944 1310 983 1342 et
1015 1302 1212 1356 copiosior
1239 1301 1283 1339 in
1303 1313 1492 1354 panegy-

50 1354 146 1396 ricis
172 1355 409 1395 orationibus
439 1358 601 1396 exstitit.
661 1357 736 1397 Ex
763 1359 892 1397 multis
920 1365 1049 1396 autem
1077 1357 1171 1395 aliis
1209 1356 1308 1394 hunc
1344 1369 1494 1409 quoque

36 1416 239 1462 'magnum
265 1424 456 1449 canonem
471 1441 483 1462 ‚
526 1411 683 1468 infinita
710 1415 939 1453 contritione
961 1412 1165 1467 animique
1201 1411 1496 1464 compunctione

22 1514 23 1517 Ἴ
49 1465 234 1514 &sertum
248 1493 261 1514 ‚
292 1466 530 1506 elaboravit.
591 1467 761 1507 Collecta
786 1470 892 1508 enim
924 1469 966 1506 in
998 1481 1116 1506 unum
1144 1467 1328 1505 universa
1354 1467 1497 1504 veteris

50 1526 91 1559 et
114 1521 211 1558 novi
237 1523 453 1560 testamenti
479 1523 643 1561 historia
659 1553 670 1570 ‚
699 1526 893 1563 canticum
923 1524 994 1561 hoc
1019 1522 1236 1576 composuit
1255 1550 1266 1571 ‚
1297 1520 1349 1559 ab
1376 1520 1496 1559 Ada-

46 1585 114 1616 ,mo
160 1575 344 1615 videlicet
390 1590 507 1631 usque
554 1577 613 1616 ad
659 1578 805 1619 Christi
856 1579 1118 1617 ascensionem
1156 1576 1497 1630 apostolorumque

42 1629 380 1689 praedicationem
398 1649 411 1668 .-
456 1645 531 1686 quo
576 1632 734 1687 quidem
771 1648 922 1674 omnem
964 1634 1142 1671 animam
1173 1633 1420 1677 cohortatur,
1456 1639 1499 1669 ut

48 1698 97 1726 ea
112 1714 123 1732 ‚
153 1699 253 1740 quae
287 1687 330 1725 in
369 1687 531 1725 historia
555 1688 665 1727 videt
699 1703 777 1728 esse
804 1690 906 1728 bona
923 1697 962 1726 et
995 1686 1216 1726 laudabilia
1239 1699 1319 1740 pro
1345 1685 1497 1723 viribus

48 1748 233 1791 sectetur,
262 1755 362 1796 quae
391 1756 486 1781 vero
515 1743 625 1782 mala
642 1771 653 1792 ‚
670 1745 815 1796 fitgiat
839 1753 877 1783 et
907 1751 1108 1782 aversetur
1125 1771 1136 1790 ‚
1178 1754 1401 1796 semperque
1438 1740 1498 1780 ad

49 1794 182 1838 Deum
208 1805 385 1836 recurrat
409 1811 486 1851 per
505 1800 801 1853 poenitentiam,
829 1813 905 1853 per
932 1799 1131 1848 lacrymas
1144 1826 1154 1845 ‚
1180 1811 1259 1851 per
1286 1795 1497 1849 confessio-

20 1864 137 1899 ,nem
178 1861 217 1891 et
247 1866 325 1906 per
364 1852 450 1892 alia
480 1853 704 1892 huiusmodi
739 1855 871 1893 Deum
907 1853 1108 1907 placandi
1158 1853 1268 1906 eique
1306 1850 1498 1905 placendi

48 1907 194 1946 media.
257 1909 363 1962 Quin
389 1908 489 1950 adeo
518 1922 647 1948 canon
674 1911 738 1948 hic
767 1922 934 1948 canorus
968 1917 1024 1947 est
1038 1938 1048 1956 ‚
1092 1916 1130 1947 et
1157 1908 1200 1945 in
1230 1907 1386 1945 animas
1412 1914 1496 1943 tam

31 1962 168 2020 facile
196 1963 351 2018 influit,
383 1972 425 2002 ut
448 1973 487 2003 et
514 1973 681 2004 mentem
704 1995 716 2013 ‚
754 1966 827 2003 etsi
850 1964 1094 2019 praeduram
1107 1992 1118 2013 ‚
1160 1963 1254 2001 satis
1285 1961 1465 2000 emolliat
1481 1978 1494 1999 .-

48 2025 90 2056 et
112 2019 172 2057 ad
187 2019 451 2073 recipiendum
477 2019 524 2057 id
539 2049 551 2070 ,
592 2020 700 2074 quod
722 2020 863 2058 bonum
892 2028 930 2057 et
954 2020 1154 2058 honestum
1188 2025 1270 2067 est,
1320 2016 1465 2055 excitet
1481 2044 1492 2064 ‚

47 2071 262 2113 dummodo
288 2075 402 2114 corde
442 2076 610 2114 contrito
655 2084 693 2114 et
718 2076 859 2114 debita
905 2087 993 2112 cum
1035 2074 1243 2114 attentione
1282 2071 1494 2127 psallatur.

21 2124 23 2128 ⁴
46 2126 165 2168 Fecit
189 2139 317 2169 autem
361 2131 460 2170 hunc
489 2143 679 2169 canonem
710 2144 754 2169 eo
794 2139 964 2184 tempore
982 2158 994 2178 ‚
1023 2142 1099 2182 quo
1127 2142 1293 2182 magnus
1319 2126 1494 2179 Sophro-

49 2183 159 2233 nias,
175 2186 409 2239 patriarcha
421 2185 806 2236 Hierosolymitanus
820 2215 831 2234 ‚
859 2187 985 2224 vitam
1016 2184 1180 2222 Mariae
1222 2182 1496 2236 Aegyptiacae

49 2236 190 2279 litteris
220 2241 430 2280 mandavit
449 2270 460 2289 ‚
494 2255 594 2295 quae
621 2250 657 2279 et
684 2241 770 2296 ipsa
797 2240 1100 2294 compunctionis
1135 2238 1370 2293 plenissima
1406 2246 1462 2274 est
1482 2267 1494 2286 ‚

49 2291 245 2350 lapsisque
285 2304 324 2335 et
344 2297 620 2350 peccatoribus
648 2297 810 2334 multum
838 2295 1112 2335 consolationis
1142 2293 1283 2349 affert,
1314 2293 1352 2331 si
1378 2291 1496 2330 modo

49 2361 78 2387 a
98 2352 244 2403 pravis
266 2352 443 2405 operibus
474 2351 655 2392 desistere
691 2351 829 2390 velint.
883 2350 986 2402 Lege
1021 2359 1149 2388 autem
1187 2356 1382 2402 receptum
1410 2355 1466 2384 est
1482 2377 1493 2394 ‚

49 2411 92 2443 ut
118 2405 191 2443 hac
216 2405 281 2445 die
310 2407 462 2459 legatur
497 2407 576 2446 hac
607 2406 657 2444 de
684 2421 818 2444 causa.
876 2405 978 2444 Cum
1016 2406 1119 2444 enim
1157 2413 1293 2443 sancta
1320 2402 1498 2456 quadra-

44 2459 192 2511 gesima
224 2462 283 2501 ad
292 2461 429 2516 finem
461 2462 620 2509 tendat,
653 2475 701 2500 ne
720 2460 894 2500 homines
931 2461 1127 2512 segniores
1153 2458 1281 2512 effecti
1306 2458 1497 2512 spiritua-

47 2511 108 2554 lia
131 2519 352 2556 certamina
371 2517 622 2570 negligentius
650 2518 787 2555 ineant
805 2546 817 2566 ,
848 2517 1048 2569 vitamque
1076 2515 1251 2554 sobriam
1282 2522 1319 2551 et
1349 2521 1493 2565 tempe-

49 2577 208 2610 rantem
246 2572 380 2610 valere
405 2573 564 2612 iubeant
580 2600 592 2622 ‚
631 2572 834 2610 maoeimus
871 2571 984 2610 adest
1009 2571 1194 2610 Andreas
1209 2600 1219 2614 ,
1261 2569 1349 2623 qui,
1390 2567 1497 2605 velut

49 2623 194 2676 aliptes
209 2655 222 2675 ‚
259 2640 336 2680 per
375 2628 557 2666 historias
594 2628 731 2679 magni
762 2627 928 2666 canonis
976 2625 1244 2666 enumerando
1285 2623 1494 2674 insignium

49 2679 228 2720 virorum
266 2681 447 2720 virtutem
483 2692 522 2722 et
557 2683 826 2737 improborum
860 2696 991 2720 casum
1032 2690 1070 2719 et
1103 2680 1341 2718 eversionem
1357 2706 1370 2726 ‚
1401 2691 1464 2715 eos
1481 2704 1493 2725 ‚

49 2734 123 2788 qui
153 2734 357 2776 laboribus
375 2737 568 2780 -insistmu
581 2767 594 2788 ,
636 2738 856 2778 alacriores
902 2746 937 2775 et
951 2765 962 2786 ,
997 2744 1039 2775 ut
1079 2736 1139 2776 ita
1172 2734 1304 2773 dicam
1323 2762 1334 2783 ‚
1377 2745 1494 2783 gene-
