1794 3158
407 149 480 190 AD
531 149 906 191 CANTACU'JAENJ
937 149 1035 189 Lm.
1064 152 1096 190 1.
1358 131 1472 204 439

149 255 238 305 Pag
264 252 358 302 2¹32,
382 267 444 292 ιι,
479 249 674 304 πράττειν
702 254 755 294 Μ.
784 268 858 306 pro
891 256 1039 298 ποιεῖν.

148 309 246 360 Ριις,
265 310 357 354 252,
374 322 440 346 Ἅι.
473 302 581 354 εἶπες
610 309 666 349 Μ.
696 323 817 361 supra
844 308 1005 352 lineam.

147 363 359 416 Pag.253‚
384 378 418 402 1.
449 359 521 402 τὸν
550 363 728 412 βασιλέα
758 365 811 402 Μ.

151 418 249 471 Ρας
267 418 362 467 253,
387 431 448 456 12.
480 412 724 467 ἀμύνασθαι
753 418 811 462 Μ,

135 472 252 526 ,Ραὸη
272 471 420 523 2546.
446 468 490 512 τὸ
527 472 619 515 add.
651 473 707 511 M.
736 487 856 526 supra
883 472 953 512 lin.
982 481 1076 514 ante
1103 470 1343 522 Βυζάντιον.

148 527 251 581 Pag.
270 527 362 578 255,
379 529 415 568 3.
445 526 503 573 εἰς
533 529 592 566 Μ.
626 535 664 567 et
694 527 719 568 l.
748 528 788 567 8.
824 525 971 567 εἵνεκα.

150 582 444 637 Pag.255,14.
486 597 586 637 per
627 583 860 621 hostilia
901 584 1016 622 loca
1070 584 1294 622 inermes
1338 584 1473 622 ince-

38 639 177 680 dere.
234 638 463 692 Iphicrates,
493 636 795 676 Atheniensium
838 637 945 688 dux,
975 639 1007 676 si
1035 636 1137 676 bene
1166 639 1360 689 memini,
1393 640 1475 677 aie-

38 693 109 734 bat
127 723 140 744 ‚
173 695 290 733 etiam
318 708 388 747 per
430 693 646 731 amicorum
688 694 890 745 regionem
930 693 1154 732 transeunti
1195 700 1324 732 castra
1367 707 1476 732 com-

38 749 282 799 munienda;
310 749 404 801 quia
424 746 608 787 videlicet
635 762 790 800 semper
809 755 867 787 est
895 750 1044 787 incerta
1063 749 1267 794 securitas,
1291 756 1476 801 propter-

37 818 85 844 ea
126 804 235 857 quod
273 802 386 843 nulla
431 810 490 843 est
531 803 672 841 animis
703 810 809 842 certa
849 803 960 856 fides..
1033 802 1124 842 Huc
1163 805 1258 842 item
1304 805 1476 856 pertinet

36 867 292 913 praeceptum
323 857 551 897 Onosandri
579 857 648 896 lib.
677 872 710 897 1.
732 872 821 911 cap.
845 858 882 898 8.
915 859 1137 911 Strategici.
1197 859 1418 910 Imperator
1443 859 1478 897 si

37 916 80 954 in
116 914 248 953 hostili
279 912 364 953 solo
388 921 516 953 castra
548 920 684 966 ponat,
714 915 848 952 statim
877 912 984 952 vallo
1025 912 1214 966 fossaque
1246 915 1394 965 cingat,
1424 912 1476 951 li-

38 977 102 1009 cet
132 969 188 1007 ibi
218 969 266 1008 ad
299 968 420 1008 breve
448 976 605 1021 tempus
636 968 842 1008 considere
868 967 1057 1008 voluerit.
1121 969 1229 1007 Haec
1268 968 1375 1006 enim
1407 982 1477 1006 ca-

36 1025 199 1064 strensis
227 1025 330 1063 ratio
357 1038 561 1077 nunquam
592 1023 830 1077 poenitenda
875 1037 1118 1076 semperque
1156 1030 1243 1062 tuta
1287 1023 1479 1062 adversus

35 1081 263 1133 repentinas
295 1086 335 1118 et
362 1080 594 1132 improvisas
622 1078 878 1132 irruptioneS.
937 1078 1114 1118 Collocet
1141 1079 1259 1116 etiam
1279 1078 1480 1117 custodias

38 1149 84 1174 ac
113 1135 391 1187 speculatores,
427 1135 540 1188 quasi
565 1148 690 1188 prope
720 1134 851 1173 adsint
877 1133 1026 1182 hostes,
1058 1134 1133 1174 etsi
1157 1132 1313 1188 longius
1340 1133 1478 1172 abesse

34 1197 160 1244 putet.
197 1204 365 1233 ronna.

147 1244 248 1297 Pag.
267 1244 363 1294 256,
385 1243 423 1284 5.
460 1239 661 1295 βασιλεῦς
694 1244 754 1282 Μ.

148 1299 360 1352 Pag.256‚
390 1315 447 1351 ¹7·
477 1300 526 1338 in
565 1299 634 1337 Lo
647 1299 963 1338 nabar-diam.
1019 1297 1061 1338 Si
1091 1298 1237 1351 placet,
1271 1297 1369 1337 audi
1399 1297 1480 1341 hac

41 1353 91 1393 de
119 1369 164 1394 re
189 1355 428 1394 scribentem
458 1355 678 1404 Gregoram
707 1353 778 1394 lib.
797 1354 835 1393 6.
864 1360 906 1392 in
935 1353 1044 1392 hunc
1073 1354 1263 1392 modum:
1320 1353 1404 1391 Sed
1428 1366 1481 1391 ea

35 1424 103 1464 spe
120 1411 323 1462 fiastmta
341 1409 506 1459 (Irene)
541 1409 804 1459 Theodorum,
826 1410 993 1448 alterum
1009 1408 1167 1464 filium,
1198 1422 1285 1446 cum
1310 1409 1480 1462 pecunia

38 1467 224 1504 maxima
252 1466 294 1504 in
316 1467 497 1519 patriam
529 1478 640 1502 suam
677 1464 962 1503 Lombardiam
989 1465 1105 1502 mittit
1120 1482 1132 1502 :
1177 1464 1318 1502 maluit
1341 1464 1445 1501 enim
1466 1492 1479 1513 ,

35 1528 78 1559 ut
109 1521 343 1559 Latinorum
369 1521 426 1559 ibi
455 1520 679 1571 religionem
706 1520 850 1558 coleret
885 1529 923 1558 et
959 1532 1126 1573 peregre
1157 1520 1307 1557 minore
1342 1517 1476 1569 digni-

30 1583 113 1614 tate
147 1585 253 1625 esset,
290 1590 409 1630 quam
443 1583 485 1612 ut
509 1575 621 1612 domi
646 1574 822 1621 illustris⁷
853 1576 980 1613 inviso
1005 1574 1199 1627 privigno
1231 1571 1478 1623 (Andronico

37 1629 186 1669 imziori
199 1660 212 1680 ‚
240 1632 310 1685 qui
337 1631 409 1668 avi
434 1630 495 1667 sni
503 1629 624 1684 filius
651 1629 760 1667 toties
800 1630 1056 1682 appellatur‚)
1092 1629 1246 1683 eiusque
1270 1628 1478 1681 posteritas

36 1685 145 1723 illias
166 1686 388 1739 posteritati
425 1686 597 1724 serviret.
652 1683 779 1738 Atque
806 1685 862 1721 ita
885 1685 1055 1722 incitata
1084 1697 1201 1721 suam
1225 1682 1479 1735 cupiditatem

28 1739 79 1779 >in
107 1754 182 1779 uno
211 1740 471 1793 saltemjilio,
501 1738 704 1778 Theodoro
723 1738 966 1784 Marchione‚
992 1738 1183 1792 explevit.
1240 1735 1370 1776 Paulo
1386 1743 1481 1775 ante

35 1794 225 1847 Spinulae
255 1795 463 1834 cuiusdam
495 1794 715 1832 Genuensis
742 1792 863 1831 filiam
893 1794 1041 1846 cepisse
1065 1806 1232 1831 uxorem
1254 1792 1366 1841 dicit,
1394 1805 1479 1830 non

34 1863 204 1903 magnae
234 1850 480 1888 auctoritatis
516 1856 587 1887 aut
615 1847 831 1887 nobilitatis
860 1848 952 1887 viri.
1007 1847 1161 1885 Latinis
1202 1848 1306 1885 enim
1333 1846 1475 1884 nobili·

37 1905 104 1944 bus
135 1905 354 1956 haudfire
378 1905 507 1943 stadio
533 1913 588 1942 est
621 1918 707 1942 cum
735 1904 936 1952 Romanis,
961 1905 1081 1941 irnmo
1099 1916 1149 1941 ne
1167 1916 1254 1940 cam
1278 1902 1372 1954 ipsis
1388 1902 1480 1955 qai-

34 1960 126 1999 dem
152 1961 448 2014 imperatoribus
475 1957 692 2010 affinitates
729 1959 899 2010 iungere.
970 1958 1077 1997 Nam
1116 1971 1185 1995 nec
1218 1957 1305 2010 ipsa
1318 1985 1329 1999 ,
1361 1956 1396 1992 si
1427 1956 1479 1994 il-

34 2015 149 2054 lustri
176 2024 271 2054 nata
294 2029 431 2067 gener-e
451 2016 599 2066 ficisset
612 2044 622 2062 ,
670 2014 845 2052 Romano
870 2013 1006 2064 filcile
1039 2013 1241 2065 nupsisset.
1299 2010 1377 2049 Sed
1415 2024 1480 2048 re-

35 2070 168 2109 futant
213 2072 433 2123 Gregoram
465 2069 577 2108 ducis
617 2070 939 2107 Braunsvicensis
976 2075 1014 2106 et
1061 2066 1286 2106 sabaudiae
1321 2066 1480 2104 comitis

34 2124 166 2176 filiae,
209 2139 311 2179 quae
359 2125 500 2164 ambae
541 2139 633 2163 cum
674 2123 906 2162 Andronico
935 2124 1090 2162 iuniore
1117 2129 1266 2175 nuptae
1297 2120 1476 2159 fuerunt.

37 2180 92 2220 Et
125 2194 209 2233 cap.
235 2181 300 2229 4ο.
330 2180 564 2228 ostenditur,
590 2186 835 2232 quantopere
863 2178 987 2217 frater
1016 2177 1159 2216 Annae
1187 2177 1236 2216 de
1270 2176 1346 2215 hoc
1391 2189 1478 2213 ma-

35 2236 227 2275 trimonio
250 2235 420 2275 laetatus
441 2237 508 2285 sit,
537 2241 862 2289 quantopereque
904 2247 1082 2273 sororem
1110 2232 1259 2272 idcirco
1297 2231 1478 2270 honora-

37 2291 106 2330 rit.
138 2304 308 2330 romum.

146 2344 249 2397 Pag.
270 2345 365 2399 257,
381 2346 420 2386 6.
447 2345 662 2384 Mar-cus
692 2343 922 2400 quidam.
982 2342 1112 2382 Multo
1133 2341 1386 2382 inhumanius
1410 2340 1479 2379 ha-

35 2399 165 2440 bitum
198 2401 294 2439 dicit
317 2401 525 2453 Gregoras.
583 2400 667 2439 Sed
687 2414 808 2454 neque
842 2401 950 2454 ipse,
983 2414 1104 2453 neque
1132 2398 1252 2437 verba
1282 2398 1365 2436 eius
1394 2396 1480 2434 ulla

35 2470 92 2494 ex
118 2465 233 2509 parte
260 2455 578 2503 admittebantur,
624 2455 695 2494 secl
721 2463 759 2493 et
791 2455 987 2508 lapidibus
1019 2468 1186 2508 superne
1218 2453 1272 2491 ab
1303 2452 1374 2500 iis,
1410 2451 1481 2504 qui

34 2512 331 2564 propagnmrula
365 2511 558 2550 moenium
602 2510 810 2549 tuebantur
823 2538 834 2556 ‚
897 2509 1109 2562 legabatur:
1154 2508 1225 2563 qui
1250 2522 1299 2545 ne
1339 2519 1478 2544 vocem

37 2566 196 2619 quidem
222 2568 302 2604 eius
312 2567 527 2617 fioebant‚
558 2580 717 2620 eumque
743 2566 1027 2604 contumeliosis
1066 2563 1181 2602 dictis
1221 2563 1380 2615 impune
1412 2561 1477 2598 in-

37 2620 256 2658 cessebant:
284 2630 322 2659 et
344 2622 598 2673 ignominiose
627 2620 897 2665 dimittebant,
920 2620 1013 2659 dolo
1031 2619 1194 2672 plenam
1225 2631 1303 2656 esse
1334 2624 1371 2656 et
1406 2628 1478 2654 co-

39 2675 264 2726 gitationem
291 2685 327 2713 et
355 2678 569 2716 orationem
593 2678 671 2714 eim
696 2676 893 2715 dictantes.
927 2688 1102 2717 ΡοΝΤΑΝ.

150 2729 257 2783 Pag.
274 2731 367 2784 257,
385 2745 425 2785 7.
462 2727 549 2778 υἱὸς
578 2731 668 2772 add.
697 2731 757 2770 M.
787 2737 876 2783 post
908 2724 1074 2780 Βάρδα.
