1800 3164
321 169 394 223 86
855 179 1225 224 CANTACUZENJ

114 293 202 329 A.C.
220 294 304 339 1348
319 291 487 344 φαίνετο
528 286 841 340 γεωργουμένη,
888 287 963 325 καί
992 285 1066 338 τῆς
1094 283 1325 339 μελλούσης
1349 285 1508 334 εὐεξίας
1537 288 1613 327 οιῖκ
1640 287 1758 340 α’γεν-

315 358 398 403 νεῖς
427 352 649 407 παρείχετο
676 350 862 397 ἐλπίδας.
899 348 950 389 οὕ
989 348 1114 401 μόνον
1143 351 1188 391 δὲ
1214 355 1304 398 ταῖς
1346 348 1490 392 πόλεσι
1527 352 1642 407 κοινῇ
1679 367 1761 392 πα-

315 417 475 475 ρείχετο
505 416 581 465 τας
610 415 872 469 εὐεργεσίας,
907 413 1014 455 ἄλλα
1053 413 1124 456 καί
1158 416 1245 471 ἰδίᾳ
1277 411 1326 457 εὖ
1357 415 1454 465 τούς
1489 413 1688 466 δυνατούς
1719 418 1761 458 ἑ-

313 486 423 526 ποιέι
450 485 530 525 τῶν
563 482 912 534 Πελοποννησίων
929 497 940 508 ·
982 486 1066 530 τοῖς
1094 482 1139 522 δὲ
1166 481 1289 522 οὐδὲν
1320 483 1403 522 τῶν
1433 483 1657 536 γινομένων
1684 477 1761 536 ἦρ-

313 566 398 602 κει,
443 547 546 589 α’λλιὶ
580 545 719 588 πάντα
758 548 919 599 μᾶλλον
952 542 1058 600 ἦσαν
1087 546 1259 599 α’νεκτὰ,
1298 542 1325 601 ἢ
1353 545 1398 588 τὸ
1428 546 1488 603 μὴ
1518 544 1796 598 στασιάζειν5

306 615 386 661 ,καί
409 616 466 670 τῷ
495 614 684 669 σφετέρῳ
714 614 906 668 χρῆσθαι
926 607 1037 667 ἤθει.
1095 610 1195 655 ὅθεν
1222 611 1327 667 πρὸς
1357 611 1562 668 ἀλλήλους
1594 612 1653 668 μή
1685 615 1761 655 δυ-

310 678 481 732 νάμενοι
510 676 581 719 δια
614 678 660 719 τὸ
695 677 800 733 πρὸς
829 677 902 721 τὸν
932 677 1134 734 δεσπότην
1175 681 1286 731 δέος,
1330 681 1406 735 μιᾷ
1431 678 1574 736 γνώμῃ
1608 680 1761 729 πάντες

311 748 372 787 ἐπ’
395 743 521 786 αὐτὸν
561 746 823 799 συνέστησαν
863 744 936 786 καί
961 743 1142 798 πόλεμον
1170 738 1326 800 ἤραντο
1348 747 1480 802 κοινῇ.
1535 744 1759 788 συνεσκεύ-

271 803 389 854 caue
418 812 463 852 δὲ
502 808 579 866 τὴν
623 810 851 865 ἐπιβουλὴν
884 809 1165 864 Λαμπούδιός
1195 827 1258 860 τις
1286 808 1307 851 ὅ
1336 810 1435 865 περὶ
1460 813 1598 853 ταῦτα
1627 809 1761 853 δεινό-

309 893 432 927 τατος
464 878 548 918 τῶν
586 879 962 932 Πελοποννησίων·
1006 876 1052 926 ὃς
1080 875 1223 932 ἐπειδὴ
1257 875 1458 934 πρότερον
1491 877 1531 920 οἱ
1559 876 1756 920 α’νθιστά-
1776 894 1800 927 1!

308 959 427 996 μενοι
461 944 606 985 ἐνίκων
616 977 630 996 ,
676 942 841 985 πάντων
882 938 941 985 ὧν
983 940 1094 997 εἶχεν
1133 944 1453 998 ἀποστερηθείς,
1495 944 1555 991 εἰς
1582 942 1760 998 ἐσχάτην
1792 940 1800 962 ³

308 1005 439 1063 ἤλασε
471 1011 642 1061 πενίαν,
693 1010 764 1051 διὰ
800 1010 884 1050 τῶν
911 1010 1076 1065 τρόπων
1104 1007 1182 1063 τήν
1208 1011 1452 1065 μοχθηρίαν
1483 1009 1557 1051 καί
1582 1007 1629 1050 τὸ
1663 1011 1763 1064 περὶ

171 1080 296 1116 V.Goa
309 1074 356 1116 τὸ
387 1074 628 1125 στασιάζειν
657 1075 915 1130 ἐξησκῆσθαι
942 1074 1015 1116 καί
1044 1075 1124 1115 ὑπὸ
1154 1077 1231 1116 τοῦ
1276 1074 1474 1117 δεσπότου
1508 1076 1760 1131 παροφθείς.

308 1138 400 1182 εἶτα
427 1140 670 1195 προσελθών
712 1139 785 1181 καί
823 1141 988 1195 δεηθείς
1029 1143 1102 1182 καὶ
1137 1145 1298 1190 πίστεις
1326 1140 1673 1196 παρασχόμενος,
1703 1141 1760 1189 ὡς

308 1202 432 1247 οὐδὲν
463 1206 660 1248 οὐδέποτε
693 1206 997 1260 νεωτερίσειεν,
1028 1208 1119 1248 ἀλλ’
1137 1203 1284 1256 εὔνους
1314 1207 1427 1264 αὐτῷ
1464 1207 1537 1248 καὶ
1578 1210 1664 1249 τῶν
1685 1219 1800 1262 ‹pt-1:

306 1270 487 1312 λούντων
519 1266 624 1324 ἄγαν
654 1277 793 1324 μενεῖ,
822 1268 1133 1326 ἆνελαμβοένετό
1164 1289 1208 1315 τε
1237 1271 1309 1314 καὶ
1346 1275 1403 1323 εἰς
1446 1272 1521 1327 τὴν
1554 1274 1759 1329 προτέραν

305 1335 436 1391 τύχην
464 1331 582 1391 ἤγετο
601 1370 613 1390 ,
645 1336 802 1386 πολλάς
831 1337 1030 1393 ἀφορμάς
1059 1339 1117 1387 εἰς
1150 1338 1196 1379 τὸ
1232 1343 1424 1380 πλουτεῖν
1465 1340 1756 1395 παρεχομένου

305 1405 382 1443 τοῦ
411 1400 630 1448 δεσπότου,
695 1403 768 1444 καί
794 1402 897 1459 πρὸς
923 1403 1022 1452 τοὺς
1049 1401 1298 1453 ἀντιπάλους
1327 1401 1557 1457 ἀξιόμαχος
1586 1400 1665 1459 ἤδη
1694 1400 1756 1459 ἦν.

262 1463 402 1510 Βοῦτε
445 1468 526 1524 γὰρ
558 1472 843 1523 κακοπραγία,
885 1461 1218 1525 οὕτέύημερία,
1260 1466 1354 1512 οὔτε
1381 1467 1535 1524 χρόνος
1565 1469 1587 1510 ὅ
1617 1467 1755 1512 πάντα

303 1534 416 1575 λύων
448 1533 635 1576 διαλύειν
674 1532 855 1576 δύναται
896 1537 1036 1583 αὐτοῖς
1062 1535 1139 1590 τὴν
1166 1536 1272 1590 πρὸς
1317 1533 1524 1589 ἀλλήλους
1563 1533 1800 1591 ἔχθραν,ᾝ

251 1636 262 1643 .
304 1598 410 1641 ἄλλα
441 1599 514 1641 διὰ
548 1602 643 1653 βίου
683 1616 728 1641 τε
768 1602 966 1653 πολέμιοί
997 1604 1103 1643 εἰσιν
1133 1601 1350 1656 ἀλλήλοις,
1384 1602 1456 1644 καί
1479 1601 1583 1655 μετὰ
1612 1607 1754 1643 τελευ-

302 1663 380 1718 την
410 1662 549 1720 ὥσπερ
592 1663 686 1707 τινιὶ
731 1669 924 1723 πατρῷον
963 1669 1115 1722 κλῆρον
1147 1667 1467 1717 καταλείποντες
1508 1673 1593 1716 τοῖς
1632 1669 1756 1710 παισὶ

260 1751 262 1753 >
302 1729 380 1784 τήν
407 1729 659 1787 πρόςτινας
688 1731 914 1787 διαφοράν.
972 1732 1045 1774 καί
1070 1735 1151 1775 τῶν
1183 1732 1436 1789 Λυκούργου
1479 1732 1619 1786 νόμων
1650 1731 1754 1775 πάν-

302 1873 427 1906 bitura
451 1873 560 1906 etiam
585 1881 695 1920 atque
721 1876 830 1908 etiam
848 1877 1069 1920 sperabatur.
1096 1879 1170 1910 Nee
1191 1872 1307 1911 solum
1332 1878 1484 1911 urbibus
1503 1879 1752 1921 communiter,

302 1919 367 1952 sed
391 1922 584 1963 separatim
615 1933 761 1967 quoque
784 1924 995 1966 proceribus
1022 1924 1335 1968 l'eloponnesiacis
1360 1925 1638 1966 benefaciebat,
1665 1927 1752 1971 quis

301 1966 370 1999 bus
394 1971 514 2009 tanien
541 1967 636 2000 nihil
662 1969 892 2009 sufficiebat,
926 1970 989 2003 sed
1015 1971 1108 2003 ferre
1134 1976 1304 2015 poterant
1328 1973 1469 2012 omnia,
1495 1979 1750 2018 praeterquam

302 2023 376 2046 non
402 2023 567 2046 exercerc
604 2015 800 2056 factiones,
834 2027 901 2050 nec
937 2018 1010 2049 suis
1037 2017 1092 2050 uti
1118 2017 1290 2055 moribus,
1339 2018 1462 2063 Quare
1486 2031 1565 2052 cum
1591 2019 1628 2053 id
1653 2021 1752 2054 inter

303 2071 341 2092 se
374 2064 473 2092 metu
509 2059 682 2104 despotae
722 2074 797 2096 non
825 2069 998 2107 possent,
1032 2076 1102 2096 una
1129 2069 1248 2098 mente
1273 2076 1396 2098 omnes
1428 2067 1468 2099 in
1494 2077 1576 2099 cum
1604 2066 1750 2111 conspi-

302 2110 383 2138 rant
434 2107 646 2151 pariterque
692 2119 788 2142 arma
823 2115 981 2147 sumunt.
1038 2110 1192 2144 Insidias
1228 2116 1348 2144 autem
1385 2116 1421 2144 et
1460 2112 1562 2145 dolos
1598 2113 1750 2158 quidam

302 2152 528 2195 Lampudius
565 2153 815 2196 machinatur,
851 2156 978 2189 harum
1019 2158 1151 2191 artium
1190 2169 1232 2191 ex
1269 2157 1437 2191 omnibus
1476 2159 1748 2204 Peloponnesiis

302 2199 544 2243 peritissimus
559 2201 644 2245 ‚qui
669 2201 714 2231 ab
735 2202 883 2235 adversa
900 2203 1058 2237 factione
1082 2206 1198 2239 victus
1222 2210 1259 2238 et
1283 2205 1519 2239 facultatibus
1534 2207 1608 2239 suis
1633 2217 1748 2251 usque

303 2245 350 2277 ad
384 2256 498 2277 assem
533 2246 713 2288 nudatus,
740 2248 785 2279 ad
822 2250 987 2282 ultimam
1019 2250 1183 2285 redactus
1220 2253 1399 2296 inopiam,
1432 2258 1580 2297 propter
1608 2264 1748 2286 morum

303 2292 578 2335 improbitatem
614 2295 984 2342 exercitationemque
1019 2297 1057 2330 in
1084 2298 1307 2332 concitandis
1345 2298 1588 2332 seditionibus
1628 2311 1648 2331 a
1683 2299 1747 2332 de-

304 2343 408 2381 spota
441 2348 587 2383 quoque
628 2340 906 2384 despiciebatur.
956 2343 1010 2377 Ad
1048 2355 1154 2388 quein
1190 2345 1323 2378 deiude
1349 2344 1473 2379 adiens
1500 2352 1536 2378 et
1556 2357 1636 2378 cum
1660 2357 1747 2390 pre-

304 2384 405 2418 cibus
436 2385 543 2418 fidem
572 2385 824 2432 obstringens,
863 2388 957 2422 nihil
983 2401 1138 2434 unquam
1173 2403 1345 2427 novarum
1370 2403 1490 2425 rerum
1514 2393 1747 2431 moliturum,

303 2431 367 2465 scd
392 2431 470 2464 eius
498 2432 771 2477 cupidissimum
797 2445 938 2479 semper
963 2436 1065 2476 sore,
1095 2439 1140 2471 ab
1167 2449 1209 2471 eo
1238 2444 1424 2483 susceptus
1449 2444 1557 2484 atque
1583 2439 1622 2471 in
1648 2439 1747 2483 prio·

304 2489 378 2511 rem
404 2482 537 2511 statum
563 2480 750 2514 restitutus
776 2487 840 2521 est,
866 2483 1077 2527 multaeque
1104 2485 1149 2516 ad
1171 2496 1256 2530 opes
1283 2486 1546 2528 exaggerandas
1570 2485 1744 2518 illiocca-

303 2524 423 2558 siones
458 2525 581 2566 datae,
629 2533 670 2560 ut
701 2528 773 2560 iam
798 2529 961 2571 potentia
987 2530 1199 2564 adversariis
1227 2537 1498 2576 exaequaretur.
1547 2531 1622 2564 Nec
1646 2532 1745 2566 enim

304 2572 360 2604 vel
384 2572 563 2605 secundae
587 2573 644 2606 vel
669 2574 837 2607 turbidae
866 2587 921 2608 res
940 2601 949 2616 ,
970 2587 1037 2609 nec
1066 2582 1206 2621 tempus
1234 2580 1354 2612 omnia
1382 2589 1593 2612 consumens
1617 2583 1744 2611 mutua

305 2617 448 2652 illorum
474 2618 558 2652 odia
582 2620 679 2652 valet
702 2631 933 2662 consumere,
966 2622 1029 2655 sed
1056 2635 1170 2669 usque
1196 2625 1241 2657 ad
1266 2630 1416 2658 mortem
1443 2624 1653 2657 iuimicitias
1683 2635 1743 2669 ge-

304 2670 404 2697 runt:
429 2671 467 2698 et
489 2670 571 2710 post
594 2671 744 2700 mortem
770 2669 870 2701 velut
893 2671 1150 2713 patrimonium
1184 2671 1364 2716 quoddam
1400 2671 1485 2704 tiliis
1520 2671 1743 2704 simultatem

303 2723 383 2744 eum
415 2711 599 2757 aliquibus
633 2711 866 2759 relinquunt,
900 2726 942 2748 ac
981 2716 1136 2760 Lycurgi
1171 2717 1288 2761 legum
1325 2729 1449 2762 parum
1491 2717 1746 2757 observantes,

306 2759 368 2792 uni
403 2764 546 2793 tantum
579 2759 724 2794 Solonis
760 2761 922 2796 studiose
949 2762 1147 2801 obediunt,
1174 2764 1333 2797 notantis
1359 2764 1507 2798 infamia
1535 2765 1654 2806 cives,
1678 2764 1744 2810 qui
