1794 3158
396 132 468 173 ΑΙ)
515 131 879 175 emmenum
929 134 1024 173 mn.
1054 135 1125 174 111.
1363 115 1469 189 537

48 233 196 289 'gnentii
225 234 384 289 triginta
411 250 476 275 sex
520 234 696 274 millibus
742 234 882 288 viginti
916 240 1089 289 quatuor
1120 232 1244 273 millia
1271 237 1474 288 periissc.’'

49 303 220 330 ron'rn‘.

154 345 259 398 Pag.
281 345 375 395 545,
406 359 438 385 1.
466 355 615 385 mente
643 347 837 400 privat.
893 344 1015 398 Apud
1042 350 1207 393 veteres,
1235 352 1281 384 ut
1305 346 1475 399 quisque

47 397 156 439 Deus
182 402 324 454 cuique
367 401 520 440 homini
564 401 664 440 bene
708 407 778 439 aut
817 398 919 439 male
951 398 1175 439 consultum
1203 408 1390 454 cuperet,
1420 404 1476 441 ita

48 454 84 493 ei
111 454 263 494 bonum
302 463 371 495 aut
411 456 560 495 malum
586 454 794 495 consilium
823 455 917 494 dare
945 455 1158 508 putabatur
1177 486 1187 502 ‚
1227 455 1477 509 profuturas-

47 512 126 563 q'ue
151 517 219 549 aut
242 513 442 551 nocituras
470 512 704 564 cupiditates
732 512 773 549 in
802 511 884 549 eius
916 512 1092 549 animum
1121 511 1344 553 immittere.
1413 513 1480 552 Ex‘

47 578 126 618 qua
152 566 338 619 opinione
362 574 420 606 est
439 566 548 605 -1'llud
577 566 737 606 Aeneae
767 565 875 618 apud
894 566 1100 605 Maronem
1115 581 1151 606 2.
1166 566 1333 609 Aeneid.
1349 582 1362 607 :
1392 567 1478 607 Hie

46 621 148 660 mila·
175 623 300 660 nescio
324 622 431 679 quod
457 622 609 676 trepido
640 621 749 660 male
787 635 929 660 namen
956 623 1124 660 amicum
1155 624 1360 673 confusam
1396 625 1477 663 eri-

41 676 132 730 puit
159 685 334 716 mentem.
391 678 445 717 Et
481 677 682 715 Ciceronis
719 690 793 728 pro
816 675 995 715 Milone:
1029 677 1111 714 Hic
1136 677 1198 715 dii
1217 679 1476 726 immortales,

46 739 88 768 uc
111 745 230 786 ,supra
258 732 353 771 dinei
367 762 377 778 ‚
422 741 589 770 mentem
626 731 817 770 dederunt
848 731 911 769 illi
945 732 1102 785 per-dico
1139 745 1189 770 ae
1214 734 1377 784 ficrioso
1389 763 1401 782 ‚
1437 743 1480 772 ut

45 785 132 824 Ιιιιίε
149 787 318 839 faceret
350 787 528 826 insidias.
586 786 670 826 Nos
703 785 918 824 Christiani
947 787 1126 826 homines
1164 787 1373 827 sceleratos
1401 788 1477 827 ali-

44 841 205 893 quando
243 844 440 881 excaecari
474 856 497 880 a
526 842 612 880 Deo
659 848 698 880 et
740 841 846 880 bona
875 849 1005 880 mente
1043 841 1286 895 consilioque
1314 843 1476 897 spoliari

47 895 246 936 credimus
268 926 281 947 ‚
326 904 371 936 ut
399 897 449 936 ad
478 911 647 950 poenas,
682 896 780 950 qua's
807 904 1038 936 meruerunt
1060 928 1072 947 ,
1106 897 1318 937 deveniant
1347 906 1385 938 ct
1413 913 1481 938 eas

42 951 279 1003 praecavere
299 966 379 992 non
399 954 567 1007 possint.
626 954 672 991 Iu
691 966 770 1007 quo
796 966 837 991 se
853 952 989 992 divina
1011 953 1172 992 tandem
1191 955 1339 993 iustitia
1366 969 1478 994 exse-

43 1006 110 1058 rit.
139 1020 308 1047 romum.

150 1061 364 1115 Peg-544,
387 1065 444 1104 13.
473 1063 659 1103 videre
699 1063 859 1114 iubet,
893 1077 953 1102 ne
997 1063 1127 1118 quid
1165 1063 1362 1118 respub.
1397 1063 1480 1102 de-

42 1116 298 1157 trimenti
336 1119 541 1173 capiat.
598 1119 662 1157 Sic
697 1118 847 1169 reddo,
874 1117 983 1171 quod
1012 1120 1068 1157 ait
1096 1119 1289 1168 Graecus,
1321 1119 1481 1159 iussisse

42 1171 334 1225 imperatricem
375 1175 569 1213 isaacium
607 1173 783 1212 Asanem
826 1174 965 1212 πᾶσαν
1011 1169 1208 1224 πρόνοιαν
1246 1174 1476 1213 ποιεῖσθαι.

43 1227 152 1277 Quid
181 1236 315 1268 autem
344 1230 394 1268 sit
421 1236 460 1268 et
487 1229 649 1283 quando
682 1229 908 1278 iuberetur,
955 1227 1056 1269 bene
1094 1229 1243 1269 indicat
1267 1228 1481 1269 Sallustius

42 1282 83 1322 in
111 1282 217 1323 bello
245 1284 481 1324 Catilinario
507 1299 594 1338 cap,
620 1298 687 1337 29.
719 1297 889 1327 PONTAN.

150 1338 361 1391 Pag.55o‚
385 1354 453 1379 21.
498 1352 753 1394 syncope.
823 1339 885 1377 Ex
924 1338 1102 1377 Gorraeo
1140 1337 1285 1378 illustri
1324 1338 1479 1378 medico

41 1392 140 1432 haec
169 1393 288 1433 refert
325 1395 548 1448 Stephanus
594 1396 635 1432 in
675 1394 898 1433 thesauro:
957 1393 1142 1447 Syncope
1187 1401 1245 1433 est
1291 1409 1481 1448 praeceps

41 1448 220 1488 omnium
247 1451 393 1489 virium
423 1449 568 1504 lapsus,
595 1456 641 1488 ut
673 1449 848 1488 Galenus
876 1456 968 1488 ante
997 1463 1040 1488 se
1068 1464 1090 1487 a
1118 1450 1319 1489 veteribus
1348 1451 1479 1489 medi-

39 1505 95 1544 cis
122 1503 328 1544 definitum
359 1519 441 1544 esse
470 1504 658 1559 prodidit.
711 1505 820 1558 Ergo
864 1518 955 1543 cum
983 1506 1148 1544 essentia
1175 1506 1320 1544 virium
1340 1535 1351 1556 ‚
1383 1507 1477 1558 qui-

38 1558 115 1599 bus
145 1562 293 1614 regitur
321 1574 481 1613 corpus,
513 1568 599 1599 tum
628 1561 671 1598 in
702 1561 858 1615 spiritu,
888 1567 975 1599 tum
1005 1561 1046 1598 in
1077 1559 1295 1599 solidorum
1333 1574 1479 1614 corpo-

39 1628 132 1654 rum
161 1622 474 1669 temperamento
514 1616 703 1654 consistat
728 1646 739 1666 ‚
779 1615 911 1668 palam
956 1623 1043 1663 est,
1087 1615 1188 1654 nihil
1233 1615 1379 1654 horum
1404 1630 1478 1669 per

38 1669 238 1724 syncopen
268 1686 426 1710 manere
454 1672 679 1724 integrum,
723 1671 793 1710 sed
821 1678 965 1710 cuncta
1003 1670 1145 1710 collabi
1174 1685 1219 1710 ac
1265 1671 1474 1723 dissipari,

39 1739 132 1764 cum
167 1727 310 1780 spiritu
347 1726 508 1780 quidem
540 1726 713 1764 calorem
755 1727 937 1764 nativum
962 1755 973 1776 ‚
1018 1727 1073 1764 ita
1102 1739 1192 1764 cum
1231 1739 1276 1764 co
1307 1718 1475 1765 lnixtum

39 1788 160 1835 atque
189 1783 425 1832 confusum,
464 1788 509 1819 ut
550 1795 758 1834 nunquam
797 1781 847 1819 ab
883 1781 1053 1819 invicem
1083 1781 1256 1833 separari
1297 1781 1474 1834 possint,

39 1850 134 1876 cum
162 1836 381 1876 solidorum
430 1844 564 1875 autern
606 1850 819 1890 corporum
863 1843 1175 1888 temperamento
1192 1866 1202 1883 ‚
1253 1843 1339 1875 tum
1383 1850 1477 1875 eum

42 1892 174 1945 ipsum
202 1891 374 1932 calorem
408 1891 572 1945 singulis
593 1906 615 1931 a
646 1899 792 1930 natura
820 1892 1000 1945 partibus
1019 1892 1198 1941 insitum,
1222 1897 1307 1930 tum
1338 1891 1474 1930 humi-

38 1946 138 1986 dum
163 1946 263 1987 illud
298 1948 576 2001 primigenium
606 1954 645 1986 et
674 1946 847 1986 radicale
869 1976 880 1997 ‚
929 1961 1008 1999 quo
1035 1960 1122 1986 uno
1166 1946 1276 1987 velut
1322 1946 1475 2000 glutino

40 2003 216 2057 quodam
243 2004 370 2042 robur
398 2017 535 2043 earum
564 2003 802 2044 continetur.
832 2016 1008 2041 PONTAN.
1291 2013 1294 2016 ⁴

3 2058 4 2061 ’
148 2058 252 2111 Pag.
274 2058 370 2109 551,
394 2073 429 2098 1.
459 2060 639 2097 υίηιιιη
667 2070 930 2097 meracam
959 2066 1118 2098 vetus.
1175 2057 1328 2098 Vinum
1363 2064 1477 2097 vetus

37 2127 121 2154 esse
150 2114 291 2153 melius
321 2128 367 2153 ac
394 2114 593 2154 salubrius
622 2127 752 2163 novo,
789 2112 910 2166 idque
938 2110 1074 2152 multis
1115 2111 1165 2151 de
1210 2113 1360 2160 causis,
1403 2113 1478 2152 do-

0 2181 2 2211 ζ
38 2177 129 2209 cent
156 2169 298 2208 medici
328 2177 366 2209 et
395 2169 545 2209 iudicat
572 2182 708 2208 sensus
736 2169 973 2215 communis,
1004 2168 1311 2221 iudicaruntque
1340 2181 1478 2207 omnes

0 2264 2 2273 s
36 2224 175 2279 populi
198 2238 368 2277 semper.
422 2226 484 2264 Ex
505 2238 584 2279 quo
613 2238 730 2264 sensu
750 2223 900 2262 dictum
921 2230 979 2263 est
1002 2237 1024 2262 a
1038 2223 1244 2262 Salvatore
1261 2223 1391 2262 Lucae
1409 2224 1446 2264 5.
1463 2237 1475 2261 :

0 2290 1 2295 ’
38 2279 169 2320 Nemo
204 2280 334 2318 bibens
378 2280 517 2320 vinum
550 2288 680 2328 vetus,
727 2280 864 2318 statim
893 2279 979 2318 vult
1015 2293 1191 2318 novum:
1231 2279 1331 2317 dicit
1353 2279 1478 2327 enim,

0 2333 1 2339 ’
38 2344 150 2375 vetus
179 2336 319 2374 melius
351 2344 422 2374 est.
483 2335 588 2374 Hinc
617 2341 657 2373 et
690 2333 854 2374 Plautus
876 2334 1045 2374 Casina:
1083 2335 1164 2388 Qui
1193 2341 1349 2372 uthlur
1382 2334 1477 2371 vino

0 2395 1 2406 ²
37 2400 191 2438 vetere,
225 2390 418 2444 sapientes
448 2399 559 2445 puto.
615 2390 903 2429 Verumtamen
945 2389 1173 2442 insipientes
1215 2389 1277 2427 isti
1315 2388 1477 2438 medici,

0 2463 1 2466 ¹
39 2445 136 2485 dum
165 2443 338 2484 calorem
365 2445 510 2499 frigore
534 2444 675 2484 volunt
703 2443 851 2498 pellere
881 2452 919 2484 et
955 2444 1080 2498 frigus
1113 2443 1256 2491 calore,
1301 2446 1312 2492 (
1329 2441 1476 2481 calefa-

39 2502 94 2540 cit
122 2508 255 2540 autem
284 2502 423 2540 vinum
463 2508 502 2540 et
529 2515 609 2554 quo
642 2501 864 2551 meracius,
905 2515 952 2539 eo
982 2501 1156 2552 magis‚)
1186 2498 1372 2537 miserum
1404 2511 1477 2550 pa-

38 2556 203 2594 tientem
230 2570 345 2595 suum
376 2558 387 2608 (
404 2563 449 2595 ut
484 2551 638 2610 ἰατρῶν
667 2554 811 2603 παῖδες
837 2555 941 2595 male
969 2555 1158 2594 habentes
1192 2554 1355 2606 vocant)
1386 2566 1476 2606 per-

39 2610 242 2651 diderunt.
288 2625 457 2654 PONTAN.

151 2666 417 2718 Pag.558‚2.
458 2675 670 2721 portam
715 2666 1020 2717 Xylocerci.
1077 2664 1135 2703 Ex
1178 2663 1316 2715 viginti
1347 2662 1474 2702 tribus

41 2722 165 2775 portis
192 2722 571 2776 Constantinopolis,
602 2730 647 2762 ut
677 2722 795 2762 rusci-t
824 2719 1118 2772 Lcunclavius‚
1151 2719 1358 2759 undecima
1396 2731 1474 2756 no-
