1800 3164
288 117 363 185 40
816 131 1187 182 CANTACUZENI

83 239 122 272 A.
135 239 170 273 C.
193 241 276 285 ¹347
289 234 444 284 παῖδας
471 234 582 292 λιμῷ
607 246 651 277 τε
690 230 842 287 ὁμοίως
870 234 943 274 καί
967 232 1183 289 πολιορκίᾳ
1223 230 1295 272 καὶ
1321 233 1404 281 τοῖς
1435 231 1646 284 πολεμίοις
1673 229 1734 280 ξί·

290 315 424 354 φεσιν.
479 296 507 356 ἢ
539 302 579 342 εἰ
602 299 659 355 μὴ
689 302 834 353 τοῦτο,
873 300 965 340 ἀλλ’
986 295 1140 354 ἀνάγκῃ
1173 298 1575 349 καταδουλωθέντα,
1619 295 1735 338 πλεί-

245 367 271 401 C
290 379 362 412 ους
389 371 474 415 τοῖς
505 367 829 418 δεδουλωμένοις
857 366 931 405 καί
958 365 1218 417 βιαιοτέρους
1250 364 1450 418 παρέχειν
1478 360 1639 419 φόρους
1659 393 1671 414 ,
1704 357 1737 417 ἢ

152 429 270 465 V·58¹
291 426 368 471 ὅσα
397 432 491 486 ἐξῆν
521 432 771 485 εἰσφέροντα
801 429 1033 484 προθύμως
1077 432 1160 471 τῶν
1204 425 1341 470 ἄλλων
1361 426 1597 470 ἀπολαύειν
1617 428 1735 469 ἐλευ-

288 497 440 550 θέρως,
496 497 667 539 τοιαῦτα
697 498 769 537 καί
793 498 874 541 τῶν
893 497 1143 546 Βυζαντίων
1168 497 1350 537 πολιτῶν
1377 493 1577 541 εἰπόντων
1594 527 1608 547 ,
1636 490 1771 550 ἐπῇ-5

290 578 349 603 νει
375 578 418 603 τε
445 561 469 603 ὅ
491 560 692 615 βασιλεύς
711 561 784 603 καί
799 559 1022 617 συνηγόρει
1049 560 1155 617 πρὸς
1176 559 1274 611 τοὺς
1295 560 1471 615 λόγους,
1504 555 1737 613 ἀναγκαίως

290 630 458 670 δεῖσθαι
484 627 713 683 χρημάτων
737 627 864 669 εἰπών
887 626 995 683 πρὸς
1016 626 1063 669 τὸ
1091 625 1503 682 παρασκευάσασθαι
1529 625 1635 668 κατὰ
1655 628 1738 669 τῶν

289 691 589 744 πολεμούντων.
645 694 686 736 εἰ
709 697 788 746 μὲν
818 689 894 736 οὖν
921 693 979 749 μή
1012 691 1275 748 προαναλωτο
1299 693 1413 750 αὐτῷ
1441 694 1492 734 τοὶ
1523 686 1623 737 ὄντα
1650 691 1735 734 ὗπὸ

288 762 371 802 τῶν
403 761 537 810 κακαῖς
565 760 638 800 ἐπὶ
662 760 773 816 λύμῃ
803 758 1146 815 πεπολεμηκότων
1177 761 1225 816 τῇ
1255 761 1393 815 κοινῇ,
1414 758 1537 801 οὐδὲν
1566 755 1619 800 ἂν
1646 759 1737 800 ἕδε-

288 823 374 881 ήθη
404 823 609 879 ἐρανίζειν
636 827 735 880 παρ’
751 825 916 878 αὐτῶν,
959 822 1097 880 ,ὥσπερ
1130 822 1228 866 οὐδὲ
1255 821 1448 880 πρότερόν
1476 839 1576 866 ποτε
1604 821 1735 878 μεγά-
1754 837 1800 870 ιο

288 895 372 932 λων
403 892 593 943 πολέμων
621 893 922 946 κεκινημένων,
953 891 1158 945 βασιλέως
1192 889 1253 932 ἔτι
1284 890 1495 946 περιόντος
1517 889 1735 944 Ἀνδρονί-

288 972 391 1010 κου,
418 955 596 1012 ἐφόὕς,
626 959 666 1000 εἰ
692 956 750 1012 μὴ
777 957 829 999 τὰ
864 955 1046 1013 δημόσια
1077 958 1266 1013 ἐξήρκει,
1300 959 1372 998 καί
1399 955 1480 997 ἀπὸ
1511 957 1592 998 τῶν
1620 956 1739 997 ἰδίων

287 1021 339 1065 τοὶ
369 1024 564 1064 ἐνδέοντα
592 1022 837 1078 έπεχορήγει
865 1023 1002 1076 αὐτὸς,
1033 1018 1091 1064 ὢν
1119 1020 1315 1065 ἁπάντων
1347 1024 1431 1064 τῶν
1458 1023 1607 1066 κοινῶν
1635 1023 1739 1068 διοι-

287 1086 427 1144 κητὴς.
481 1087 576 1131 νυνί
599 1083 646 1130 δὲ
675 1089 841 1132 ἐκείνων
867 1106 911 1131 τε
945 1092 1004 1139 εἰς
1033 1090 1157 1131 οὐδὲν
1186 1088 1398 1144 χρήσιμον
1438 1087 1735 1141 ἀπολωλότων,

245 1156 362 1196 Dum*
388 1156 469 1196 τῶν
498 1154 706 1210 δημοσίων
738 1154 1036 1197 ἐκλελοιπότων
1078 1153 1223 1210 φόρων
1267 1154 1349 1195 ὑπὸ
1377 1156 1460 1196 ’τοῦ
1488 1152 1565 1208 τὴν
1590 1151 1739 1208 χώραν
1756 1150 1800 1201 15¹

289 1218 581 1276 διεφθάρθαι,
618 1220 855 1275 οἶναγκαίως
897 1222 1148 1274 ἀποβλέπειν
1174 1221 1234 1270 εἰς
1261 1219 1338 1276 την
1370 1222 1609 1270 συντέλειαν
1636 1216 1742 1260 ταύ-

287 1303 361 1342 την
390 1284 464 1341 τὴν
495 1287 635 1342 κοινήν
657 1319 669 1341 ,
712 1285 767 1336 ὥς
786 1321 799 1340 ,
839 1288 879 1332 εἰ
904 1287 1137 1342 χρημάτων
1168 1286 1240 1329 καί
1275 1285 1459 1341 μετρίων
1487 1282 1741 1340 εὖπορήσοι,

291 1353 445 1410 ῥαδίως
481 1348 612 1402 αὖθις
655 1351 728 1408 τήν
761 1354 978 1406 Ῥωμαίων
1017 1355 1336 1398 καταπεσοῦσαν
1368 1351 1593 1407 ἡγεμονίαν
1621 1350 1747 1406 ἀνορ-

291 1415 457 1465 θώσων.
515 1421 693 1462 τοιαῦτα
724 1421 798 1464 καί
825 1419 947 1473 ἕτεροί
977 1435 1071 1460 τινα
1099 1416 1310 1471 παρόμοια
1337 1414 1624 1472 προσεπειπών
1641 1448 1654 1471 ,
1678 1418 1741 1458 δι·

292 1486 388 1540 έλυε
429 1483 505 1540 τὴν
544 1486 790 1540 ἐκκλησίαν,
834 1484 1022 1538 οἰόμενος
1063 1485 1180 1541 αὐτῷ
1220 1501 1260 1526 τι
1300 1484 1355 1541 τῷ
1384 1485 1506 1540 κοινῷ
1527 1483 1742 1532 λυσιτελὲς
1757 1497 1800 1525 20

291 1549 367 1593 καί
391 1553 602 1606 χρήσιμον
644 1548 838 1606 η’νύσθαι.
895 1553 1004 1600 τινὲς
1043 1552 1089 1592 δὲ
1132 1552 1216 1592 τῶν
1256 1551 1439 1606 έξαρχῆς
1467 1549 1608 1613 ἐκείνῳ
1635 1548 1743 1605 ᾑρη-

289 1618 427 1671 μένων
454 1622 677 1671 πολεμεῖν,
706 1614 835 1674 (ἧσαν
864 1618 910 1659 δὲ
942 1618 1017 1658 οὐκ
1047 1613 1196 1670 ὀλίγοι,
1242 1618 1315 1661 καί
1359 1618 1405 1658 ἐκ
1433 1618 1519 1657 τῶν
1545 1615 1592 1657 ἔν
1619 1615 1744 1670 ἔργα·

289 1685 477 1741 στηριόις
497 1676 839 1739 ἐμπορευομένων
857 1680 1225 1739 ἆργυραμοιβῶν,)
1252 1683 1325 1724 καί
1349 1681 1457 1734 μετὰ
1485 1679 1561 1736 τὴν
1594 1680 1743 1722 δοκοῦ-

289 1765 370 1793 σαν
400 1748 596 1794 ,διάλυσιν
624 1749 688 1795 ἔτι
718 1751 1060 1804 δυσμεναινοντες
1079 1748 1152 1801 καί
1173 1750 1526 1805 μνησικακοῦντες
1546 1747 1618 1790 καί
1637 1743 1744 1790 πάν-.-

384 1849 432 1875 2¹.
459 1838 625 1882 ἢνήσθαι
648 1840 683 1872 Ρ.

292 1916 360 1949 bus
386 1916 524 1959 tributa
548 1917 698 1962 pendat,
715 1929 823 1964 quam
849 1918 1003 1963 alioqui,
1017 1929 1055 1951 re
1080 1928 1142 1953 sua
1161 1917 1349 1958 incolumi,
1369 1917 1595 1955 inlibertate
1620 1918 1742 1958 libens

245 1962 253 1966 “
294 1974 336 1996 ac
359 1964 485 2004 volens
509 1965 758 2008 pependisset.
804 1965 901 1999 Haec
925 1976 1004 1997 cum
1029 1965 1123 2000 cives
1150 1964 1339 2008 Byzantini
1359 1964 1648 2008 respondissent,
1675 1966 1745 1999 im·-
1792 1988 1795 1991 -

294 2015 440 2055 perator
475 2010 622 2045 laudare
662 2017 699 2044 et
725 2023 850 2045 eorum
883 2012 1084 2049 sententiae
1109 2011 1294 2055 suffragari
1319 2021 1359 2043 ac
1383 2010 1522 2051 dicere,
1551 2013 1744 2056 pecuniam

294 2056 340 2089 ad
378 2062 590 2100 apparatum
628 2063 749 2094 contra
783 2059 924 2091 hostem
958 2058 1066 2102 plane
1102 2058 1250 2104 requiri.
1298 2057 1438 2102 Quodsi
1478 2057 1630 2092 divitiae
1665 2060 1743 2103 eius

296 2102 341 2134 ab
368 2103 427 2143 iis,
452 2104 514 2147 qui
539 2115 616 2136 cum
642 2105 694 2136 rei
715 2105 885 2148 publicae
911 2104 1129 2138 detrimento
1155 2110 1385 2149 pugnassent,
1411 2113 1646 2150 consumptae
1668 2117 1744 2140 non

296 2155 427 2189 essent,
452 2148 546 2182 nihil
571 2162 661 2194 opus
688 2151 797 2183 fuisse
821 2163 918 2187 nunc
942 2152 987 2184 ab
1013 2153 1099 2196 ipsis
1125 2152 1305 2184 mutuari:
1341 2156 1381 2184 ut
1403 2162 1524 2196 neque
1547 2153 1646 2197 prius
1672 2165 1742 2187 un-

296 2207 419 2241 quam,
447 2207 524 2229 cum
552 2208 676 2239 magna
702 2197 811 2237 bella,
838 2198 1056 2241 imperatore
1083 2197 1286 2232 Andronico
1309 2197 1427 2230 adhuc
1450 2199 1542 2235 vivo,
1567 2211 1739 2246 gereren—

295 2249 367 2283 tur,
392 2241 438 2286 ad
466 2253 572 2287 quae,
591 2243 741 2287 pecunia
767 2243 914 2288 publica
938 2255 1011 2277 non
1037 2245 1254 2286 sufficiente,
1282 2245 1381 2288 ipse,
1415 2246 1558 2289 imperii
1587 2246 1744 2280 admini-

297 2294 453 2329 strator,
488 2289 533 2322 de
561 2301 624 2322 sua
660 2301 833 2335 summam
861 2291 1073 2334 expleverit.
1122 2292 1256 2330 Modo,
1293 2293 1463 2336 quoniam
1492 2304 1532 2326 ea
1558 2294 1742 2327 inutiliter

296 2337 442 2382 profusa
470 2337 541 2376 sit,
567 2342 604 2369 et
627 2342 777 2381 propter
803 2336 980 2381 direptam
1007 2338 1299 2383 devastatamque
1326 2339 1544 2381 provinciam
1570 2340 1742 2384 publicae

295 2383 489 2427 pensiones
514 2385 753 2423 cessaverint,
783 2384 859 2427 cogi
887 2395 925 2417 se
951 2384 996 2417 ad
1020 2396 1246 2424 communem
1279 2385 1383 2417 istam
1419 2387 1655 2420 collationem
1683 2397 1742 2420 re-

297 2429 444 2473 spicere.
505 2429 645 2463 Etenim
671 2433 700 2463 si
725 2431 783 2466 vel
807 2429 983 2464 moderati
1009 2437 1170 2477 sumptus
1199 2431 1454 2476 suppeditent,
1477 2443 1514 2466 se
1540 2433 1742 2479 collapsum

297 2478 535 2510 Romanorum
575 2478 765 2522 imperium
790 2488 896 2520 parvo
922 2479 1069 2524 negotio
1105 2480 1394 2512 instauraturum.
1444 2479 1541 2515 Haec
1576 2485 1614 2512 et
1640 2481 1742 2517 simi-

295 2524 347 2556 lia
371 2525 508 2563 effatus,
538 2530 754 2557 conventum
779 2523 930 2563 dimisit,
958 2531 1066 2564 ratim,
1093 2537 1130 2558 se
1159 2536 1372 2570 magnopere
1406 2538 1424 2558 e
1449 2536 1486 2558 re
1509 2525 1656 2570 publica
1682 2528 1741 2562 lo-

297 2575 430 2604 cutum.
479 2570 525 2603 At
549 2571 717 2606 nonnulli
744 2581 878 2610 eorum,
906 2572 967 2615 qui
998 2572 1042 2603 ab
1067 2573 1174 2605 initio
1197 2572 1373 2605 adversari
1399 2574 1646 2614 instituerant,
1675 2574 1740 2620 qui

297 2617 445 2662 plurimi
471 2622 584 2658 erant,
609 2622 646 2650 et
668 2629 712 2650 ex
736 2616 894 2650 tabernis
923 2619 1130 2663 argentariis
1154 2619 1398 2660 nummularii,
1423 2620 1531 2653 ctiam
1549 2625 1759 2665 postquam>

298 2675 367 2708 pax
394 2664 468 2696 visa
496 2670 550 2696 est
574 2664 802 2704 confirmata,
829 2664 966 2696 animos
993 2665 1188 2698 retinentes
1215 2671 1367 2697 armatos
1408 2671 1444 2698 et
1478 2666 1631 2698 iniuriae
1665 2677 1742 2699 me-

300 2721 428 2752 mores,
452 2709 692 2757 manibusque
717 2720 758 2744 ac
780 2710 935 2757 pedibus
962 2722 1043 2745 eum
1074 2712 1248 2758 impedire
1268 2713 1472 2747 laborantes
1498 2713 1665 2759 nihilque
1693 2714 1743 2757 si—
