1800 3164
510 164 890 208 Hls'sORlARUM
929 167 1000 207 Ν.
1025 168 1097 209 20.
1422 166 1441 199 1
1454 146 1523 219 47

9 283 19 334 Σ
75 286 175 322 των,
209 261 270 311 ὧν
297 268 376 318 τὰς
407 270 510 317 ναῦς
539 267 586 309 αἱ
606 269 835 311 Λατινικαί
854 270 1087 324 ἐνέπρησαν
1106 268 1305 325 τριήρεις,
1337 270 1411 311 καί
1425 271 1527 310 πολ·
1539 274 1734 314 A.c.135o

9 348 22 390 J
75 337 131 380 λὰ
164 338 217 392 τῇ
243 336 419 392 στρατιᾷ
449 337 779 390 λυμηναμένων,
819 334 871 390 ἣν
906 333 1090 388 ἔπεμπεν
1117 335 1180 377 ἐπ’
1212 335 1392 389 αὐτοὺς,
1418 332 1529 378 ’ἆνε-

32 423 33 427 ¹
72 403 231 458 χαίρεις
259 400 332 443 καί
359 398 488 449 αὐτὸς
531 403 591 449 εἰς
617 399 689 456 την
730 404 864 443 οἰκίαν
894 403 1064 456 πληγείς
1088 400 1424 456 ἀπροσδοκήτως.
1454 402 1528 443 καί

10 464 30 520 ⁴„
75 467 288 524 Μανουηλ
329 465 535 522 δεσπότην
569 465 640 508 τὸν
680 465 775 508 υἱὸν
804 466 877 509 ἐπὶ
914 470 987 522 τῆς
1014 463 1228 524 Βεῤῥοίας
1259 466 1336 523 την
1383 466 1524 523 ἀρχὴν

11 535 66 598 ΣΞ
77 533 151 577 καὶ
174 536 256 576 τῶν
285 529 424 576 ἄλλων
450 535 678 587 πολιχνίων
698 533 1074 586 καταλελειμμένον
1102 533 1171 592 ’ὑπ’
1201 535 1306 587 ἐμοῦ
1332 537 1566 591 φανερῶςο

76 617 120 646 τε
147 599 403 656 ἒπολιόρκεις
429 601 604 653 πέμπων
631 597 855 655 στρατιὰν,
887 601 960 641 καί
985 598 1082 649 τούς
1112 597 1230 642 ἔνδον
1259 597 1336 642 οῦκ
1362 601 1530 657 ἠμέλεις

6 673 22 728 ,³
77 668 341 724 διαφθείρων
367 665 596 720 χρήμασιν,
625 658 751 720 ἄχρις
783 659 833 706 οῦ
866 667 1015 714 πείσας
1031 666 1171 724 ἐκείνῳ
1192 668 1394 719 δυσνοεῖν,
1429 669 1538 709 ἐκεῖ·

11 751 31 786 :j
76 749 147 777 νον
174 735 252 787 μὲν
279 731 485 788 ἐξὴλασας
514 733 574 780 εἰς
607 730 873 785 Θετταλίαν,
918 730 1045 781 αὐτὸς
1074 733 1120 773 δὲ
1148 731 1224 787 τήν
1259 734 1382 775 πόλιν
1413 730 1536 787 εἶχες.

12 804 29 851 23
78 799 151 843 καὶ
165 798 308 856 Φερὰς
336 798 491 853 ὁμοίως
518 799 590 840 ἐπὶ
617 795 774 852 συχνὸν
801 795 1079 854 πολιορκήσας
1120 797 1287 856 χρόνον,
1317 801 1423 852 ἐμοῦ
1443 801 1537 840 δεο-

14 867 25 877 ”
77 869 206 922 μένου
235 867 309 908 καί
334 867 415 908 τῶν
447 860 583 919 ὅρκων
619 863 1024 919 α’ναμιμνήσκοντος,
1074 862 1167 906 ἐπεὶ
1193 862 1252 919 μη
1285 870 1378 913 ταῖς
1411 864 1537 906 πόλε-

6 938 19 943 ’”
74 949 148 976 σιν
176 927 290 987 εἶχον
322 931 540 986 ἐπιδημεῖν
566 928 648 971 ὑπὸ
679 931 753 972 τοῦ
784 931 994 986 ἐμφυλίου
1023 928 1299 984 κατεχόμενος
1331 932 1535 983 πολέμου,

16 1013 22 1029 »·
80 999 236 1042 οῦδένα
265 996 387 1052 λόγον
415 995 584 1048 ἐποιοῦ,
632 996 723 1037 ἀλλ’
754 995 892 1053 ε’νδείοιε
921 996 1069 1044 πιέσας
1099 995 1174 1037 καί
1199 998 1338 1054 συχνῇ
1364 1001 1535 1051 πολιορ-
1547 1004 1667 1050 V.629

79 1064 181 1124 m'eng,
226 1066 342 1113 τέλος
382 1061 552 1111 ἔπεισας
591 1066 885 1117 προσχωρεῖν,
923 1064 1049 1102 κοῖκεῖ
1079 1060 1176 1110 τους
1218 1063 1536 1117 δυνατωτέρους

82 1132 339 1187 διαφθείρας
367 1129 575 1184 χρήμασι.
633 1130 705 1168 καί
734 1127 841 1180 μετὰ
869 1129 991 1169 τοῦτο
1041 1128 1247 1186 Θετταλίᾳ
1284 1128 1358 1170 καί
1379 1128 1538 1180 Ἀκαρ-

14 1196 202 1256 ἰὄνανίᾳ
233 1194 568 1251 ἑπεστροὶτευσας
594 1191 819 1247 Ῥωμαίοις
851 1191 999 1244 οὔσαις
1029 1191 1243 1248 ὑπηκόοις,
1277 1195 1438 1248 πλῆθος
1464 1210 1536 1235 πε-

82 1266 163 1317 ζῶν
189 1279 234 1306 τε
264 1264 337 1305 καί
371 1261 530 1303 ἱππέων
560 1255 694 1315 ἄγων,
744 1262 819 1302 καί
857 1259 934 1316 τὴν
970 1261 1340 1315 μνημονευομένην
1377 1259 1538 1315 ἐκείνην

50 1333 54 1338 ’
81 1329 253 1388 φθορὰν
280 1326 486 1384 εἰργάσω,
527 1326 606 1382 ὑφ’
644 1321 695 1381 ἧς
735 1328 795 1375 εἰς
822 1326 1032 1382 τοσαύτην
1063 1322 1245 1381 ἀνάγκην
1281 1326 1579 1381 Ἀκαρνᾶνεςζο

80 1392 213 1453 ἦλθον
243 1394 325 1438 ῦπό
356 1395 435 1438 τοῦ
461 1394 603 1447 λιμοῦ,
633 1393 692 1442 ὥς
722 1390 856 1435 ἑκοντὶ
883 1391 985 1448 πρὸς
1011 1391 1061 1435 τὰ
1093 1389 1283 1448 παράλια
1310 1391 1535 1447 γινόμενοι,

80 1466 332 1518 προκεῖσθαι
371 1467 457 1509 τοῖς
495 1460 852 1514 ἀνδραποδισταῖς
890 1457 1128 1513 βαρβάροις
1171 1460 1318 1515 κέρδος
1361 1453 1537 1511 ἄπονον,

45 1526 154 1573 ozac*
185 1529 353 1569 δεῖσθαι
381 1527 452 1582 ἐφ’
479 1522 626 1580 ἑτέραν
650 1524 729 1579 γῆν
759 1526 1091 1577 μετενεχθέντας
1137 1522 1350 1565 δουλεύειν
1375 1525 1537 1576 μᾶλλον

78 1592 154 1637 ’διὰ
183 1594 294 1647 ΙΒίου,
329 1586 357 1647 ἢ
385 1589 429 1633 ἐν
457 1592 514 1648 τῷ
545 1590 698 1631 αὐτίκα
729 1590 1061 1644 διαφθείρεσθαι
1089 1586 1170 1630 ὑπὸ
1193 1591 1334 1642 λιμοῦ.
1363 1587 1539 1644 ὕστερον

78 1662 131 1704 δὲ
158 1661 352 1714 Ἀγγέλου
380 1658 455 1699 τοῦ
489 1656 595 1709 ἐμοῦ
622 1652 958 1708 τετελευτηκότος
987 1656 1170 1707 α’νεψιοῦ
1187 1685 1199 1708 ,
1233 1652 1281 1704 ὃς
1306 1652 1439 1710 ἦρχεν
1466 1654 1537 1696 ὑπ’

84 1727 190 1782 ἐμοῦ
214 1725 439 1781 πεμφθείς,
471 1717 664 1777 ἁρπάσας
692 1718 769 1770 τὰς
797 1721 1006 1774 ἐπαρχίας
1036 1718 1174 1774 ἔχεις·
1206 1722 1279 1762 καί
1304 1720 1410 1776 πρὸς
1439 1719 1539 1762 τού-

175 1814 206 1848 3.
234 1808 374 1847 αὐτούς
400 1810 437 1842 Ρ.

82 1876 183 1911 niam
211 1874 328 1920 palam
354 1871 468 1906 hostis
501 1882 602 1905 meus
630 1869 832 1904 tetendisti.
883 1868 997 1902 Persis
1036 1873 1157 1902 autem
1193 1869 1381 1914 peditibus
1414 1879 1538 1904 occur-

82 1923 273 1962 rentibus,
309 1930 465 1966 quorum
499 1929 607 1953 naves
648 1917 801 1950 Latinae
840 1916 1006 1949 triremes
1030 1914 1289 1957 incenderant,
1323 1921 1360 1949 et
1395 1917 1537 1962 egregie

82 1971 207 2005 attrito
233 1968 278 2002 ab
309 1969 359 2001 eis
388 1967 572 2007 exercitu,
609 1975 717 2011 quem
741 1967 866 1996 contra
904 1963 1003 2007 ipsos
1042 1961 1239 2004 mittebas,
1276 1964 1355 2007 ipse
1390 1973 1537 2009 quoque

79 2016 278 2062 ‘improvisa
305 2025 342 2047 re
369 2013 576 2059 perculsus,
612 2014 651 2045 in
677 2016 778 2043 tuam
814 2010 1038 2054 provinciam
1064 2008 1230 2043 rediisti:
1268 2015 1306 2042 et
1329 2009 1538 2043 Manuelcm

81 2065 283 2109 despotam,
309 2062 425 2095 filium
449 2071 591 2100 meum,
622 2068 731 2104 quem
756 2067 820 2102 ego
850 2056 1052 2090 Berrhoeae
1078 2056 1410 2102 oppidulornmque
1443 2057 1538 2090 alio-

81 2123 160 2147 rum
186 2108 410 2157 praefectum
435 2107 676 2153 reliqueram,
704 2104 822 2149 palam
848 2102 1050 2137 obsedisti:
1076 2113 1144 2135 nee
1169 2105 1263 2137 cives
1289 2103 1445 2147 pecunia
1470 2105 1538 2137 de-

81 2169 233 2205 pravare
257 2156 432 2196 omisisti,
476 2153 592 2187 donee
627 2152 700 2186 illis
726 2161 874 2183 exosum
911 2152 950 2183 in
984 2149 1212 2184 Thessaliam
1244 2151 1427 2197 expulisti.
1476 2150 1533 2185 Tu

83 2217 172 2241 vero·
194 2202 321 2238 urbem
343 2201 567 2247 occupabas,
594 2205 630 2233 et
653 2197 782 2231 Pheras
807 2197 977 2230 similiter
1009 2197 1117 2242 longo
1145 2201 1309 2241 tempore
1334 2196 1533 2238 obsidens,

84 2264 164 2287 eum
201 2257 237 2285 te
271 2260 408 2284 orarem
444 2247 714 2291 iuramentique
753 2245 1117 2285 commonefacerem,
1158 2243 1455 2290 quandoquidem
1483 2246 1534 2277 ci-

84 2299 150 2334 vili
174 2298 274 2332 bello
299 2297 500 2336 distentus,
525 2295 572 2328 ad
597 2293 705 2326 urbes
730 2292 813 2325 illas
836 2290 1004 2325 accedere
1030 2302 1104 2324 non
1128 2295 1306 2335 poteram,
1334 2293 1430 2325 auris
1457 2291 1536 2323 dis-

59 2346 64 2366 ?
85 2345 264 2392 cei-penda
289 2355 369 2378 mea
391 2343 501 2379 verba
530 2340 720 2379 tradebas,
755 2344 792 2372 et
817 2343 976 2384 egestate
1014 2337 1097 2370 illos
1132 2337 1418 2384 obsessioneque
1445 2339 1536 2372 assi-

86 2393 158 2427 dua
182 2403 348 2438 premens
365 2417 375 2434 ,
416 2395 598 2435 postremo
626 2387 737 2420 etiam
762 2385 812 2419 ibi
850 2385 989 2419 civibus
1015 2385 1194 2429 primariis
1219 2386 1374 2430 pecunia
1416 2391 1536 2419 trans—

85 2440 218 2475 versim
242 2440 354 2478 actis,
391 2436 519 2470 urbem
546 2435 592 2468 ad
618 2438 652 2466 te
680 2432 854 2467 allexisti:
891 2437 927 2465 et
952 2431 1184 2476 postmodum
1209 2443 1336 2475 magno
1368 2434 1535 2477 equitum

86 2486 325 2533 peditumque
350 2495 500 2518 numero
523 2481 749 2516 Thessaliam
778 2484 814 2513 et
836 2479 1088 2519 Acarnaniam,
1113 2480 1353 2512 Romanorum
1388 2481 1537 2523 provin—

88 2533 173 2574 cias,
201 2532 376 2572 invasisti,
402 2542 443 2565 ac
467 2529 739 2564 memorabilem
766 2527 865 2559 illam
893 2527 1135 2559 calamitatem
1156 2526 1339 2566 invexisti,
1365 2531 1405 2559 ut
1427 2529 1537 2560 Acar-

26 2592 35 2600 ·
87 2591 202 2614 naues
227 2581 274 2614 ob
300 2578 564 2614 intolerandam
601 2577 730 2609 famem
766 2573 812 2607 ad
846 2573 1041 2607 maritimas
1074 2584 1153 2606 oras
1190 2578 1318 2617 sponte
1355 2573 1536 2618 profecti,

89 2626 253 2661 barbaris
278 2626 460 2671 plagiariis
486 2625 624 2658 lucrum
649 2633 686 2655 se
714 2622 910 2666 gratuitum
936 2621 1220 2664 prostituerent,
1245 2620 1471 2654 obsecrantes
1498 2621 1537 2651 in

92 2673 179 2706 alias
204 2678 315 2708 terras
341 2672 547 2711 transserri,
581 2669 708 2715 ibique
733 2668 867 2701 servire
896 2673 970 2700 tota
995 2667 1069 2700 vita
1096 2666 1241 2710 potius,
1281 2678 1388 2711 quam
1430 2677 1536 2711 prac-

93 2721 186 2752 nenti
215 2721 335 2755 inedia
357 2719 620 2754 contabescere.
670 2716 793 2748 Postea
806 2715 954 2759 Augeio,
976 2713 1193 2747 consobrino
1219 2725 1312 2752 ineo,
1334 2713 1536 2753 demortuo,

94 2777 202 2811 quem
236 2778 299 2812 ego
337 2772 540 2813 praetorem
564 2775 606 2799 eo
635 2764 821 2803 miseram,
858 2767 896 2795 tu
932 2760 1135 2807 provincias
1172 2759 1241 2793 tibi
1278 2760 1466 2794 vindicasti
1501 2765 1537 2794 et
