1794 3158
315 143 433 218 394
839 162 1250 206 ANNo'rATioNrs

315 267 526 322 templum,
554 275 599 308 ut
622 267 759 308 scribit
776 266 1024 320 Nicephorus
1051 267 1236 307 Callistus
1265 267 1383 323 lib-7.
1409 281 1498 321 cap.
1515 268 1585 322 49.
1639 267 1748 309 Lau-

313 323 434 363 datur
462 338 486 363 a
517 331 651 363 nostro
678 323 866 362 historico
894 322 964 362 lib.
986 322 1024 373 4
1046 337 1135 375 cap.
1152 325 1208 374 4.,
1239 323 1308 363 ubi
1336 331 1466 362 terrae
1491 331 1603 362 motu
1627 337 1748 377 quas-

311 386 443 417 satum
470 387 509 418 et
535 393 578 418 ex
595 385 708 432 parte
736 376 957 430 collapsum
984 385 1186 417 narratur.
1230 379 1454 431 Procopius
1481 378 1532 416 de
1559 378 1746 418 aedificiis

311 432 522 473 Iustiniani
544 448 555 471 :
618 434 758 472 Totam
787 432 976 487 templum
1001 434 1042 471 in
1068 434 1216 472 eineres
1244 434 1442 473 redactam
1481 433 1742 481 lastinianus,

309 503 550 543 quamquam
574 488 698 527 multo
724 497 837 541 post,
875 489 932 526 ita
963 489 1169 542 reparavit
1195 497 1234 528 ec
1261 489 1475 544 expolivit,
1503 497 1546 527 ut
1578 490 1747 543 quisquis

310 544 360 582 de
387 545 521 598 priori
553 544 698 598 templo
727 543 927 582 audiverit
940 573 952 594 ,
991 545 1024 582 is
1047 553 1263 583 monstrata
1296 543 1497 598 praesenti
1533 551 1745 592 venustate,

310 607 448 652 optare
469 600 603 652 possit,
642 599 748 637 illud
771 600 851 638 iam
876 598 1023 637 dudam
1052 600 1240 653 periisse,
1265 607 1308 638 ut
1338 599 1382 637 in
1408 607 1656 653 praesentem
1667 600 1749 648 sa-

308 654 408 692 ciem
433 663 625 693 mutatum
651 663 796 692 cernat.
854 652 983 692 Paulo
1021 653 1149 692 infra:
1187 655 1407 694 Exstrucca
1438 653 1559 706 igitar
1586 654 1750 693 ecclesia

308 716 364 746 est
390 708 433 747 ἰη
459 709 713 762 spectaculum
734 710 856 763 plane
883 709 1208 762 pulcherrimum,
1229 711 1277 747 iis
1310 709 1485 764 quidem,
1512 708 1648 763 quibus
1679 710 1749 746 vi-

308 762 402 801 dere
435 765 598 817 contigit
612 793 625 816 ,
654 764 884 818 stupendum
905 781 917 802 :
944 765 1026 802 illis
1057 778 1169 814 vero,
1199 766 1269 819 qai
1295 764 1483 813 audiant,
1523 762 1752 802 incredibile

302 831 478 871 prorsus.
532 820 638 872 Lege
666 827 808 858 cetera.
867 818 915 856 In
946 820 1254 871 Turcograeeia,
1284 820 1353 858 ubi
1383 817 1752 870 Constantinopolis

308 879 424 925 capta
453 879 493 912 et
518 881 671 914 vastata
700 873 939 912 describitur
955 903 967 923 ,
1002 872 1197 926 templum
1224 873 1302 913 hoc
1340 874 1473 912 verbis
1500 875 1585 912 istis
1613 873 1751 926 deplo-

305 935 450 966 ratur:
503 928 592 975 παῖς
632 927 875 978 κατεδέξατο
905 923 932 979 ἦ
971 924 1032 967 ἐπ’
1063 923 1231 977 ὀνόματι
1261 926 1338 968 τοῦ
1368 927 1473 967 θεοῦ
1502 924 1627 978 λόγου
1665 941 1751 967 κτι-

306 983 459 1021 σθεῖσα
487 981 588 1034 ἁγία
618 982 756 1036 Σοφία
779 997 794 1033 ‚·
835 980 858 1023 ὅ
884 980 1062 1034 ἐπίγειος
1093 981 1301 1035 οὐρανὸς,·
1341 981 1366 1035 ἦ
1402 982 1474 1022 νέα
1509 979 1620 1021 Σιών
1638 1013 1651 1032 ,
1701 977 1756 1035 ἣν

307 1032 453 1090 ἔπηξεν
493 1033 515 1075 ὅ
555 1034 724 1091 κύριος,
769 1038 843 1078 καί
874 1037 950 1076 οὔκ
988 1031 1210 1090 ἄνθρωπος
1238 1053 1253 1087 ,·
1284 1034 1331 1076 τὸ
1371 1033 1571 1104 καύχῖμα
1616 1032 1755 1089 πάσης

306 1092 380 1144 τῆς
415 1090 690 1145 οἰκουμένης-5
728 1089 775 1131 τὸ
820 1085 988 1142 ἄγαλμα
1020 1093 1104 1133 ταῖν
1139 1091 1398 1145 ε’κκλησιαῖνς
1435 1088 1753 1145 ἧνπερέχουσω

308 1144 472 1186 πάντων
500 1146 574 1199 τῆς
607 1147 681 1199 γῆς
711 1144 968 1198 κτισμάτωνς
1026 1141 1061 1188 οἳ
1090 1146 1166 1186 τοῦ
1193 1144 1433 1198 θαύματος.
1490 1144 1513 1186 ὅ
1541 1145 1618 1186 τοῦ
1645 1146 1751 1185 θεοῦ

309 1197 571 1252 περιώνυμος
609 1199 711 1249 ναὸς
745 1201 902 1253 ἐγένετο
932 1198 1033 1249 ναὸς
1066 1201 1148 1242 τῶν
1174 1200 1449 1254 Ἰσμαηλιτῶν
1478 1202 1561 1241 τῶν
1593 1200 1746 1245 daem»,

309 1254 457 1307 φρίξον
492 1251 612 1308 ἥλιε,
656 1256 846 1304 στέναξον
879 1254 907 1310 ἦ
950 1257 1004 1310 γῆ
1045 1256 1118 1297 καί
1151 1257 1400 1309 κλονουμένη
1440 1252 1618 1310 βόησον,
1657 1254 1751 1296 ἅνε-

312 1310 452 1357 ξίκακε
481 1308 625 1364 κύριε,
654 1308 755 1360 δόξα
781 1324 861 1352 σοι.
921 1327 1098 1355 PONTAN.

423 1366 526 1419 Pag.
552 1366 620 1416 60,
652 1369 691 1418 4.
734 1375 785 1406 ut
828 1370 882 1408 in
929 1369 1094 1419 asylo.
1150 1359 1332 1418 ἄσυλος,
1372 1369 1437 1408 cui
1473 1381 1631 1407 necesse
1669 1381 1753 1407 non⁴

312 1427 371 1461 est
417 1422 588 1475 timere,
629 1436 681 1461 ne
717 1421 909 1474 spolietur
929 1453 941 1470 ‚
997 1437 1072 1471 ne,
1114 1437 1218 1476 quae
1257 1422 1379 1462 habet
1399 1453 1411 1474 ,
1455 1422 1603 1476 praeda
1641 1423 1752 1463 fiant.

311 1476 443 1527 Item,
483 1490 603 1530 quem
638 1477 821 1531 [spoliare
857 1479 966 1518 nefas
1007 1486 1096 1531 est,
1143 1485 1254 1517 tutus
1287 1493 1310 1517 a
1346 1478 1536 1518 violentia
1560 1507 1573 1527 ,
1616 1492 1751 1518 sacro-

311 1539 483 1571 sanctus.
570 1533 740 1586 Templa
788 1547 911 1587 porro
954 1533 1065 1586 asyla
1097 1533 1289 1572 dicuntur
1309 1564 1322 1583 ‚
1370 1548 1415 1572 ex
1455 1533 1601 1586 quibus
1641 1534 1755 1572 nefas

311 1594 371 1626 est
401 1586 578 1627 abstrahi
608 1602 700 1627 eum
721 1617 733 1639 ,
776 1590 845 1641 qui
885 1588 936 1628 ad
968 1588 1036 1627 illa
1071 1589 1262 1641 confugit.
1318 1588 1482 1628 Servius
1513 1589 1555 1626 in
1597 1601 1639 1628 2.
1667 1588 1750 1627 Ae-

310 1642 419 1680 neid.
448 1644 583 1682 vocari
613 1650 728 1697 putat
764 1644 933 1697 asylum,
965 1644 1077 1696 quasi
1102 1658 1282 1697 asyrum,
1312 1658 1336 1682 a
1355 1657 1436 1682 non
1471 1643 1758 1683 abstrahendo.

311 1696 444 1736 Multa
474 1698 584 1753 asyla
612 1706 790 1739 recenset
821 1699 1049 1739 Alexander
1079 1698 1131 1738 ab
1155 1699 1401 1751 Alexandro,
1430 1699 1502 1739 lib.
1525 1699 1561 1738 3.
1590 1713 1759 1752 cap,2o..

311 1763 486 1794 PONTAN.

420 1807 526 1861 Pag.
559 1807 630 1860 60,
659 1808 701 1852 6.
733 1802 969 1861 ἇμνηστιά,
1000 1809 1042 1849 id
1070 1816 1156 1859 est,
1199 1809 1441 1848 iniuriarum
1469 1809 1754 1848 offensionum-

313 1875 391 1915 que
427 1863 594 1903 oblivio.
662 1864 751 1903 Hoc
791 1865 916 1906 verbo
945 1865 1208 1904 Athenienses
1243 1866 1286 1902 in
1322 1865 1507 1903 sedandis
1549 1864 1761 1904 discordiis

310 1930 404 1957 usos
433 1917 605 1957 affirmat
633 1919 773 1959 Cicero
799 1934 835 1959 1.
865 1920 1104 1974 Philippica.
1172 1920 1225 1958 Et
1264 1918 1545 1973 Thrasybulus
1584 1927 1757 1958 auctore

313 1971 487 2013 Aemilio
513 1973 649 2014 Probo
676 1974 806 2028 legem
848 1974 968 2026 tulit,
1012 1975 1267 2015 reconciliata
1309 1989 1432 2026 pace,
1473 1989 1524 2013 ne
1562 1975 1753 2027 quis'an-

312 2033 529 2068 teactarum
573 2043 711 2068 rerum
740 2038 1020 2082 accusaretur,
1061 2044 1163 2069 neve
1190 2029 1454 2069 multaretur:
1496 2043 1663 2082 eamque
1695 2028 1755 2068 illi

312 2081 434 2134 legem
469 2085 680 2124 oblivionis
713 2084 980 2138 appellarunt.
1037 2086 1112 2125 Sed
1158 2085 1286 2138 legem
1329 2085 1492 2137 quidem
1531 2083 1760 2135 α’,ιινηστιάς

313 2136 550 2189 appellatam
578 2139 761 2180 concedit
788 2142 992 2180 Muretus:
1024 2141 1148 2180 verbo
1179 2148 1313 2179 autem
1340 2154 1432 2179 usos
1459 2135 1517 2192 μή
1554 2151 1757 2190 μνησικα-

313 2194 398 2230 κεῖν
413 2222 424 2241 ,
449 2193 526 2233 hoc
556 2202 614 2233 est
630 2224 643 2246 ,
683 2210 763 2235 non
798 2210 875 2234 esse
908 2195 1154 2236 retinendam
1178 2196 1350 2235 iniuriae
1381 2195 1638 2241 memoriam,
1670 2207 1754 2242 seu,

312 2247 489 2286 animum
515 2250 751 2290 malevolam
777 2251 825 2290 ob
857 2251 1049 2290 iniuriam
1078 2251 1234 2289 illatam
1266 2265 1344 2290 non
1380 2248 1664 2303 suscipiendam
1681 2277 1694 2298 ,
1716 2255 1757 2287 et

311 2298 389 2339 hoc
418 2301 523 2342 idem
555 2304 674 2344 fuisse
703 2306 745 2344 in
784 2304 871 2360 lege
903 2306 1077 2359 positum
1111 2307 1257 2361 probat
1295 2305 1457 2347 variar.
1490 2304 1582 2343 lect.
1611 2303 1683 2343 lib.
1711 2317 1751 2346 2.

313 2367 398 2408 cap.
425 2358 489 2397 15.
542 2371 715 2399 pomum.

424 2411 524 2464 Pag.
558 2413 624 2463 60,
651 2413 692 2454 8.
723 2413 1011 2455 πιστώσεσθαι
1039 2417 1096 2458 Μ.

423 2465 605 2519 Pag.60‚
627 2483 690 2507 11.
720 2485 820 2510 una
853 2472 996 2509 urbis
1022 2480 1192 2526 porta.
1246 2470 1310 2509 De
1338 2469 1479 2522 viginti
1502 2467 1632 2506 trihus
1658 2481 1751 2519 por-

311 2521 363 2560 tis
402 2520 514 2560 urbis
543 2523 1006 2578 Constantinopolitanae
1050 2527 1141 2565 vide
1183 2526 1343 2564 Ioannis
1377 2522 1610 2563 Leunclavii
1641 2523 1750 2563 Pan-

310 2575 450 2615 decten
479 2576 668 2616 historiae
692 2580 902 2628 Turcicae‚
934 2596 1016 2634 quo
1045 2581 1150 2620 libro
1165 2580 1340 2619 Annales
1363 2578 1624 2617 sultanorum
1642 2577 1750 2616 Oth-

303 2630 561 2680 omanidamm
588 2646 658 2670 seu
686 2634 1001 2675 Osmanidarum
1027 2636 1243 2675 illustravit
1263 2666 1274 2684 ‚
1322 2634 1518 2686 nobisque
1546 2632 1598 2671 ad
1631 2632 1751 2671 hasce

309 2694 424 2725 notas
451 2685 671 2739 plurimum
700 2690 997 2737 commodavit:
1039 2691 1199 2744 quando
1228 2690 1377 2728 bonam
1404 2696 1560 2741 partem
1588 2688 1751 2726 Turcici

306 2741 461 2796 imperii
489 2742 732 2796 peragravit,
762 2751 800 2783 et
829 2745 995 2796 curiose,
1024 2746 1146 2786 immo
1175 2759 1272 2786 vero
1301 2743 1512 2798 diligenter
1541 2747 1747 2783 accurate-
