1800 3164
477 201 857 244 HlsToRlARUM
899 203 969 241 lv.
999 206 1039 247 3.
1449 200 1514 236 21

63 303 223 350 areum
261 299 460 356 τελευτήν
490 299 590 355 πρὶν
631 300 706 343 τὸν
735 299 913 355 πόλεμον
941 303 1150 344 κινεῖσθαι
1178 301 1395 356 διειλέχθη
1423 299 1527 356 πρὸς
1540 311 1578 344 Α.
1591 310 1627 343 C.
1648 310 1731 358 1347

58 365 222 420 -αὕτόν,
260 364 317 416 ὥς
359 369 567 420 μέλλουσί
597 383 704 416 τινες
742 372 831 409 κατ’
863 369 995 414 αὐτοῦ
1024 365 1224 421 διαβολάς
1252 363 1527 422 συρράπτειν,

74 433 147 476 καί
173 433 230 482 ὥς
259 434 390 475 ἐδεῖτο
422 432 553 475 αὕτόν
584 430 690 487 ὑπὲρ
724 436 799 475 τοῦ
828 435 993 476 δικαιόυ
1026 433 1099 476 καί
1123 435 1200 476 τοῦ
1225 435 1344 490 κοινῇ
1362 437 1527 474 λυσιτε-

37 502 238 555 ,·λοῦντος
278 501 417 541 πᾶσαν
456 501 772 542 ἐπιδείκνυσθαι
814 501 1000 555 σπουδὴν
1043 502 1116 542 καί
1140 498 1197 555 μὴ
1228 501 1298 556 ἐᾷν
1324 497 1422 548 τους
1450 516 1526 541 συ-

18 558 281 622 ,ξκοφάντας
309 569 587 621 παραπείθειν
614 568 814 620 βασιλίδα
843 568 916 608 καί
947 566 1127 619 πόλεμον
1153 565 1361 622 ἐμφύλιον
1384 570 1525 619 κινεῖν,

71 633 163 674 ἀλλ’
204 629 458 674 ἀπελαύνειν
495 628 635 685 ὥσπερ
665 633 797 687 κῆρας
834 634 907 673 καί
932 631 1075 686 κοινήν
1105 635 1176 687 τῆς
1200 630 1418 685 Ῥωμαίων
1455 631 1524 673 εὖ·

69 690 219 751 τυχίας
252 697 410 753 λύμην,
440 701 514 741 καί
541 700 748 755 ἐμέμφετο
780 699 832 740 ου’
857 698 1012 752 μόνον,
1043 695 1108 740 ὅτι
1132 700 1267 754 μηδὲν
1295 697 1524 749 ἐνδείξαιτο

69 763 267 820 φρόνημα
295 763 402 819 πρὸς
428 762 502 814 τὰς
532 762 730 818 διαβολάς
757 767 875 824 αὐτῷ
916 767 1147 821 προσῆκον,
1177 763 1284 807 α’λλά
1317 767 1391 806 καί
1424 781 1525 807 συν-

48 831 267 885 Ἰ-«ιέπραττε,
297 837 384 881 τοῖς
421 834 759 888 συκοφαντοῦσι,
789 834 863 874 καί
886 833 970 874 τῶν
998 828 1134 874 ἄλλων
1159 834 1319 884 μᾶλλον
1347 830 1417 873 τὸν
1448 832 1526 873 πό-

4 903 54 947 ἰ-ς)
67 900 191 950 λεμον
221 895 350 946 αὕτὸς
378 896 528 951 ἐκίνει,
569 901 816 955 σαφέστατα
857 897 1004 952 εἰδώς,
1036 895 1092 948 ὥς
1119 897 1429 952 καταψεύδεται
1452 899 1562 940 καιὋ

67 971 345 1021 συκοφαντεῖ·
403 964 448 1006 τὸ
483 966 528 1007 δὲ
554 966 769 1020 μέγιστον,
801 963 869 1007 ὅτι
900 967 974 1007 καί
1001 963 1106 1019 μετὰ
1138 963 1214 1020 τήν
1242 963 1451 1020 τοσαύτην
1480 966 1520 1006 ἑ-

65 1030 444 1086 πακολουθήσασαν
486 1033 530 1072 ἑκ
566 1034 644 1073 τοῦ
671 1033 854 1084 πολέμου
886 1030 1114 1088 συμφορὰν
1146 1032 1220 1072 καί
1246 1033 1329 1072 τῶν
1355 1030 1522 1086 μυρίων

65 1095 256 1151 αἱμάτων
291 1096 366 1146 τὰς
406 1095 600 1151 ἐκχύσεις
630 1098 702 1139 καί
726 1096 825 1146 τούς
854 1096 1218 1154 ἀνδραποδισμοὺς
1245 1096 1413 1146 καὶτὰς
1448 1099 1520 1152 δη-

59 1160 232 1214 μεύσεις
259 1166 331 1206 καί
357 1162 410 1206 τὰ
441 1164 706 1221 δεσμωτήρια
739 1164 812 1206 καί
836 1163 909 1219 τὴν
940 1164 1084 1220 κοινὸν
1124 1165 1417 1219 πανωλεθρίαν
1459 1160 1520 1206 οἶ·-

23 1241 157 1284 5κτον
197 1229 349 1272 ου’δένα
390 1232 474 1272 τῶν
516 1231 814 1284 α’πολλυμένων
853 1233 1047 1284 ἐποιεῖτο,
1080 1230 1180 1272 οὐδὲ
1209 1230 1348 1286 ὑφῆκέ
1377 1245 1418 1271 τι
1444 1233 1519 1284 τῆς

43 1294 165 1350 Ιπρὸς
192 1294 318 1338 αὐτὸν
345 1300 514 1351 πικρίας
542 1292 644 1352 ἄχρι
678 1299 844 1349 τέλους,
891 1295 998 1339 ἀλλὰ
1034 1296 1165 1339 πολλὰ
1188 1296 1386 1345 πολλάκις
1414 1295 1518 1351 γρά-

60 1376 213 1418 φοντος
251 1362 385 1404 αὐτοῦ
422 1364 495 1405 καί
532 1365 729 1416 δεομένου
770 1362 886 1420 παρὰ
925 1362 1061 1406 πάντα
1106 1362 1182 1406 τὸν
1220 1365 1294 1405 τοῦ
1333 1366 1517 1417 πολέμου

41 1423 208 1482 χρόνον
234 1431 333 1485 περί
359 1427 548 1485 εἰρήνης,
581 1425 662 1484 οὔχ
692 1426 756 1472 ὅτι
788 1446 833 1484 γε
880 1431 954 1471 οὐκ
983 1430 1175 1472 ἐπείθετο
1205 1428 1332 1479 αὐτὸς
1371 1425 1401 1485 ἦ
1431 1432 1516 1472 τῶν

8 1528 9 1531 ,
56 1495 286 1547 λεγομένων
313 1489 464 1550 ἤθελεν
496 1495 677 1550 ἀκούειν,
711 1494 819 1538 ἄλλά
852 1497 926 1537 καί
952 1494 1089 1538 πάντα
1118 1495 1255 1538 κάλων
1285 1498 1413 1540 ἐκίνει
1444 1499 1519 1539 καί

56 1558 152 1611 τούς
193 1555 345 1612 ἄλλους
388 1559 530 1603 ἔπειθε
565 1561 625 1616 μή
672 1562 975 1604 κατατίθεσθαι
1012 1561 1080 1604 τὸν
1118 1562 1311 1616 πόλεμον.
1368 1561 1514 1604 ἔπειτα

55 1625 251 1683 ἔφασκεν,
277 1623 359 1678 ὅτι,
378 1630 515 1669 ταῦτα
545 1630 622 1681 μὲν
654 1626 710 1679 ὥς
737 1627 797 1684 μή
827 1627 1082 1684 προσήκοντα
1112 1631 1171 1687 τῷ
1195 1628 1330 1687 χρόνῳ
1361 1630 1436 1670 νῦν
1471 1630 1556 1670 ἑ-Ι)

57 1693 192 1746 ὦμεν·
250 1694 301 1734 οὔ
329 1693 409 1749 γὰρ
442 1694 667 1746 ὀνειδίζειν
695 1696 813 1752 αὐτῷ
840 1693 914 1750 τήν
943 1694 1243 1751 α’γνωμοσύνην
1271 1697 1513 1752 προῃρημέ-

51 1773 123 1807 νος
165 1760 238 1801 νῦν
275 1761 433 1814 εἰπεῖν,
477 1757 566 1802 ἀλλ’
603 1761 655 1803 ἵν’
694 1762 842 1803 εἰδεῖεν
878 1760 1048 1814 πάντες,
1093 1760 1150 1810 ὥς
1177 1761 1251 1803 καί
1273 1762 1372 1817 πρίν
1399 1764 1509 1816 γενέ-

152 1849 179 1871 ι.
204 1837 303 1884 πρὸς
331 1832 400 1872 τὸν
424 1839 461 1872 P.
573 1841 604 1873 3.
635 1837 755 1872 αὐτοῦ
780 1839 942 1874 fortasse.

54 1917 134 1940 curn
170 1918 213 1940 eo
245 1907 447 1940 collocutus
481 1907 551 1941 sit:
589 1907 731 1941 futuros
762 1908 960 1949 nimirum,
993 1909 1058 1952 qui
1084 1909 1281 1942 calumnias
1320 1913 1444 1941 contra
1470 1919 1508 1942 se

54 1954 438 1988 comminiscerentur:
467 1960 504 1988 ct
527 1954 711 1999 quomodo
740 1965 822 1987 eum
847 1955 1044 1999 rogaverit,
1070 1957 1123 1988 uti
1151 1967 1217 2000 pro
1239 1956 1380 1988 iustitia
1407 1966 1508 1987 com—

51 2001 229 2046 munique
266 2001 363 2034 bono
393 2001 496 2034 nullo
517 2000 637 2033 labori
664 2005 829 2046 parceret
867 2013 935 2035 nec
972 2002 1018 2035 ab
1046 2000 1354 2036 obtrectatoribus
1391 2001 1509 2046 impe-

53 2048 221 2080 ratricem
244 2049 425 2092 corrumpi
459 2047 672 2093 bellumque
697 2049 803 2082 civile
833 2049 982 2082 excitari
1008 2054 1215 2094 pateretur,
1244 2048 1307 2081 sed
1332 2059 1393 2081 cos
1411 2053 1506 2081 tam-

53 2105 162 2141 quam
201 2099 339 2139 pestem
378 2097 632 2141 Romanaeque
656 2095 845 2130 felicitatis
870 2096 1196 2140 perniciosissimos
1234 2095 1400 2128 inimicos
1425 2095 1505 2129 abi-

51 2146 171 2186 geret:
203 2141 387 2187 dabatque
412 2142 555 2175 crimini
573 2167 582 2183 ‚
608 2141 708 2186 quod
733 2154 806 2176 non
832 2143 947 2175 solum
977 2144 1120 2176 excelso
1148 2143 1289 2182 animo,
1325 2143 1503 2186 quemad-

50 2188 197 2222 modum
225 2188 427 2229 decuisset,
453 2188 778 2222 calumniatoribus
806 2202 880 2223 non
905 2190 1120 2229 restitisset,
1156 2188 1220 2222 sed
1245 2200 1325 2222 cum
1351 2188 1501 2222 minime

49 2235 231 2276 nesciret,
265 2237 303 2269 Se
341 2237 489 2269 mentiri
526 2241 562 2269 et
601 2236 838 2277 calumniari,
872 2241 992 2270 tamen
1024 2248 1085 2270 eos
1115 2236 1266 2281 insuper
1303 2236 1504 2270 adiuvisset

49 2287 89 2316 et
127 2283 313 2316 classicum
347 2281 446 2316 bello
480 2283 657 2316 movendo
695 2283 772 2326 ipse
798 2288 884 2328 prae
921 2284 1004 2317 aliis
1035 2283 1235 2316 cecinisset.
1287 2282 1383 2315 Illud
1415 2294 1500 2318 vero

48 2339 126 2362 esse
157 2329 359 2371 horribile,
393 2330 492 2376 quod
525 2335 608 2374 post
638 2334 775 2363 tantam
814 2331 1059 2364 calamitatem
1097 2341 1116 2363 e
1141 2328 1240 2362 bello
1275 2330 1498 2374 profectam,

45 2380 130 2421 post
152 2376 279 2410 caedes
304 2377 602 2415 innumerabiles,
628 2382 712 2422 post
734 2381 790 2411 tol:
813 2378 984 2410 mortales
1012 2378 1051 2410 in
1076 2378 1287 2410 servitutem
1314 2376 1497 2421 abreptos,

43 2427 128 2468 post
150 2422 326 2456 bonorum
344 2423 611 2466 publicationes
625 2434 803 2463 ,carceres
816 2450 824 2464 ,
840 2435 1030 2458 commune
1044 2428 1316 2469 extremumque
1343 2424 1496 2457 exitium

44 2469 148 2503 nulla
187 2470 419 2514 pereuntium
458 2471 693 2505 miseratione
728 2476 852 2515 captus
889 2472 938 2505 sit
985 2481 1106 2516 neque
1138 2470 1183 2504 de
1221 2469 1421 2504 acerbitate
1456 2472 1494 2505 in

43 2516 163 2561 ipsum
193 2527 309 2562 usque
338 2515 383 2550 ad
411 2518 519 2552 finem
538 2516 738 2563 quidquam
755 2518 952 2561 remiserit3
978 2517 1042 2552 sed
1071 2518 1235 2563 quamvis
1261 2517 1369 2551 toties
1414 2518 1494 2562 ipse

31 2563 275 2607 ·multumque
298 2564 504 2608 scripserit,
531 2571 567 2598 et
591 2565 767 2609 quamdiu
792 2565 928 2598 bellum
955 2564 1038 2604 fuit,
1063 2575 1189 2609 pacem
1203 2565 1393 2604 oraverit,
1418 2577 1493 2597 non

31 2608 151 2642 -modo
176 2609 306 2644 adduci
333 2621 376 2643 eo
401 2622 476 2644 non
501 2611 685 2655 potuerit,
717 2616 779 2644 aut
805 2622 899 2658 quae
926 2611 1134 2645 dicerentur
1158 2610 1285 2644 audire
1311 2611 1487 2651 voluerit,

42 2666 166 2689 verum
194 2657 362 2691 omnibus
386 2659 505 2692 nervis
530 2658 779 2699 contenderit,
818 2663 855 2690 et
881 2659 972 2692 alios
1005 2658 1050 2691 ad
1083 2658 1180 2692 idem
1210 2657 1418 2702 impulerit,
1445 2669 1490 2690 nc

44 2701 144 2736 bello
173 2703 253 2736 (inis
279 2703 482 2738 adderetur.
510 2704 607 2744 „Sed
631 2704 731 2744 haec,
759 2709 799 2738 ut
817 2705 971 2749 tempori
992 2705 1124 2745 aliena,
1149 2705 1403 2744 omittamus,’'
1429 2705 1488 2736 in-

46 2749 148 2793 quil-2
173 2761 271 2789 „non
296 2752 391 2784 enim
415 2751 483 2785 ista
507 2751 608 2792 dixi,
635 2757 676 2785 ut
699 2752 769 2785 tibi
790 2752 906 2786 scelus
933 2758 1034 2785 tuum
1063 2751 1340 2796 exprobrarem,
1365 2762 1488 2784 verum

45 2799 88 2828 ut
114 2805 237 2830 omnes
273 2797 404 2832 scirent
424 2823 434 2839 ,
456 2810 513 2832 mc
547 2797 671 2831 futura
698 2798 841 2838 omnia,
878 2803 1070 2846 autequam
1097 2799 1250 2838 fierent,
1276 2808 1395 2831 rerum
1421 2808 1487 2830 usu
