1800 3164
299 180 316 215 1
338 163 403 218 16
610 220 612 222 ,
721 215 723 217 .
819 171 1191 217 CANTACUZEM

82 286 170 321 ΑΒ.
191 288 275 324 1350
288 277 502 331 στρέφειν.
561 274 591 317 ἂ
624 276 837 328 Σουλιμὰν
882 274 1012 316 ἐποίει
1053 270 1079 330 ᾗ
1109 272 1225 330 αὕτῷ
1255 271 1278 313 ὅ
1306 271 1440 328 πατὴρ
1473 271 1737 327 προσέταττε,

285 341 364 383 καί
389 358 483 384 τινα
511 341 774 394 πλασάμενος
801 339 859 395 μὴ
892 335 1009 393 ὄντα,
1038 341 1082 381 ἔκ
1111 343 1189 382 τοῦ
1215 337 1322 380 κατὰ
1349 336 1580 392 τὸνἝβρον
1600 335 1736 391 πόρου

283 406 390 462 πρὸς
427 406 503 462 τήν
532 407 711 449 Μυσίαν
743 405 815 447 ε’πί
843 407 1067 460 λεηλασίαν
1096 402 1339 459 ἀπεχώρει,
1397 403 1468 445 καί
1503 404 1663 456 πλῆθος
1690 397 1735 442 ὅ·
1781 450 1785 454 ⁴

281 475 365 525 μοῦ
405 473 678 528 βοσκημάτων
707 474 778 513 καί
805 471 1042 526 ἀνθρώπων
1070 471 1224 519 ἐλάσας
1254 470 1531 523 αἰχμαλώτων
1559 470 1631 510 ε’πὶ
1656 465 1734 522 τήν

279 539 426 581 Ἀσίαν
454 540 720 592 ἐπεραιοῦτο.
778 539 1012 586 Ματθαῖος
1040 539 1087 579 δὲ
1126 534 1146 578 ὅ
1179 538 1255 578 τοῦ
1288 538 1494 589 βασιλέως
1523 534 1614 582 υἱὸς
1642 531 1778 578 ἐπείὄι

277 601 337 658 μή
379 605 431 662 τῇ
461 603 683 656 Ῥωμαίων
710 602 817 660 μόνῃ
846 604 1023 660 στρατιᾷ
1047 601 1225 651 δυνατὸς
1253 598 1302 656 ἧν
1330 600 1406 656 τὴν
1434 599 1538 656 πρὸς
1569 601 1732 643 Θεσσα-

277 672 440 723 λονίκην
479 669 661 711 α’πιὲναι
692 667 760 711 διά
793 671 1006 722 πολεμίας,
1036 670 1231 721 ποταμῶν
1257 683 1299 710 τε
1329 666 1515 709 αἐννάων
1547 664 1734 708 διιόντων

276 736 322 776 ἐν
355 736 413 791 τῷ
447 734 603 786 μεταξὺ
657 734 731 776 καί
771 736 822 777 ου’
860 735 1002 792 ῥᾴδιον
1032 734 1103 777 τὸν
1149 735 1280 789 πόρον
1308 734 1630 788 παρεχομένων,
1660 730 1734 773 καὶ

128 814 167 850 Ρ,
196 816 264 861 7⁶9
282 802 502 854 Τριβαλιόν
518 799 833 856 ἐνεδρευόντων,
860 795 987 843 ὄντων
1018 801 1338 854 δυνατωτέρων,
1373 794 1400 854 ἢ
1428 799 1528 840 καθ’
1552 795 1602 853 ἢν
1633 793 1731 852 ἦγεν

276 864 403 914 αὐτὸς
429 866 646 920 Ῥωμαίων
675 865 906 922 στρατιάν,
954 868 1184 921 α’νέστρεφε
1226 865 1299 907 καί
1334 864 1460 914 αὐτὸς
1487 866 1563 906 καί
1590 865 1728 906 διέλυε
1745 864 1800 919 πός

272 930 317 974 τὸ
345 930 619 987 στράτευμα·
674 936 847 986 βασιλεῖ
865 949 909 975 τε
935 935 992 990 τῷ
1021 931 1151 987 πατρὶ
1183 931 1332 986 ἐδήλου
1364 930 1441 986 τήν
1480 932 1618 974 αἰτίαν
1653 933 1728 985 τῆς
1769 971 1775 976 .

272 997 481 1053 κωλύμης.
538 998 739 1052 βασιλεὺς
769 1000 814 1041 δὲ
842 998 1062 1053 ἠγανάκτει
1081 1000 1158 1051 μὲν
1178 996 1281 1053 πρὸς
1295 996 1344 1039 τὰ
1369 995 1603 1050 συμβάντα,
1622 995 1728 1052 πρός

270 1081 313 1106 τι
349 1065 396 1106 δὲ
433 1067 763 1121 λυσιτελέστερον
807 1061 884 1106 οὐκ
921 1063 1030 1119 ἔχων
1074 1064 1327 1119 τρέπεσθαι,
1370 1060 1523 1117 ἐχώρει
1560 1061 1636 1117 τήν
1666 1063 1727 1112 εἷς

274 1130 593 1186 Θεσσαλονίκην,
624 1132 669 1172 ἐκ
707 1133 781 1186 τῆς
819 1131 984 1180 Ἠϊόνος
1023 1125 1149 1186 ἄρας,
1187 1133 1262 1173 καί
1293 1128 1370 1184 τήν
1404 1129 1532 1171 νύκτα
1568 1130 1727 1185 ἐκείνην

270 1195 482 1250 ὡρμίσατο
509 1199 574 1239 ἐπ’
604 1198 798 1254 α’γκυριὸν
820 1196 1116 1253 Ἀμφιπόλεως
1148 1194 1269 1250 ἑγγῢς
1296 1193 1378 1237 ὑπὸ
1407 1197 1627 1250 Τριβαλῶν
1650 1211 1725 1237 κα-
1742 1189 1800 1251 ¹5¹]

268 1264 506 1318 τεχομένης.
563 1258 614 1318 ἧς
651 1260 904 1318 ἐπετρόπευε
936 1260 1209 1317 Μπραϊάνης,
1235 1265 1410 1315 βασιλεῖ
1441 1262 1485 1311 ἐς
1514 1259 1565 1303 τά
1598 1259 1725 1314 μάλι-

269 1343 348 1369 στα
380 1329 501 1384 φίλος
531 1324 589 1370 ὢν
619 1331 665 1371 ἐκ
689 1331 761 1384 τῆς
791 1327 894 1384 πρὸς
927 1327 1087 1376 αὐτούς
1115 1328 1352 1383 διατριβῆς·
1402 1327 1510 1383 πρὸς
1537 1323 1583 1369 ὃν
1620 1323 1725 1369 ἄκοι-

267 1392 358 1434 τίου
389 1392 539 1447 ἐπιβάς
565 1393 726 1447 νυκτὸς,
763 1394 937 1450 ἀφίκετο
963 1395 1022 1442 εἷς
1048 1389 1307 1449 Ἀμφίπολιν
1338 1392 1359 1433 ὅ
1393 1391 1594 1446 βασιλεύς
1621 1390 1725 1449 κρύ-

231 1472 334 1514 Βφα
361 1461 433 1500 καί
458 1461 688 1515 διειλέχθη.
744 1459 766 1502 ὃ
795 1461 841 1502 δὲ
868 1458 919 1501 τά
949 1475 994 1501 τε
1021 1458 1128 1515 πρὸς
1160 1456 1292 1500 αὐτὸν
1324 1453 1376 1499 εὖ
1407 1460 1568 1501 διέθετο
1598 1461 1726 1512 βασι-

269 1527 339 1565 λεῖ
362 1525 710 1579 ἐπαγγειλάμενος
730 1524 864 1567 πάντα
887 1522 1078 1579 ποιήσειν
1102 1522 1210 1566 κατὰ
1237 1523 1416 1579 γνώμην,
1446 1526 1521 1566 καί
1542 1529 1629 1573 τοῖς
1648 1519 1722 1565 ἄλ-
1735 1524 1800 1583 zos<

268 1592 357 1638 λοις
388 1593 596 1643 βασιλέως
623 1593 763 1648 φίλοις
791 1589 996 1644 ὑπέσχετο
1029 1589 1404 1644 διαλεχθήσεσθαι,
1435 1589 1487 1631 ἵν’
1515 1591 1559 1632 ἐν
1588 1593 1722 1649 καιρῷ

266 1654 512 1710 προσήκοντι
538 1654 746 1712 χρήσιμοι
782 1653 955 1712 ὀφθεῖεν
981 1659 1161 1709 βασιλεῖ’,
1198 1653 1424 1710 α’πήγγελλέ
1458 1671 1517 1710 τε,
1538 1653 1595 1705 ὥς
1625 1655 1726 1712 περὶ

266 1721 522 1776 Στρυμμόνα
547 1725 640 1777 νῆες
670 1720 914 1778 ὅρμίζονται
935 1720 1012 1763 δύο
1037 1723 1109 1762 καί
1140 1720 1268 1763 εἴκοσι
1294 1721 1510 1776 Περσικαὶ
1532 1721 1604 1764 ἐπὶ
1627 1726 1723 1777 λεη-

266 1788 394 1844 λασία
434 1787 678 1844 ἀφιγμέναι.
732 1785 753 1830 ὁ
789 1790 869 1842 μὲν
907 1781 980 1829 οὖν
1013 1785 1213 1841 βασιλευς
1254 1789 1430 1829 τοιαῦτα
1468 1786 1541 1830 ἐπὶ
1576 1785 1723 1838 νυκτὸς

368 1884 418 1917 16.
445 1882 678 1929 Μπραΐάνος
701 1882 751 1916 Μ.

269 1967 435 2014 aliquid,
468 1973 580 2014 atque
612 1967 662 2002 ita
690 1966 836 2001 rediret.
886 1966 990 2012 Quae
1016 1972 1207 2012 praecepta
1232 1967 1345 2012 patris
1371 1968 1428 2001 sui
1453 1968 1592 2014 agitans
1612 1969 1719 2003 ‹Suli-

267 2011 417 2054 manuss
432 2015 555 2049 Hebro
581 2015 805 2055 transmisso,
830 2015 868 2046 in
890 2015 1064 2048 Moesiam
1075 2015 1288 2059 populatum
1315 2014 1422 2054 abiit,
1447 2021 1484 2048 et
1508 2026 1585 2049 cum
1610 2027 1720 2062 peco-
1750 2027 1754 2030 ·
1795 2013 1797 2018 ⁴

270 2073 349 2094 rum
374 2063 638 2107 hominumque
673 2073 802 2104 magno
829 2072 980 2094 numero
1007 2062 1044 2093 in
1073 2063 1188 2094 Asiam
1217 2063 1447 2106 renavigavit.
1496 2062 1719 2105 Matthaeus,

270 2110 444 2153 quoniam
471 2119 549 2141 cum
575 2109 662 2141 solis
687 2109 852 2141 Romanis
879 2119 943 2152 per
966 2107 1089 2141 hostes
1117 2109 1169 2141 ire
1195 2119 1269 2141 non
1293 2114 1461 2152 poterat,
1494 2111 1717 2154 perennibus

270 2155 381 2187 etiam
406 2155 445 2186 in
475 2155 596 2188 medio
623 2155 742 2187 fluviis
768 2155 865 2187 haud
882 2154 1025 2187 facilem
1044 2156 1233 2188 transitum
1257 2155 1553 2197 concedentibus,
1579 2162 1616 2189 et
1634 2158 1718 2191 ‘rri-

268 2201 378 2234 hallis
403 2203 478 2233 vias
506 2200 773 2240 insidentibus,
815 2211 856 2233 ac
883 2201 1103 2234 firmioribus
1133 2200 1389 2242 multitudine,
1428 2213 1536 2248 quam
1562 2213 1627 2247 pro
1653 2215 1717 2236 co·

267 2248 340 2292 piis
369 2249 552 2286 Romanis,
580 2258 669 2292 quas
693 2246 861 2287 ducebat,
887 2247 997 2280 etiam
1024 2249 1100 2292 ipsc
1118 2259 1276 2281 reversus
1294 2253 1360 2287 est,
1387 2255 1423 2282 et
1442 2250 1622 2283 exercitus
1641 2249 1717 2283 ‹lis-

269 2295 427 2338 sipatus:
454 2295 635 2339 patrique,
660 2294 751 2338 quid
769 2294 839 2327 sibi
861 2294 1074 2333 obstitisset,
1092 2295 1279 2328 indicavit.
1304 2295 1502 2339 Imperator
1520 2295 1590 2330 hoc
1606 2307 1717 2330 even-

270 2347 309 2374 tu
335 2340 589 2380 stomachatus,
616 2351 710 2381 cum,
735 2340 825 2386 quid
849 2342 972 2385 potius
998 2347 1131 2384 ageret,
1156 2352 1230 2373 non
1256 2341 1431 2385 haberet,
1459 2343 1571 2376 Elone
1597 2342 1718 2376 Thes-

270 2387 465 2421 salonicam
491 2386 743 2432 proiiciscens,
771 2391 876 2419 nocte
903 2387 965 2419 ina
991 2399 1104 2432 prope
1129 2387 1399 2432 Amphipolim,
1428 2400 1533 2434 quam
1560 2388 1718 2424 Tribaui

270 2434 457 2474 tenebant,
483 2434 585 2466 iactis
611 2433 778 2467 anchoris
804 2434 947 2466 mansit.
997 2434 1084 2466 Eam
1110 2435 1279 2468 Braianes
1307 2435 1455 2479 regebat
1471 2461 1480 2476 ,
1503 2436 1717 2480 imperatori

269 2480 316 2512 ob
341 2487 499 2514 veterem
524 2479 823 2514 consuetudinem
850 2480 1182 2514 coniunctissimus:
1210 2482 1254 2514 ad
1277 2493 1383 2527 quem
1406 2487 1515 2516 noctu
1535 2482 1717 2527 navigiolo

269 2527 361 2560 clam
387 2528 499 2567 venit,
525 2533 561 2560 et
585 2538 663 2560 cum
690 2537 733 2559 eo
759 2536 960 2560 sermonem
985 2526 1126 2563 habuit.
1177 2528 1250 2572 Qui
1271 2528 1370 2572 quod
1388 2528 1434 2562 ad
1459 2539 1497 2562 se
1521 2529 1716 2570 attinebat,

269 2574 364 2607 bene
393 2574 603 2619 imperatori
628 2574 766 2613 volens,
790 2574 910 2606 omnia
937 2585 980 2606 ex
1009 2574 1086 2606 eius
1115 2575 1330 2619 complacito
1356 2576 1547 2615 facturum,
1573 2581 1609 2608 et
1634 2587 1716 2609 cum

270 2621 355 2654 aliis
382 2621 544 2654 eiusdem
572 2622 695 2654 amicis
718 2625 880 2653 acturum
907 2620 1128 2664 recipiebat,
1162 2627 1202 2652 ut
1227 2627 1434 2665 opportuno
1468 2627 1632 2665 tempore
1658 2622 1717 2655 ini

270 2679 417 2713 operam
450 2673 646 2701 navarent:
675 2666 958 2710 nuntiabatque,
991 2666 1037 2697 ad
1063 2667 1265 2710 Strymonis
1295 2669 1391 2712 ripas
1423 2679 1532 2700 naves
1560 2668 1715 2702 Persicas

271 2714 358 2747 duas
395 2725 501 2759 supra
529 2714 661 2758 viginti
699 2712 900 2758 populandi
933 2723 1036 2746 causa
1062 2714 1241 2758 appulsas.
1282 2715 1491 2759 Imperator,
1515 2714 1620 2748 finito
1645 2714 1716 2749 hoc

269 2766 446 2796 nocturno
471 2761 679 2806 colloquio,
715 2760 762 2794 ad
787 2760 951 2794 triremes
981 2760 1154 2801 revertit,
1185 2760 1351 2795 cautione
1381 2772 1508 2807 magna
1535 2761 1716 2803 adhibita,
