1794 3158
319 146 431 210 420
823 158 1237 205 ANNo'rATmNEs

315 266 437 305 fuisse
456 267 674 319 sagittarii,
696 265 869 319 indeque
889 268 1020 320 potius
1034 297 1047 317 ,
1066 281 1188 320 quam
1216 265 1268 305 ab
1299 266 1482 307 orientali
1507 267 1630 308 verbo
1655 283 1751 322 saga

315 322 522 361 nominati.
554 335 724 360 PONTAN.

315 379 367 428 ll&
417 378 521 429 Pag.
564 375 650 429 174,
679 375 717 419 8,
749 370 819 414 ἐπὶ
848 372 893 416 τὸ
928 379 1057 417 κινεῖν
1088 377 1146 417 Μ.
1175 382 1215 416 et
1242 371 1513 418 εἰσελθόντων
1541 377 1633 418 add.
1663 385 1753 432 post

316 433 588 484 τεταγμένων.

426 486 532 538 Pag.
569 486 659 539 174,
687 499 728 538 9.
761 481 942 538 σημείων
971 488 1027 524 Μ.
1061 494 1165 526 recte
1194 493 1232 525 et
1260 486 1286 525 l.
1321 501 1383 540 ¹7·
1409 481 1676 538 χωρούντων.

426 541 530 592 Pag.
568 541 658 593 174,
689 554 756 579 21.
785 540 829 579 ἐν
854 540 988 596 ταύτῷ
1018 542 1107 582 add.
1144 543 1201 582 M.
1217 556 1294 594 mg.
1310 549 1399 593 post
1423 540 1755 593 συμμίγνυσθαι.

428 596 535 647 Pag.
573 594 661 648 175,
694 609 734 634 2.
766 589 860 634 οὔτε
891 598 948 635 Μ.
980 611 1141 649 quoque
1172 604 1211 636 et
1237 596 1266 635 l.
1287 599 1350 636 13.
1382 593 1589 646 κομάνων.

425 650 531 702 Pag.
563 649 653 702 175,
683 650 720 688 5.
749 647 968 701 διήρχοντο
987 653 1046 691 Μ.

426 705 532 757 Pag.
569 706 658 757 175,
696 704 758 744 15.
823 707 1070 745 Τνίηοόο.
1133 707 1360 760 Tripliciter
1389 706 1510 746 huius
1538 705 1650 745 urbis
1677 720 1751 746 no-

316 775 407 800 men
464 761 657 812 scriptum
702 762 857 812 reperio
876 793 887 811 ,
937 762 1139 801 Trinobus
1162 793 1172 810 ,
1233 762 1471 812 Ternobus‚
1523 761 1751 804 Tornobus.

314 818 474 855 Nicetes
501 816 681 854 omnium
710 815 851 853 Haemi
894 816 1054 856 urbium
1095 817 1402 857 munitissimam
1433 824 1473 856 et
1499 818 1755 869 praestantis-

317 874 460 909 simam
482 901 497 918 ,
536 870 660 908 firmis
701 870 986 910 circumdatam
1024 873 1266 923 moenibus,
1307 886 1424 911 amne
1456 873 1717 925 interceptam
1740 901 1752 924 ,

315 928 355 965 in
400 926 546 965 vertice
587 926 734 963 montis
767 927 1013 966 aedificatam
1047 928 1184 966 scribit
1210 927 1282 966 lib.
1306 943 1341 966 1.
1383 929 1580 980 Gregoras
1611 926 1683 966 lib.
1714 927 1754 966 5.

316 981 582 1034 Bulgarorum
602 979 751 1032 regiam
766 981 872 1022 facit.
887 996 1058 1022 PONTAN.
1087 980 1273 1034 τίρνοβον
1291 984 1353 1022 Μ.
1368 989 1481 1035 text„
1497 981 1649 1035 τρίνοβ.
1670 995 1751 1036 mg.

424 1037 533 1088 Pag.
576 1035 666 1088 175,
697 1049 754 1088 17.
786 1034 1107 1089 οὕγκροβλάχων
1139 1040 1196 1081 Μ,

426 1090 535 1144 Pag.
572 1103 661 1142 177,
696 1092 754 1130 18.
776 1093 992 1144 fungos·
1061 1093 1219 1146 Duplex
1259 1089 1472 1146 fungorum
1512 1106 1636 1146 genus
1678 1091 1754 1132 do-

316 1153 379 1184 cet
411 1159 494 1184 esse
521 1145 774 1185 Dioscorides
803 1146 870 1185 lib.
901 1148 939 1196 4.
969 1161 1058 1200 cap.
1094 1148 1162 1187 83.
1202 1148 1338 1187 edules
1384 1156 1454 1187 aut
1494 1149 1676 1186 exitiosos
1708 1161 1756 1186 ac

316 1200 564 1252 perniciales.
620 1199 739 1240 Tales
781 1202 948 1241 evadere
985 1203 1120 1242 multis
1163 1203 1213 1242 de
1259 1204 1400 1242 causis.
1465 1203 1759 1242 Innocentiores
1793 1224 1794 1256 3

317 1257 466 1308 quique
493 1269 647 1294 veneno
676 1257 819 1295 imbuti
848 1272 928 1295 non
956 1265 1048 1296 sunt
1068 1288 1079 1308 ‚
1110 1259 1275 1298 iucundi
1305 1259 1456 1311 saporis
1483 1272 1565 1297 esse
1593 1265 1632 1296 et
1660 1271 1758 1296 con-
1793 1257 1794 1300 Ῑ

316 1310 451 1348 ciliare
479 1313 647 1363 gratiam
675 1312 844 1350 iuribus.
902 1314 1191 1352 Verumtamen
1221 1322 1259 1352 et
1288 1315 1360 1353 hos
1387 1314 1534 1366 largius
1575 1320 1756 1365 sumptos

316 1379 495 1403 nocere:
533 1367 681 1420 quippe
712 1368 781 1419 qui
825 1381 940 1420 aegre
994 1370 1172 1407 concocti
1217 1369 1467 1422 strangulent
1512 1375 1582 1407 aut
1621 1367 1758 1407 chole-

314 1434 384 1458 rae
421 1420 606 1458 morbum
645 1421 860 1461 adducant.
920 1424 1076 1462 Deinde
1115 1425 1290 1463 remedia
1327 1431 1533 1463 enumerat
1569 1423 1665 1461 nitri
1723 1429 1763 1462 et

317 1474 395 1512 olei
424 1482 494 1513 aut
524 1474 648 1515 lixivii
677 1491 768 1515 cum
803 1477 915 1516 acida
943 1481 1072 1517 muria
1099 1487 1239 1531 potum
1271 1479 1508 1518 haustumve
1546 1478 1760 1532 thymbrae

317 1530 503 1568 decoctae
541 1533 744 1585 origanive
772 1532 983 1572 iusculum.
1013 1535 1113 1572 Item
1143 1535 1279 1572 fimum
1302 1535 1564 1587 gallinaceum
1594 1548 1639 1572 ex
1667 1546 1758 1572 ace-

317 1591 359 1622 to
393 1592 551 1636 potum,
587 1595 655 1625 aut
684 1601 730 1625 ex
758 1590 917 1639 copioso
946 1589 1063 1628 melle
1090 1589 1320 1628 delinctum.
1378 1591 1510 1628 Porro
1548 1590 1616 1641 qui
1646 1588 1756 1641 fungi

316 1640 356 1676 in
388 1639 584 1678 alimentis
615 1641 749 1680 locum
778 1642 928 1683 habent
948 1674 959 1694 ,
990 1659 1106 1697 aegre
1134 1659 1291 1697 quoque
1321 1644 1626 1683 dissolvuntur:
1660 1645 1759 1695 quin

317 1701 356 1732 et
389 1695 554 1746 integri,
586 1704 631 1734 ut
659 1697 905 1749 plurimum,
940 1714 1020 1737 una
1052 1714 1141 1738 cum
1175 1701 1428 1738 recrementis
1457 1698 1537 1738 alvi
1566 1699 1758 1737 reiiciun-

316 1755 395 1789 tur.
454 1749 655 1789 Hactenus
683 1753 952 1792 Dioscorides.
1021 1755 1143 1806 Apud
1172 1756 1425 1793 Athenaeum
1467 1756 1563 1792 item
1605 1752 1676 1792 lib.
1713 1766 1754 1791 2.

318 1805 430 1855 signa
474 1805 714 1856 traduntur,
762 1809 908 1860 quibus
937 1809 1137 1848 esculenta
1167 1810 1379 1863 fungorum
1413 1823 1555 1863 genera
1585 1822 1608 1847 a
1637 1822 1758 1847 vene-

317 1860 421 1896 natis
450 1860 786 1900 internoscantur.
832 1864 1042 1902 Praeterea
1072 1865 1217 1903 horum
1248 1865 1436 1904 remedia.
1485 1864 1617 1902 Noxii
1647 1871 1762 1901 erunt

301 1914 457 1965 fimgi,
489 1916 620 1967 inquit
649 1917 803 1956 Plinius
825 1918 898 1957 lib.
929 1933 994 1962 22,
1025 1934 1110 1973 cap.
1143 1922 1210 1959 25.
1264 1923 1333 1975 qui
1365 1921 1408 1958 in
1454 1918 1650 1973 coquendo
1683 1918 1759 1956 du·

318 1969 441 2006 riores
451 1969 592 2023 fiunt,
630 1972 935 2023 innocentiores,
963 1976 1031 2030 qui
1050 1977 1153 2013 nitro
1178 1976 1319 2015 addico
1341 1983 1554 2029 coquuntur
1563 2002 1579 2020 ,
1620 1973 1656 2011 .ςί
1685 1973 1762 2011 uti·

318 2036 394 2076 que
418 2036 724 2079 percoquatztur.
785 2029 960 2068 Tutiores
986 2029 1098 2086 fient
1128 2045 1213 2073 cum
1254 2046 1372 2069 carne
1416 2031 1531 2077 cocti,
1568 2036 1642 2067 aut
1673 2041 1761 2066 cum

311 2077 496 2129 pediculo
517 2082 615 2134 piri.
633 2082 806 2122 Prosunt
826 2093 864 2123 et
889 2085 991 2139 pira
1010 2087 1211 2136 confestim
1229 2096 1398 2140 sumpta.
1428 2083 1570 2122 Galen.
1584 2083 1634 2121 de
1648 2082 1757 2122 alim.

321 2130 458 2174 facult.
486 2133 554 2173 lib.
571 2150 708 2190 2.cap.
739 2138 808 2193 69.
841 2139 1074 2179 alimentum
1103 2155 1148 2178 ex
1179 2142 1307 2194 fungis
1335 2141 1450 2179 docet
1478 2152 1562 2177 esse
1588 2138 1761 2190 pituito-

320 2199 410 2223 sum
457 2196 497 2226 et
539 2190 728 2243 frigidum
762 2196 955 2248 pravique
1005 2195 1134 2245 succi,
1168 2198 1201 2235 si
1229 2198 1317 2249 quis
1351 2195 1499 2246 largius
1527 2207 1574 2232 eo
1602 2199 1754 2235 utatur.

319 2240 450 2293 Large
483 2251 616 2283 autem
640 2262 754 2287 usum
785 2250 1004 2300 Boesilam,
1057 2250 1121 2290 vel
1155 2252 1284 2304 potius
1317 2256 1558 2290 venenatum
1588 2247 1754 2300 aliquod

320 2307 445 2346 genus
474 2298 686 2352 fungorum
714 2305 929 2347 comedisse
944 2305 1152 2358 probabile
1167 2314 1237 2349 est.
1270 2318 1440 2346 rouun-
1478 2298 1666 2356 μήκητας
1693 2303 1753 2343 Μ.

432 2351 642 2408 Pag.177‚
666 2371 726 2411 ¹9·
756 2361 1036 2413 κατασχεθείη
1069 2362 1134 2403 Μ.

430 2405 537 2458 Pag·
557 2412 644 2463 178,
662 2426 693 2454 1.
720 2414 801 2453 τῶν
830 2416 887 2459 Μ.
908 2430 983 2468 pro
1011 2411 1096 2458 τὸν.
1445 2446 1446 2449 ¹

431 2459 536 2513 Pag·
555 2477 641 2518 179,
657 2481 718 2506 20.
745 2470 876 2522 pede
897 2480 1100 2510 ter-ram
1123 2467 1334 2518 feriens,
1363 2467 1663 2522 Indignantium
1689 2481 1760 2520 ge-

323 2515 527 2576 stus..Cic.
545 2518 709 2560 Tuscul.
728 2536 768 2561 2.
796 2524 846 2563 de
876 2524 1070 2565 Cleanthe
1099 2525 1232 2563 Stoico
1251 2554 1264 2576 ,
1293 2526 1361 2578 qui
1388 2523 1649 2563 Heracleoten
1677 2522 1755 2560 Di-

321 2581 506 2630 onysium
532 2586 656 2626 aeque
682 2577 859 2618 Stoicum
903 2595 926 2619 a
953 2580 1162 2634 disciplina
1191 2580 1363 2618 Zenonis
1389 2580 1537 2618 idcirco
1568 2577 1757 2616 defecisse

322 2623 486 2663 audiens
501 2654 512 2675 ,
534 2629 628 2679 quia
657 2631 786 2672 malus
814 2643 914 2674 esset
935 2636 1075 2683 dolor,
1098 2642 1238 2674 contra
1265 2647 1384 2687 quam
1399 2635 1508 2674 Zeno
1528 2632 1752 2680 docuisset3

321 2677 452 2717 malus
480 2689 633 2732 autem,
665 2687 759 2737 quia
788 2688 871 2740 ipse
889 2721 902 2740 ,
939 2692 1010 2744 qui
1049 2690 1242 2744 plurimos
1269 2703 1394 2728 annos
1422 2690 1464 2727 in
1503 2685 1757 2741 philosophia

320 2737 650 2790 consumpsisset,
695 2754 785 2781 eum
817 2744 921 2785 ferre
948 2760 1030 2788 non
1056 2746 1280 2800 potuisset3
1309 2744 1409 2799 pede
1435 2751 1584 2785 terram
1614 2754 1758 2796 percu-
