1794 3158
404 153 476 192 An
516 149 883 195 CANTACUZEM
924 153 1020 192 Lm.
1045 154 1078 192 1.
1339 136 1451 203 413

32 255 141 306 dent,
170 253 419 294 audacissimi
449 249 552 291 'fiunt
577 257 618 291 et
644 252 814 292 Martem
851 261 1026 307 crepant.
1080 253 1248 294 Notavit
1277 255 1352 296 hos
1385 256 1454 297 ille

33 312 186 364 sapiens
231 310 424 361 Aesopus.
491 307 595 346 Nam
642 307 692 346 de
740 308 943 360 superiore
992 308 1080 348 loco
1117 308 1270 350 hoedus
1313 310 1454 364 lupum

60 371 347 404 raetereuntem
393 363 642 414 conspiciens
656 391 668 412 ,
708 375 800 401 eum
829 364 1016 403 conviciis
1047 363 1248 405 liberrime
1288 366 1454 406 insecta-

28 378 161 462 fletur.
189 419 296 458 Tum
317 417 451 471 lupus,
479 416 572 456 Non
598 425 652 465 tu,
680 417 824 470 inquit,
847 418 947 456 milzi
979 420 1228 472 conviciaris,
1250 420 1321 460 sed
1337 421 1456 467 locus.

31 487 202 515 mimis.

138 529 242 582 Pag.
276 527 365 579 141,
405 541 466 581 19.
493 528 543 565 si
576 526 665 566 sub
692 526 865 580 signis
895 526 1020 566 meis
1058 528 1312 570 militare.
1343 530 1457 571 ⁴Ea-

0 595 2 613 ὲ
29 583 121 624 dem
141 584 333 623 sententia
359 582 465 621 Dido
490 581 596 634 apud
622 582 830 620 Maronem
862 594 892 624 1.
911 581 1074 623 Aeneid.
1099 582 1382 627 humanissime
1404 586 1456 626 ad

29 638 248 679 Troianos:
281 637 359 676 Seu
384 651 454 676 vos
478 636 713 703 Hesperiam
733 649 919 689 magnam
942 643 1018 679 etc.
1047 650 1220 680 ΡοΝΤΑΝ.

138 691 244 746 Pag.
280 691 368 743 142,
403 705 464 734 19..
497 704 597 735 τους
618 704 699 730 0111.
729 691 788 729 M.

138 746 240 800 Pag.
277 746 369 798 145,
401 746 440 785 5.
471 744 621 800 α’νδρίᾳ
653 744 731 795 μὲν
765 741 1002 797 νικήσαντες
1028 747 1087 786 Μ.
1148 783 1155 793 ,

0 832 3 843 ,
84 856 110 897 d
140 802 243 855 Pag,
278 802 370 854 145,
395 801 456 841 13.
488 797 648 853 ἡμέρας
685 800 908 854 suspicatur
947 800 1133 856 Spengel.
1164 801 1194 842 l.
1235 802 1248 842 1
1292 818 1333 858 p.
1365 803 1458 856 354.

0 872 4 892 ε
30 856 82 898 vi
113 884 125 896 .
182 890 190 898 .
221 858 272 898 50
304 888 314 903 ‚
345 870 382 898 2.

0 923 3 947 f
31 930 33 932 ·
137 871 364 965 1131191944,
401 925 434 950 1.
461 925 551 962 αμα
587 909 680 952 add.
708 911 766 950 Μ.
803 907 1211 964 ροεῑῆᾰμειψόμενος.

137 967 242 1021 Pag.
278 965 369 1018 144,
399 967 439 1008 5.
471 965 754 1017 ὑποδέχεσθαι
782 967 839 1008 Μ.

137 1023 239 1076 Pag.
261 1021 433 1073 144,12.
463 1023 551 1076 qui
585 1021 829 1060 renidens
867 1020 935 1060 ad
960 1021 1224 1063 convicia.
1263 1023 1458 1074 Curnon,

30 1091 134 1126 cum,
165 1085 211 1116 ut
236 1078 445 1130 sequitur,
479 1090 550 1129 pro
579 1077 727 1115 insanis
766 1089 831 1115 cos
864 1075 1061 1115 haberet?
1114 1078 1248 1118 Etiam
1282 1081 1464 1121 Socrates

29 1132 232 1172 hominem
263 1145 403 1185 parum
446 1145 590 1170 sanum
622 1131 699 1170 sihi
733 1132 1021 1170 conviciantem
1059 1146 1139 1171 non
1169 1135 1292 1187 magis
1321 1137 1361 1174 in
1401 1136 1464 1174 iu-

29 1187 191 1237 dicium,
218 1201 338 1241 quam
363 1188 530 1237 asinum,
562 1187 593 1225 si
622 1185 746 1225 calces
770 1186 846 1225 sibi
872 1183 1059 1237 illisisset,
1095 1190 1319 1228 vocandum
1353 1191 1464 1230 arbi—
1524 1225 1527 1227 .

26 1243 228 1282 trabatur.
305 1243 353 1281 ln
393 1241 692 1282 contemnendis
724 1239 945 1280 maledictis
988 1244 1111 1281 animi
1150 1242 1320 1283 altitudo
1363 1247 1465 1284 mire

30 1295 169 1340 elucet.
222 1297 361 1336 Unum
381 1296 474 1346 hoc,
495 1295 785 1350 (Ι11οᾶ,1311ἀ31·1
811 1298 952 1348 possit,
980 1296 1030 1334 de
1053 1297 1212 1337 Nerone
1239 1299 1344 1352 apud
1365 1301 1466 1339 Sue-

23 1354 183 1391 ·tonium
209 1350 307 1406 legi,
348 1366 435 1404 cap,
464 1352 531 1406 59.
587 1351 765 1401 Mirum,
800 1350 955 1404 inquit,
985 1360 1024 1389 et
1054 1353 1121 1390 vel
1139 1355 1355 1408 praecipue
1382 1369 1468 1394 me-

20 1407 250 1455 morabile,
293 1407 398 1445 nihil
437 1420 522 1445 eum
549 1407 769 1460 patientius
796 1420 918 1461 quam
947 1406 1167 1446 maledicta
1211 1418 1250 1447 et
1275 1410 1467 1449 convicia

30 1463 232 1501 hominum
262 1462 391 1500 tulisse
407 1491 418 1511 ,
460 1475 582 1516 neque
605 1462 648 1500 in
680 1460 780 1499 ullos
818 1461 1005 1499 leniorem
1022 1491 1034 1512 ,
1080 1476 1204 1516 quam
1234 1465 1305 1518 qui
1327 1479 1368 1503 se
1399 1465 1466 1504 di-

0 1536 4 1545 ·
27 1517 99 1557 ctis
132 1526 204 1557 aut
233 1516 474 1555 carminibus
503 1516 772 1564 lacessissent,
809 1517 1014 1556 exstitisse.
1043 1530 1211 1557 PONTAN.

142 1571 242 1624 Pag.
265 1569 353 1621 144,
378 1583 438 1613 12.
493 1567 564 1610 τὸν
586 1564 697 1609 οἶνον
717 1569 793 1608 ov’n
825 1567 938 1621 ἔχειν
970 1567 1171 1622 πηδάλιον
1188 1602 1200 1620 ,
1229 1572 1367 1613 vinum
1389 1587 1470 1613 non

29 1625 174 1666 habere
196 1627 368 1674 clavum,
391 1625 595 1664 dicebatur
610 1625 838 1677 proverbio,
866 1632 911 1664 ut
928 1626 1048 1678 refert
1062 1626 1292 1666 Athenaeus
1317 1629 1389 1669 lib.
1405 1642 1471 1668 10.

31 1681 417 1732 Ebrietas'namque
443 1679 543 1719 nihil
574 1678 766 1724 consulte,
801 1694 874 1719 nec
898 1680 1101 1719 moderate
1133 1681 1197 1720 vel
1232 1683 1379 1733 dicere,
1401 1682 1467 1723 vel

31 1735 160 1775 facere
190 1737 409 1780 consuevit,
443 1749 532 1774 011111
562 1748 631 1786 per
660 1748 747 1772 eam
772 1736 887 1782 ratio,
916 1749 1018 1787 quae
1038 1735 1191 1775 sobrios
1216 1751 1351 1790 regere
1373 1745 1472 1777 tam-

30 1804 153 1843 qnam
186 1790 321 1829 clavus
352 1789 484 1837 debet,
507 1790 716 1830 obruatur.
773 1789 927 1828 Ibidem
959 1789 1033 1828 hoc
1065 1804 1223 1829 carmen
1255 1793 1469 1844 profertur:

28 1840 157 1891 ,Οἶνος
182 1844 254 1884 καί
280 1844 528 1898 φρονέοντας
550 1842 594 1890 ἐς
622 1837 862 1896 ἀφροσύνην
895 1841 1138 1893 ἀναβάλλει.
1195 1845 1313 1886 Plato
1334 1846 1406 1888 lib.
1435 1864 1473 1892 1.

34 1899 85 1939 de
116 1899 288 1953 Legibus
325 1913 407 1938 non
449 1898 578 1938 solum
615 1912 779 1951 senem,
831 1898 900 1938 sed
943 1901 1062 1938 etiam
1101 1899 1367 1941 temulentum
1410 1905 1472 1947 bis

36 1968 207 2009 puerum
238 1954 324 1993 fieri
354 1952 537 1993 affirmat.
566 1967 740 1992 PONTAN.

0 2010 2 2017 ’
145 2009 249 2062 Pag.
274 2007 365 2059 144,
387 2021 449 2062 ¹7·
483 2009 550 2047 ad
578 2017 737 2047 metas
760 2008 1125 2062 speculandas
1152 2009 1470 2063 digreditur.

36 2064 83 2104 111
106 2066 261 2104 Graeco
286 2070 345 2103 est
362 2059 554 2111 σκοπούς,
576 2063 685 2116 quod
712 2062 808 2115 quid
834 2063 915 2103 illic
936 2064 998 2113 sit,
1023 2078 1103 2102 non
1122 2066 1214 2104 satis
1233 2065 1375 2119 liquet,
1397 2072 1472 2110 eti..

34 2121 132 2160 amsi
148 2129 273 2158 metas
283 2117 509 2158 transferas.
541 2117 725 2157 Fortasse
736 2119 909 2172 speculas
928 2118 1128 2171 appellare
1145 2119 1280 2159 debui.
1296 2119 1468 2165 ΡοΝΤᾸΝ.

142 2174 250 2227 Pag.
278 2173 364 2225 144,
387 2185 450 2226 19.
478 2172 702 2212 militum
728 2174 965 2216 servitia.
995 2174 1192 2214 Habuisse
1211 2175 1356 2216 milites
1378 2193 1470 2220 suos

38 2242 184 2281 servos,
208 2230 330 2268 etiam
354 2242 399 2267 ex
435 2227 510 2266 hac
541 2226 706 2266 historia
739 2226 920 2280 pluribus
957 2227 1054 2267 locis
1092 2231 1357 2282 cognoscitur.
1415 2235 1471 2275 Et

38 2291 151 2324 erant
186 2284 307 2335 servi,
340 2290 386 2321 ut
415 2283 506 2335 equi
540 2283 740 2335 saginarii,
774 2282 947 2322 ferendis
974 2284 1110 2332 armis,
1141 2298 1298 2324 annona
1327 2293 1470 2328 01531·-

37 2339 153 2387 cinis,
185 2352 284 2391 quos
309 2337 360 2378 ad
388 2337 671 2376 restituendam
697 2337 945 2389 disciplinam
976 2337 1187 2378 militarem
1213 2352 1471 2384 removerunt

39 2393 92 2433 P.
127 2393 259 2445 Scipio
299 2392 513 2432 Africanus
553 2391 658 2445 apud
687 2391 945 2432 Numantiam
969 2423 981 2444 ,
1020 2393 1207 2433 Metellus
1250 2395 1291 2433 in
1320 2397 1470 2440 Africa.

40 2447 229 2488 Valerius
260 2447 328 2487 lib.
350 2462 390 2501 7.
421 2461 506 2500 cap.
534 2461 571 2499 7.
618 2446 836 2486 Frontinus
866 2447 937 2487 lib.
957 2447 995 2498 4,
1027 2462 1112 2501 cap.
1148 2463 1183 2487 1.
1236 2449 1340 2489 Vide
1359 2452 1470 2494 Ioan.

39 2503 207 2544 Antonii
228 2502 403 2542 Valtrini
423 2501 472 2540 de
500 2500 641 2540 militia
667 2509 848 2542 veterum
875 2502 1148 2542 Romanorum
1172 2502 1242 2542 lib.
1257 2505 1291 2544 3.
1313 2507 1463 2558 cap,8.‚

42 2556 152 2612 quod
174 2563 232 2595 est
244 2557 294 2597 de
314 2556 524 2608 generibus
537 2556 757 2607 hominum,
775 2559 842 2610 qui
865 2564 990 2596 castra
1003 2564 1274 2611 sequerentur.
1295 2573 1468 2606 renuit.

154 2610 255 2663 Pag.
289 2611 376 2663 144,
408 2625 473 2650 20.
507 2608 709 2662 α’χθὲντες
739 2619 778 2652 et
806 2609 947 2658 αὕτοῖς
970 2613 1030 2650 Μ.

151 2664 255 2718 Pag.
291 2665 376 2715 146,
414 2680 474 2706 10.
507 2662 704 2715 Νομάδα.
760 2666 847 2705 Vox
884 2666 1054 2705 Numida
1087 2665 1238 2706 Latinis
1278 2682 1359 2708 non
1403 2686 1468 2712 eos

0 2723 3 2758 ὲ
46 2726 202 2762 tantum
222 2719 415 2774 populos,
440 2721 509 2774 qui
546 2728 695 2763 certam
722 2720 883 2761 Africae
919 2727 1073 2774 partem
1091 2749 1103 2773 ‚
1135 2720 1367 2764 Numidiam
1398 2740 1469 2766 vo—
