1794 3158
336 117 445 174 552
840 135 1254 178 ANNOTAnONfs

333 240 418 279 sine
444 239 601 280 conenit
631 238 791 279 decreto
817 236 880 277 his
908 236 1103 290 dogmatis
1131 236 1430 278 Cantacuzenus
1455 244 1498 278 se
1528 237 1761 289 addixisset,

333 296 498 336 minime
525 296 744 343 novitates,
766 292 834 333 sed
858 292 1126 332 venerandam
1153 299 1389 332 vetustatem
1419 300 1588 334 sectatus
1614 294 1764 335 suisset.

442 351 521 390 Sed
537 351 847 397 Cantacuzenus,
869 355 1002 387 cetera
1027 346 1117 386 felix
1146 354 1185 386 et
1208 361 1389 400 magnus,
1417 348 1493 388 hoc
1528 363 1612 389 nno
1646 351 1765 389 miser¹

333 413 374 445 et
394 407 571 444 minutus
600 405 700 454 suit,
729 403 837 457 quod
863 418 886 442 a
916 403 1175 448 schismaticis
1202 403 1394 456 episcopis
1432 411 1471 444 et
1495 403 1698 444 monacbis
1725 405 1767 444 in

332 475 520 514 praeceps
547 460 609 513 agi
638 473 680 499 se
706 458 913 512 permisit,
960 473 1032 497 nec
1062 458 1168 496 unde
1193 465 1274 496 tam
1315 458 1426 511 ipse,
1465 473 1587 511 quam
1624 459 1769 512 reliqui

331 518 476 555 Graeci
505 515 720 554 exciderint
737 544 747 563 ‚
779 514 961 553 attendit,
1006 512 1195 552 Palamae
1222 514 1328 552 enim
1356 521 1395 553 et
1410 513 1622 554 Philotheo
1646 517 1770 568 potis-

333 571 478 610 simum
506 570 687 610 adhaesit
709 599 722 621 ,
753 584 924 622 quorum
965 576 1180 623 utrumque
1216 568 1394 608 fortassis
1432 569 1521 609 ideo
1561 571 1772 623 praecipue

334 625 460 664 coluit
478 655 490 677 ,
530 625 640 678 quod
671 625 856 664 indefessi
885 625 1121 663 Latinorum
1157 623 1372 663 adversarii
1403 631 1443 663 et
1476 633 1771 679 oppugnatores

335 689 480 720 essent.
537 681 659 735 Apud
702 682 874 719 Graecos
915 682 1020 718 enim
1058 680 1097 718 in
1128 680 1382 719 sanctissimis
1423 687 1651 720 numeratos
1686 693 1772 719 esse

334 735 448 785 ilios,
478 737 547 789 qui
576 738 739 775 Latinos
766 736 1121 775 vehementissimis
1151 742 1189 774 et
1211 734 1327 773 dictis
1355 742 1394 773 et
1421 736 1574 788 scriptis
1601 736 1774 774 incesse-

335 799 451 839 rent,
480 798 648 831 testatur
675 791 906 830 Gennadius
936 789 1159 843 patriarcha
1178 789 1639 843 Constantinopolitanus
1655 818 1668 839 ,
1700 791 1772 843 qui

337 846 545 899 alloquens
575 848 770 885 Graecos:
815 845 862 884 V
856 860 898 885 os
914 875 925 895 ,
949 847 1078 898 inquit
1096 874 1108 895 ‚
1137 845 1298 884 Latinos
1320 853 1506 900 tanquam
1526 860 1552 884 a
1569 845 1664 901 fide
1692 846 1774 884 ali-

336 916 428 941 enos
456 903 714 950 existimatis,
744 910 782 939 et
807 901 857 939 ab
885 901 940 939 eis
967 901 1167 952 rqfitgere,
1198 909 1389 955 tanquam
1423 914 1451 939 a
1471 898 1585 952 facie
1613 915 1773 955 serpen-

336 965 417 996 tum
431 987 443 1007 ‚
471 958 727 1012 simpliciores
757 956 922 995 edocetis
936 985 947 1006 ‚
977 956 1022 994 id
1048 969 1094 994 ue
1124 955 1273 1009 liquido
1294 963 1418 1009 patet.
1449 955 1514 994 Ae
1538 957 1574 995 si
1600 957 1687 1011 quis
1716 970 1772 995 ex

335 1011 495 1051 Latinis
530 1012 687 1050 videtur
710 1021 864 1050 sanctus
877 1040 888 1061 ‚
919 1026 988 1050 vos
1021 971 1121 1049 zano
1161 1011 1340 1049 salutare
1366 1023 1445 1049 non
1469 1012 1589 1050 vultis
1605 1039 1617 1060 ,
1646 1011 1773 1050 imma

335 1082 431 1106 vero
460 1067 668 1105 maledicta
697 1068 886 1119 ingeritis.
946 1067 1123 1104 Graecos
1164 1065 1347 1120 quamvis
1357 1064 1692 1120 flagitiosissimos
1736 1075 1775 1105 et

336 1124 575 1162 stultis-simos
595 1152 606 1172 ‚
635 1123 672 1159 si
697 1123 819 1161 solum
849 1122 1041 1160 adversus
1070 1121 1236 1160 Latinos
1264 1120 1399 1159 dicant
1419 1149 1430 1170 ‚
1468 1123 1642 1160 omnium
1676 1134 1775 1160 san-

338 1178 526 1217 ctissimos
571 1177 826 1215 arbitramini
839 1195 850 1215 .·
887 1178 990 1215 inter
1024 1177 1124 1215 alios
1164 1176 1321 1230 quidem
1353 1176 1494 1214 multos
1523 1176 1733 1231 quemdam
1753 1205 1771 1223 ,

338 1233 407 1287 qni
433 1241 598 1271 vocatur
624 1232 839 1279 Palamas,
874 1241 912 1270 et
941 1232 1092 1286 Ephesi
1118 1231 1300 1270 Marcum
1317 1261 1328 1281 ,
1358 1232 1550 1270 hominem
1578 1245 1658 1270 nee·
1672 1232 1772 1269 satis

338 1286 478 1326 mentis
504 1297 716 1340 compotem
736 1317 747 1338 ‚
775 1288 846 1326 sed
872 1287 1066 1325 tumidam
1091 1287 1310 1340 sapientiae
1337 1295 1603 1325 ostentatorem
1617 1316 1628 1334 ‚
1660 1286 1775 1325 nulla

337 1343 483 1380 virtute
525 1343 591 1380 vel
616 1343 823 1381 sanctitate
849 1342 1034 1380 subnixos
1049 1359 1063 1380 .·
1109 1342 1204 1397 qnia
1232 1342 1441 1395 loquuntur
1460 1343 1585 1381 solum
1613 1350 1651 1380 et
1675 1342 1773 1379 seri-

338 1396 432 1435 lmnt
458 1406 594 1435 contra
620 1397 802 1445 Latinos,
824 1397 1013 1435 extollitis
1040 1405 1079 1435 et
1104 1397 1333 1444 celebratis,
1350 1410 1555 1452 eorumque
1587 1397 1777 1448 imagines

337 1453 550 1491 exornatis
565 1481 578 1504 ,
603 1452 832 1508 festamque
872 1460 1025 1503 agentes
1070 1451 1176 1489 diem
1205 1450 1331 1489 colitis
1350 1480 1362 1500 ‚
1389 1465 1438 1489 ae
1476 1452 1598 1490 veluti
1620 1461 1779 1491 sanctos

337 1507 535 1546 adoratis.
590 1507 752 1546 Latinos
778 1520 875 1545 vero
898 1508 1077 1560 quamvis
1110 1505 1347 1559 iampridem
1376 1506 1538 1546 eeclesia
1566 1521 1647 1561 pro
1679 1521 1774 1546 san-

336 1563 406 1600 (τίς
433 1561 612 1601 colendos
644 1561 810 1601 duxerit
824 1591 833 1609 ‚
868 1576 938 1600 vos
973 1563 1208 1600 incessanter
1233 1561 1531 1614 blasphematis,
1565 1562 1626 1600 ita
1654 1570 1693 1600 et
1724 1561 1779 1600 de

336 1631 483 1658 summo
505 1617 690 1672 pontffice
705 1617 857 1669 facitis
875 1634 887 1654 .-
936 1630 1029 1656 nam
1058 1617 1173 1656 illum
1199 1617 1359 1654 omnino
1390 1616 1655 1655 Chm'stianum
1694 1631 1777 1655 esse

337 1686 416 1711 non
448 1673 690 1711 existimatis
707 1700 719 1722 ,
746 1673 841 1727 qaia
862 1671 1046 1710 Latinus.
1102 1671 1212 1711 Haec
1234 1670 1467 1710 Gennadius
1490 1679 1529 1711 et
1547 1671 1775 1724 patriarcha

337 1726 799 1780 Constantinopolitanus
818 1756 828 1776 ‚
863 1741 965 1779 quae
992 1725 1122 1765 lucem
1152 1725 1368 1765 accendent
1394 1726 1471 1765 illis
1489 1755 1501 1776 ‚
1541 1741 1645 1779 quae
1682 1741 1773 1779 pas-

338 1783 414 1820 sim
439 1782 489 1821 de
522 1783 715 1835 Gregorio
749 1781 914 1820 Palama
951 1783 993 1820 in
1029 1781 1105 1820 hac
1143 1780 1308 1820 historia
1335 1781 1542 1832 feruntur,
1573 1783 1637 1820 cui
1667 1782 1775 1820 Can-

336 1843 550 1877 tacuzenus
595 1837 884 1876 addictissimus
939 1843 1053 1886 erat,
1098 1844 1290 1888 tanquam
1320 1836 1476 1889 insigni
1514 1837 1777 1878 sanctimonia

337 1893 518 1946 praedito
533 1923 545 1943 ‚
567 1907 659 1931 eum
678 1892 768 1931 talis
784 1899 885 1931 esset
901 1922 912 1942 ‚
933 1890 1062 1944 qualis
1090 1893 1142 1931 ab
1170 1892 1378 1930 Gennadio
1398 1906 1492 1931 vere
1519 1891 1773 1932 describitur.

449 1947 532 1995 At,
576 1947 686 2001 quod
715 1948 1012 1986 Cantacuzenus
1040 1947 1115 1999 ait,
1145 1947 1178 1986 si
1217 1946 1312 1986 Asia
1342 1954 1380 1986 et
1413 1947 1575 2000 Europa
1593 1976 1606 1999 ,
1633 1961 1774 2000 quem-

339 2002 557 2042 admodum
586 2003 683 2041 olim
701 2033 712 2051 ‚
758 2004 799 2041 in
827 2004 1101 2042 Romanorum
1128 2003 1294 2055 imperio
1326 2009 1581 2042 censerentur
1601 2032 1613 2054 ‚
1653 2016 1671 2041 s
1701 2016 1774 2041 no-

338 2058 437 2097 dum
476 2058 694 2112 cogendam
736 2071 820 2097 esse
862 2057 970 2112 apud
1011 2058 1208 2107 Graecos,
1252 2057 1292 2096 id
1324 2072 1435 2096 secus
1477 2057 1612 2096 habet.
1669 2016 1775 2096 §am

338 2115 484 2152 summi
512 2113 713 2166 pontificIs
742 2126 886 2152 munus
914 2120 992 2161 est,
1038 2120 1084 2151 ut
1111 2112 1309 2165 synodum
1337 2112 1510 2151 indicere
1555 2119 1596 2150 et
1623 2126 1775 2151 convo—

338 2181 455 2218 care,
483 2170 540 2207 ita
567 2175 607 2207 et
634 2168 768 2207 locum
794 2170 1066 2221 praestituere.
1096 2167 1161 2206 De
1185 2181 1266 2220 quo
1294 2168 1384 2207 vide
1406 2166 1657 2206 Cardinalem
1683 2166 1776 2206 Bet-

337 2220 554 2261 larminum
581 2222 652 2264 lib.
680 2237 712 2261 t.
740 2223 791 2261 de
818 2222 1005 2262 Conciliis
1037 2237 1125 2275 cap.
1147 2236 1207 2264 12.
1239 2229 1277 2261 et
1310 2224 1370 2261 13.
1425 2223 1610 2275 Denique
1637 2228 1683 2260 ut
1713 2221 1774 2261 lo-

339 2291 432 2316 cum
471 2277 580 2316 hunc
622 2276 888 2329 concludam,
932 2279 1208 2318 Cantacuzeno
1248 2279 1523 2331 tergiversanti
1565 2291 1776 2330 morasque

338 2333 512 2371 nectenti
540 2332 620 2371 dici
648 2339 686 2370 et
713 2340 868 2384 poterat
901 2340 940 2372 et
966 2332 1162 2381 debebat,
1193 2333 1301 2385 quod
1333 2340 1470 2386 postea
1500 2339 1597 2371 teste
1614 2333 1776 2371 Genna-

339 2387 407 2427 dio
428 2387 580 2441 legatus
597 2388 793 2440 pontificis
821 2388 918 2426 dixit
931 2389 1095 2427 Graecis
1117 2395 1207 2441 post
1224 2388 1353 2427 varias
1375 2387 1659 2440 disputationes
1678 2401 1771 2427 cum

338 2442 538 2482 monacho
567 2441 740 2495 quodam
764 2442 970 2481 Barlaamo
1004 2443 1191 2482 habitas:
1237 2443 1345 2482 Milli
1366 2443 1460 2482 libet
1499 2442 1626 2484 dicem
1656 2442 1775 2481 breve

339 2507 378 2536 et
404 2512 546 2544 verum
573 2498 731 2537 verbam
757 2526 768 2547 ‚
797 2498 905 2551 qaod
930 2506 969 2535 et
1006 2499 1105 2536 aliis
1138 2499 1303 2537 Graecis
1330 2499 1433 2537 mila*
1466 2498 1677 2535 iniunctum
1716 2506 1774 2536 est

338 2553 491 2591 dicere.-
533 2555 630 2591 haee
655 2553 753 2591 dicit
773 2566 907 2606 papa.-
950 2553 987 2589 si
1006 2553 1213 2591 volueritis
1244 2562 1282 2590 et
1326 2552 1528 2591 audieritis
1562 2566 1641 2598 me,
1667 2551 1772 2591 {zona

338 2616 464 2646 terrae
488 2608 698 2647 comedetis
735 2607 940 2646 secandam
970 2609 1206 2661 proplietam
1220 2626 1231 2644 :
1262 2609 1299 2645 si
1322 2621 1418 2646 vero
1445 2606 1661 2653 nolueritis,
1701 2621 1769 2645 ne-

339 2677 411 2719 qwe
433 2662 641 2701 audieritis
665 2677 749 2710 me,
787 2662 948 2713 gladius
976 2676 1045 2700 vos
1070 2662 1297 2700 devorabit.
1352 2661 1462 2700 Num
1489 2661 1690 2715 pontificis
1726 2676 1772 2701 os

339 2722 504 2758 locutam
527 2726 582 2756 est
599 2719 694 2758 liaeo
709 2722 730 2757 Ρ
756 2719 811 2758 ait
839 2716 1082 2758 Gennadius.
1141 2716 1246 2757 Nam
1268 2716 1382 2757 habes
1396 2746 1411 2769 2
1434 2716 1520 2756 lucie
1546 2717 1653 2774 qaod
1672 2730 1766 2758 con-
