1794 3158
315 121 428 191 554
814 143 1243 187 ANNo‘rA'noNES·

311 257 350 288 et
374 249 542 303 peccatis
559 247 800 298 ·obnoxiae‚·
818 248 1012 303 quomodo
1040 264 1118 289 non
1140 249 1396 301 cffiguntur,
1418 258 1459 290 ut
1476 253 1618 291 >nostra
1639 251 1747 304 infi-

310 304 505 344 licissima
530 314 567 343 et
586 305 814 344 miseranda
838 305 980 343 natio?
1014 304 1107 344 Vae
1139 306 1240 344 milti
1258 308 1416 355 misero,
1443 308 1550 350 alius
1572 321 1627 348 eoe
1660 309 1749 348 alio

311 360 473 398 subinde
470 359 553 415 fio,
592 373 678 397 cum
714 360 772 399 ad
786 361 886 399 haec
906 361 1084 399 animum
1106 369 1307 410 converto,
1337 369 1375 399 et
1402 375 1470 400 cor
1491 377 1618 402 meum
1651 376 1746 402 con-

311 415 502 462 turbatur,
531 424 569 453 et
593 415 750 469 spiritus
785 429 891 455 meus
920 423 1089 454 aestuat.
1141 415 1198 454 Et
1234 422 1323 468 post
1349 416 1543 457 nonnulla
1557 432 1579 457 :-
1603 417 1748 458 Nonne

313 471 507 525 reliquum
528 478 585 508 est
601 470 770 524 plorare
799 478 838 510 et
873 470 1088 509 lamentari
1117 483 1167 509 ae
1197 469 1413 525 disquirere
1442 485 1596 512 causam
1617 483 1655 512 et
1685 476 1746 512 vi·
1793 478 1794 484 ’

313 525 407 565 dere
442 533 610 579 propter
626 539 733 581 quae
756 527 945 581 patimur
960 526 1056 565 haec
1071 530 1091 564 ?
1143 525 1237 577 Ego
1266 539 1361 564 vero
1396 526 1523 567 aliam
1548 542 1627 567 non
1651 542 1749 584 pos·
1793 524 1794 527 ¹

311 593 398 619 sum
416 580 595 618 invenire
621 581 700 620 nisi
725 583 912 631 schisma,
936 589 975 620 et
1002 580 1111 636 quod
1125 596 1166 620 se
1190 580 1430 621 subtraxerit
1458 582 1510 621 ab
1523 583 1749 622 obedientia

311 643 351 674 et
371 635 605 674 subiectione
632 636 836 676 Romanae
864 636 1057 676 ecclesiae
1072 651 1084 671 -·
1124 650 1217 676 eam
1243 644 1282 675 et
1307 637 1438 675 solam
1470 637 1636 678 decerno
1667 652 1749 678 esse

311 703 478 729 causam
505 691 680 730 interitus
706 701 860 732 nostrae
877 693 1003 745 gentis·
1024 722 1035 739 ,
1076 693 1177 746 quia
1203 700 1419 746 postquam
1450 692 1505 731 ab
1533 706 1586 733 ea
1623 693 1750 732 divisi

309 759 454 793 sumus,
483 746 794 787 maledictionem
819 747 1059 802 accepimzae,
1085 755 1123 786 et
1141 749 1334 801 patimur,
1356 759 1456 801 quae
1474 761 1543 787 nos
1552 748 1749 803 patimur,

309 813 381 839 nec
405 801 492 839 ideo
516 804 692 856 poenitet
716 816 786 841 nos
801 832 813 853 ‚
854 802 926 841 sect
961 802 1172 841 deteriores
1203 802 1407 842 evadimus
1421 832 1434 852 ‚
1470 812 1508 843 et
1533 803 1750 842 maledicus

310 856 532 910 impetimus
555 857 685 911 ipsam
715 858 944 909 ecclesiam,
969 857 1139 897 dicenda
1164 866 1202 896 et
1233 856 1402 897 tacenda
1435 858 1627 899 adversus
1654 872 1749 898 eam

309 909 561 965 impudenter·
584 914 815 952 evomimus.
1134 940 1151 958 ,l

420 966 536 1006 Hanc
564 981 725 1007 causam
752 966 995 1007 infelicitatis
1018 966 1125 1006 illius
1153 973 1194 1007 et
1221 968 1457 1009 calamitatis
1483 967 1516 1008 si
1547 966 1747 1007 Cantaeu-

310 1034 431 1060 zeuus
459 1022 694 1062 reddidisset
712 1054 725 1074 ,
774 1024 940 1077 propius
983 1021 1036 1061 ad
1062 1036 1206 1062 verum
1241 1024 1479 1064 accessisset.
1535 1021 1639 1062 Nam
1667 1036 1749 1076 quq

309 1078 434 1129 magis
465 1078 679 1117 orientales
718 1093 742 1118 a
772 1078 864 1118 sede
892 1077 1109 1131 apostolica
1136 1092 1208 1132 per
1245 1080 1376 1119 varios
1413 1091 1567 1118 errores
1610 1078 1747 1117 multi-

309 1130 512 1186 plicesque
545 1132 725 1174 haereses
764 1135 979 1185 abierunt,
1026 1147 1075 1173 eo
1105 1137 1231 1188 magis
1264 1133 1536 1175 Mahometani
1564 1132 1748 1172 invalue-

310 1194 422 1236 runt,
456 1195 495 1228 et
523 1202 604 1227 non
635 1196 793 1229 tantum
822 1189 977 1242 plebem
997 1218 1010 1241 ‚
1050 1188 1118 1229 sed
1147 1197 1187 1228 et
1215 1190 1367 1230 clerum
1400 1189 1574 1242 clerique
1603 1190 1751 1241 princi-

309 1257 382 1296 pes
408 1244 652 1297 patriarchas
680 1252 719 1284 et
747 1246 950 1299 episcopos
980 1244 1056 1284 sibi
1095 1244 1351 1285 subiecerunt
1368 1276 1381 1295 ‚
1415 1252 1461 1284 ut
1486 1245 1581 1297 ipsis
1609 1245 1752 1283 incon-

311 1297 427 1338 sultis
455 1298 556 1338 nihil
585 1301 742 1352 penitus
771 1315 887 1354 agere
913 1307 1083 1353 possent.
1132 1300 1245 1340 Idem
1273 1301 1436 1341 Graecis
1465 1300 1612 1349 evenit,
1639 1299 1750 1352 quod

311 1352 510 1394 flebilibus
537 1354 656 1407 plane
683 1356 812 1395 modis
842 1355 1024 1408 deplorat
1051 1356 1298 1396 Gennadius.
1357 1355 1519 1406 Quanta
1545 1356 1652 1392 enim
1679 1362 1746 1408 ty-

309 1410 479 1449 rannide
506 1416 545 1449 et
570 1412 762 1450 servitute
788 1418 1020 1464 premantur
1047 1424 1155 1450 nunc
1183 1426 1207 1451 a
1235 1412 1379 1451 Turcis
1398 1410 1569 1463 episcopi
1591 1410 1752 1460 Graeci,

310 1472 350 1504 et
370 1467 599 1519 praesertim
629 1465 853 1519 patriarcha
880 1465 1361 1520 Constantinopolitanus‚
1395 1467 1602 1519 perspicue
1631 1465 1750 1504 docet

310 1521 477 1561 historia
504 1521 782 1561 mixobarbara
810 1521 859 1560 de
891 1521 1151 1574 patriarchis,
1194 1524 1264 1575 qui
1294 1521 1487 1561 thronum
1517 1521 1750 1560 Constanti-

308 1576 588 1630 nopolitanum
617 1584 707 1630 post
739 1584 895 1629 captam
934 1591 958 1615 a
986 1577 1130 1616 Turcis
1171 1578 1314 1617 urbem
1351 1582 1580 1617 tenuerunt.
1635 1576 1750 1614 Deii-

305 1634 467 1671 ciuntur
507 1634 613 1671 enim
652 1632 703 1671 de
738 1633 830 1672 sede
864 1639 903 1670 et
930 1634 1196 1671 restituuntur
1234 1640 1274 1672 et
1311 1633 1351 1671 in
1383 1632 1544 1671 exilium
1575 1638 1751 1685 aguntur

306 1688 502 1726 arbitratu
531 1688 714 1741 tyranni3
745 1701 826 1726 non
855 1701 967 1727 secus
990 1702 1035 1726 ac
1062 1687 1241 1727 vilissimi
1261 1689 1402 1742 capitis
1420 1688 1629 1739 mancipia.
1663 1687 1745 1739 Ipsi

307 1743 445 1783 itidem
473 1744 579 1782 inter
620 1757 660 1782 se
680 1772 692 1794 ‚
734 1751 938 1796 tamquam
979 1743 1216 1783 schismatici
1257 1751 1298 1783 et
1337 1743 1430 1782 hinc
1473 1743 1647 1782 caritatis
1682 1755 1753 1781 ex·-

308 1805 456 1853 pertes,
485 1800 687 1852 perpetuis
716 1800 809 1838 rixis
837 1799 1066 1851 agitantur,
1098 1800 1211 1852 quasi
1241 1813 1324 1839 non
1361 1805 1420 1838 sat
1449 1799 1534 1852 iugi
1580 1804 1620 1836 et
1658 1811 1755 1836 one-

313 1857 369 1894 ris
407 1854 538 1907 ipsum
575 1856 712 1907 iugum
755 1861 794 1894 et
843 1867 943 1893 onus
985 1855 1318 1894 Mahumetanum
1359 1861 1479 1895 creet.
1525 1852 1608 1892 Nee
1639 1852 1749 1891 frau-

315 1909 435 1948 dibus
462 1910 667 1949 dumtaxat
692 1924 734 1949 se
761 1917 903 1949 mutuo
933 1909 982 1948 de
1011 1909 1202 1963 dignitate
1229 1909 1471 1960 deturbant,
1502 1908 1570 1948 sed
1599 1914 1638 1946 et
1666 1921 1752 1946 mn-

315 1965 493 2008 neribus.
550 1967 686 2016 Quare
714 1966 781 2018 qui
809 1965 899 2019 plus
933 1964 1048 2004 affert
1078 1964 1406 2020 Cha1·atzii‚(sic
1436 1965 1542 2004 enim
1571 1977 1752 2002 annuum

316 2020 487 2075 vectigal
514 2034 537 2060 a
564 2021 791 2074 patriarcha
827 2020 1081 2074 pendendum
1109 2022 1344 2061 nominant:
1376 2020 1485 2074 quod
1515 2020 1689 2072 nequitia
1715 2015 1771 2057 et'

316 2076 535 2116 ambitione
555 2079 799 2117 Graecorum
821 2077 871 2116 ad
901 2084 1061 2116 centum
1088 2083 1127 2115 et
1155 2085 1326 2130 quatuor
1353 2075 1478 2115 millia
1506 2073 1753 2113 florenorum

317 2134 539 2186 pervenit‚)
565 2134 660 2189 item
680 2131 771 2186 plus
785 2133 973 2183 Pescesfi,
999 2132 1100 2183 (hoc
1124 2134 1231 2171 enim
1259 2146 1403 2171 nomen
1434 2130 1556 2170 habet
1582 2129 1755 2182 vectigal

316 2188 627 2241 persolvendum
656 2202 680 2227 a
711 2190 854 2241 quovis
882 2187 1251 2240 patriarchasinitio
1280 2189 1339 2227 sui
1357 2185 1623 2240 pontificatus,
1645 2184 1755 2237 quod

318 2243 458 2283 eadem
486 2244 733 2282 Graecorum
759 2243 1013 2298 improbitate
1041 2243 1090 2282 ad
1118 2231 1203 2282 fria·
1217 2242 1341 2282 millia
1359 2254 1570 2281 aureorum
1591 2239 1758 2279 adscen-

314 2298 405 2349 dit,)
429 2299 462 2337 is
489 2297 715 2351 patriarcha
747 2298 804 2337 fit.
860 2298 1035 2338 Evolvat
1063 2298 1187 2338 lector
1212 2297 1333 2352 paulo
1362 2305 1476 2337 antea
1505 2297 1751 2335 nominatam

314 2353 522 2393 historiam
550 2354 863 2405 Turcograeciae
902 2356 1092 2393 insertam
1116 2385 1126 2401 ‚
1167 2368 1240 2393 nec
1270 2353 1377 2393 aliud
1407 2352 1600 2400 inveniet,
1643 2350 1754 2404 quod

315 2410 434 2459 dicat,
463 2423 585 2461 quam
614 2407 743 2447 illud:
782 2409 945 2448 Iudicia
980 2410 1063 2448 Dei
1095 2410 1259 2460 abyssus
1290 2409 1440 2459 multa,
1483 2406 1680 2459 simulque
1708 2407 1752 2444 in

315 2465 634 2504 Cantacuzenum
681 2463 858 2516 aliosque
899 2465 1070 2504 Graecos
1117 2467 1374 2517 imperatores
1420 2476 1580 2502 eausam
1618 2468 1759 2499 tantae

314 2522 496 2560 miseriae
523 2519 697 2559 conferet
721 2548 733 2570 ‚
777 2521 847 2572 qui
886 2520 1142 2570 pertinaciter
1172 2523 1212 2559 in
1241 2520 1452 2558 schismate
1484 2515 1744 2570 persistendo,

315 2590 362 2615 ea
390 2589 492 2627 quae
523 2574 828 2628 imperatoribus
857 2575 1021 2613 minime
1040 2577 1296 2623 conveniunt,
1324 2581 1369 2612 ut
1397 2580 1455 2612 est
1475 2573 1752 2624 episcoporum

315 2630 563 2670 confirmatio
588 2661 597 2676 ,
636 2630 711 2669 sibi
738 2637 999 2682 usurparunt.
1049 2631 1149 2679 Quis
1189 2645 1212 2668 a
1252 2629 1415 2668 condita
1447 2626 1757 2666 christianitate

315 2700 492 2738 unquam
523 2686 678 2725 audivit
718 2684 985 2738 patriarcham
1013 2684 1421 2738 Hierosolymitanum
1452 2683 1503 2721 ab
1532 2684 1751 2735 imperato-

315 2741 426 2782 ribus
457 2740 902 2796 Constantinopolitanis
932 2747 1000 2781 aut
1026 2741 1305 2781 confirmatum
1350 2753 1460 2788 esse>
1506 2746 1574 2777 aut
1606 2736 1751 2776 confir-
