1794 3158
320 111 436 178 464
844 127 1255 171 ANNOTATloNEs

320 238 456 272 antem
487 246 533 272 ex
562 230 852 283 pnsveffc'xtovg
884 230 1033 269 factum
1065 228 1279 284 depravate
1305 233 1525 288 μπενέτος,
1564 248 1647 276 non
1676 235 1753 279 du-

323 289 420 328 bito.
451 301 621 327 PONTAN.

433 343 645 395 Pag.57o,
671 353 734 379 11.
784 340 962 382 Chium
998 341 1273 384 invadens.
1330 343 1444 393 Quae
1480 343 1666 399 deinceps
1701 345 1753 385 de

319 397 449 437 insula
479 397 584 436 Chio
609 410 631 434 a
660 396 937 437 Genuensibus
982 413 1054 452 per
1096 398 1178 437 vim
1216 405 1407 450 occupata
1432 405 1473 437 et
1499 401 1540 439 vi
1568 407 1721 440 retenta
1738 427 1754 451 ‚

317 453 371 491 ab
399 452 476 492 hoc
514 457 649 489 nostro
686 460 991 503 memorantur,
1036 452 1288 493 vehementer
1330 453 1559 493 discordant
1607 455 1658 493 ab
1688 456 1752 502 iis,

319 522 423 561 quae
451 507 595 544 Petrus
631 505 792 543 Bizarus
825 510 1038 547 memoriae
1065 506 1240 560 prodidit
1281 505 1351 545 lib.
1371 508 1412 557 4.
1455 508 1646 548 historiae
1673 511 1756 549 Ge-

317 564 480 600 nuensis
511 567 549 599 et
576 566 666 614 post
691 574 782 598 eum
812 561 989 602 Ubertus
1018 563 1174 602 Folieta
1212 560 1280 601 lib.
1310 574 1350 615 7.
1371 588 1383 610 ‚
1415 561 1511 601 dum
1539 564 1754 618 Smyrnam

315 625 359 655 et
388 617 533 654 Chium
561 629 583 653 a
614 614 808 653 Michaele
829 617 861 654 Ι.
894 617 1134 671 Palaeologo
1161 616 1436 655 Genuensibus
1471 618 1637 658 donatas
1673 631 1757 658 esse

316 671 537 710 affirmant.
593 670 745 707 Locum
771 670 822 708 ad
851 673 1019 712 verbum
1048 671 1332 711 adscribemus.
1393 672 1510 711 Circa
1536 674 1635 712 haec
1660 682 1757 713 tem·-

314 740 420 781 pora
437 723 593 778 (1261.)
628 724 803 763 Michael
832 727 1093 780 Palaeologus
1113 727 1286 765 Orientis
1311 727 1520 780 imperium
1547 729 1755 772 obtinebat.

321 783 404 836 Qui
436 781 483 819 ob
508 781 693 834 privatas
718 781 932 820 simultates
968 792 1007 821 et
1036 781 1281 827 inimicitias,
1315 794 1414 836 quae
1460 783 1523 820 illi
1547 796 1637 821 eum
1671 783 1755 822 Ve-

315 838 417 875 netis
441 834 736 883 intercedebant,
776 836 1013 888 singularem
1035 836 1343 875 benevolentiam
1374 845 1413 874 et
1434 838 1562 876 animi
1581 851 1758 893 propen-

314 893 468 930 sionem
498 891 540 928 in
569 890 732 941 Ligures
766 892 983 943 manifestis
1016 892 1256 944 argumentis
1280 903 1382 945 prae
1408 905 1448 929 se
1468 893 1647 944 serebat.
1702 893 1763 932 Et

314 959 404 985 vum
435 946 597 984 multum
637 944 873 998 reipublicae
915 947 1111 985 interesset
1125 973 1137 993 ‚
1178 954 1259 983 tam
1292 947 1464 999 potentis
1488 948 1686 1002 principis
1717 949 1761 987 in

323 1002 502 1051 Oriente,
537 999 596 1037 ad
619 999 891 1051 navigationes
921 1002 1075 1040 Atticas
1093 999 1374 1054 cotficiendum
1389 1029 1401 1047 ,
1434 1003 1613 1041 amicitia
1647 1011 1761 1058 atque

301 1059 458 1109 favore
490 1054 693 1101 adiuvari,
721 1054 789 1092 sub
814 1057 966 1094 initium
986 1056 1176 1110 proximi
1194 1056 1293 1093 anni
1315 1054 1494 1094 Iordane
1525 1057 1762 1110 Raalvengo

314 1113 407 1150 eive
431 1109 588 1149 Astensi
616 1117 799 1162 praetore
814 1139 824 1158 ‚
852 1119 1005 1149 senatus
1029 1110 1188 1149 nomine
1226 1110 1445 1148 Guilelmus
1476 1108 1524 1150 V
1519 1112 1702 1151 icecomes
1723 1120 1763 1152 et

323 1168 552 1206 Guarnerus
572 1164 707 1212 iudex,
738 1165 1041 1218 prudentissimi
1066 1174 1182 1219 atque
1201 1165 1443 1217 integerrimi
1466 1165 1564 1215 viri,
1595 1170 1763 1221 optime·-

319 1237 393 1276 que
416 1221 466 1259 de
488 1219 626 1274 patria
655 1232 810 1272 semper
843 1221 996 1270 meriti,
1032 1220 1090 1258 ad
1114 1233 1202 1257 eum
1227 1220 1346 1271 legati
1375 1220 1486 1258 missi
1514 1229 1622 1270 sunt,
1665 1236 1763 1276 quo-

315 1289 408 1316 rum
430 1288 552 1329 opera
576 1282 691 1327 atque
716 1274 913 1313 industria
934 1275 1153 1328 respublica
1179 1283 1354 1313 assecuta
1377 1283 1444 1322 est,
1486 1284 1528 1314 ut
1555 1277 1651 1315 inito
1673 1290 1763 1316 cum

317 1333 405 1386 ipso
417 1330 589 1382 foedere
607 1337 722 1382 atque
748 1330 927 1368 amicitia
940 1359 950 1376 ‚
993 1344 1052 1367 res
1094 1330 1299 1367 orientales
1335 1329 1446 1382 longe
1481 1331 1636 1369 meliori
1660 1332 1759 1378 loco,

317 1400 438 1441 quam
471 1393 590 1422 antea
613 1391 747 1421 essent.
802 1384 895 1438 Ipse
915 1385 1053 1435 etiam,
1084 1392 1126 1421 ut
1148 1384 1282 1437 aliquo
1307 1385 1456 1422 recenti
1478 1384 1662 1441 beneficio
1687 1387 1766 1425 sibi

317 1439 604 1494 rempublicam
635 1439 776 1476 arctius
807 1440 1026 1478 devinciret
1040 1468 1052 1490 ‚
1097 1451 1243 1490 magna
1275 1438 1511 1477 liberalitate
1545 1455 1632 1479 usus
1650 1470 1661 1487 ‚
1697 1441 1766 1480 ille:

318 1496 537 1547 Smyrnam
573 1493 703 1531 urbem
750 1500 865 1549 atque
905 1494 1024 1533 etiam
1049 1521 1061 1543 ,
1106 1501 1148 1531 ut
1193 1493 1389 1532 nonnullis
1415 1494 1578 1548 placet,
1618 1495 1760 1534 Chium

318 1551 431 1590 Ionii
462 1549 584 1587 maris
612 1548 787 1586 insulam
814 1549 916 1588 dono
945 1547 1057 1586 dedit
1086 1554 1158 1587 etc.
1217 1547 1259 1586 Si
1279 1548 1428 1587 donata
1457 1548 1610 1600 fuisset,
1635 1549 1761 1593 credo:

319 1604 521 1659 equidem,
551 1602 807 1643 Andronicus
838 1605 920 1642 eius
950 1602 1055 1641 filius
1075 1631 1087 1652 ‚
1116 1601 1324 1640 Michaelis
1354 1605 1534 1657 inquam,
1571 1618 1652 1643 non
1687 1619 1761 1658 po-

320 1660 520 1707 stulasset,
551 1672 652 1711 quae
676 1657 743 1697 hic
762 1657 982 1711 postulasse
1001 1656 1158 1709 legitur,
1192 1670 1265 1696 nec
1294 1658 1378 1709 ipse
1405 1672 1527 1710 nepos
1557 1661 1631 1698 ista
1661 1673 1760 1699 con-

318 1723 383 1754 tra
410 1716 470 1753 ius
497 1714 635 1766 fasque
663 1712 830 1753 fecisset.
887 1713 1010 1762 Libro
1038 1713 1154 1751 tertio
1185 1726 1270 1765 cap.
1285 1713 1354 1767 95.
1382 1714 1528 1754 iterum
1558 1716 1717 1769 capitur
1736 1728 1762 1756 a

320 1768 612 1810 Genuensibus.
642 1782 813 1809 PONTAN.
1750 1787 1754 1790 ·
1791 1773 1794 1776 ’

427 1826 530 1877 Pag.
548 1824 642 1878 371,
660 1822 701 1874 4.
733 1822 933 1875 Ζαχαρία
958 1822 1018 1862 Μ.

430 1879 648 1932 Pag.372‚
666 1877 708 1930 4.
738 1875 879 1931 πρῶτά
907 1890 950 1918 τε
982 1878 1042 1917 Μ.
1085 1890 1256 1931 quoque.

430 1936 535 1987 Pag.
554 1934 706 1987 575‚2.
736 1933 850 1988 αὐτῷ
877 1947 958 1972 om.
990 1933 1047 1974 M.

431 1989 642 2042 Pag.575,
667 1987 730 2028 18.
761 1988 915 2028 δέοιντο
945 1988 1006 2027 Μ.
1036 2001 1116 2041 mg.
1572 2021 1574 2023 .

431 2044 533 2096 Pag.
552 2044 647 2098 373,
669 2056 736 2082 21.
766 2043 839 2084 τοῦ
864 2043 956 2082 add.
989 2050 1080 2082 ante
1106 2040 1311 2093 βασιλέως
1338 2041 1397 2083 Μ.
1425 2054 1512 2095 mg.

433 2098 732 2152 Pag.573‚23.
763 2097 1009 2148 αἰτιωμένου
1042 2097 1101 2137 Μ.
1131 2109 1305 2150 quoque.

433 2152 535 2205 Pag.
552 2151 702 2207 574,3.
731 2152 808 2194 τοῦ
836 2153 927 2193 add.
956 2159 1049 2192 ante
1077 2149 1315 2203 οἰκοδομεῖν
1343 2151 1406 2192 Μ.

431 2207 533 2260 Pag.
552 2207 646 2261 374,
661 2206 701 2247 8.
736 2207 893 2248 θέσθαι
925 2209 984 2247 Μ.
1011 2222 1093 2261 mg.

407 2307 410 2309 ,
432 2261 536 2315 Pag.
554 2262 646 2316 374,
668 2261 726 2304 15.
752 2263 1106 2316 συναιρουμένους
1135 2261 1195 2300 Μ.

433 2316 706 2370 Pag.575‚8.
735 2311 810 2357 οὖν
837 2314 860 2356 ὅ
887 2317 1033 2364 στόλος
1073 2318 1134 2356 Μ.
1159 2330 1240 2370 mg.

433 2372 535 2425 Pagr,
554 2372 648 2424 375,
665 2385 729 2411 20.
756 2368 960 2424 χρήσιμοι
987 2374 1047 2412 Μ.
1075 2386 1156 2425 mg.

435 2426 726 2481 Pag.575,22.
758 2428 1029 2478 Byzantio
1073 2427 1205 2468 vela
1248 2426 1298 2464 in
1351 2425 1517 2464 altum
1557 2425 1763 2466 dantes.

324 2483 388 2524 De
416 2480 494 2521 hoc
524 2480 631 2521 bello
661 2488 743 2521 tam
771 2482 1020 2522 memorabili
1055 2492 1095 2525 et
1122 2481 1248 2521 causis
1275 2480 1359 2519 eius
1386 2494 1513 2533 pauca
1540 2482 1783 2535 perstringit?

325 2536 523 2591 Gregoras
547 2535 619 2579 lib.
645 2550 688 2590 9.
745 2535 850 2576 Nam
894 2552 995 2590 quae
1027 2539 1082 2579 ad
1127 2535 1294 2590 gloriam
1341 2536 1509 2575 iuniorIs
1545 2536 1769 2576 Andronici

326 2592 479 2633 faciunt
496 2621 509 2642 ‚
553 2591 724 2631 libenter
763 2590 830 2631 vel
872 2599 1057 2633 extenuat
1104 2590 1169 2632 vel
1213 2591 1374 2630 omittit.
1429 2590 1510 2629 Sub
1542 2600 1769 2632 autumnum

327 2647 505 2688 omnibus
532 2647 753 2686 triremibus
783 2647 1051 2687 Romanorum
1068 2674 1078 2692 ‚
1121 2660 1221 2701 quae
1247 2646 1463 2696 Byzantii,
1494 2646 1609 2685 Lesbi
1652 2655 1719 2700 atq

327 2703 373 2743 in
398 2704 531 2743 ceteris
561 2703 697 2742 insulis
725 2711 764 2740 et
789 2703 1004 2742 maritimi-5
1032 2702 1186 2743 urbibus
1213 2709 1326 2740 erant
1338 2731 1350 2752 ‚
1376 2715 1446 2740 nec
1469 2715 1548 2741 non
1574 2701 1776 2741 uniremi-·
