<?xml version="1.0" encoding="UTF-8"?>
<!DOCTYPE html PUBLIC "-//W3C//DTD XHTML 1.0 Transitional//EN"
    "http://www.w3.org/TR/xhtml1/DTD/xhtml1-transitional.dtd">
<html xmlns="http://www.w3.org/1999/xhtml" xml:lang="en" lang="en">
 <head>
  <title>
</title>
<meta http-equiv="Content-Type" content="text/html;charset=utf-8" />
  <meta name='ocr-system' content='tesseract 3.04.00' />
  <meta name='ocr-capabilities' content='ocr_page ocr_carea ocr_par ocr_line ocrx_word'/>
</head>
<body>
  <div class='ocr_page' id='page_1' title='image "./corpusscriptorum25niebuoft_0089.png"; bbox 0 0 1800 3164; ppageno 0'>
   <div class='ocr_carea' id='block_1_1' title="bbox 489 150 1502 209">
    <p class='ocr_par' dir='ltr' id='par_1_1' title="bbox 489 150 1502 209">
     <span class='ocr_line' id='line_1_1' title="bbox 489 150 1502 209; baseline 0.015 -20"><span class='ocrx_word' id='word_1_1' title='bbox 489 150 865 192; x_wconf 76' lang='lat' dir='ltr'><strong>ms&#39;romARUM</strong></span> <span class='ocrx_word' id='word_1_2' title='bbox 906 153 976 194; x_wconf 89' lang='lat' dir='ltr'><em>1v.</em></span> <span class='ocrx_word' id='word_1_3' title='bbox 1006 157 1071 197; x_wconf 76' lang='grc' dir='ltr'><em>Μ.</em></span> <span class='ocrx_word' id='word_1_4' title='bbox 1428 152 1502 209; x_wconf 87' lang='lat'><em>79</em></span> 
     </span>
    </p>
   </div>
   <div class='ocr_carea' id='block_1_2' title="bbox 0 252 1711 1836">
    <p class='ocr_par' dir='ltr' id='par_1_2' title="bbox 0 252 1711 1836">
     <span class='ocr_line' id='line_1_2' title="bbox 59 252 1711 311; baseline -0.001 -16"><span class='ocrx_word' id='word_1_5' title='bbox 59 255 277 296; x_wconf 75' lang='grc' dir='ltr'><em>συνέθεντο</em></span> <span class='ocrx_word' id='word_1_6' title='bbox 307 252 352 294; x_wconf 83' lang='grc' dir='ltr'><em>τὸ</em></span> <span class='ocrx_word' id='word_1_7' title='bbox 378 254 536 307; x_wconf 78' lang='grc' dir='ltr'><em>χωρίον</em></span> <span class='ocrx_word' id='word_1_8' title='bbox 563 255 842 296; x_wconf 80' lang='grc' dir='ltr'><em>καταλείπειν.</em></span> <span class='ocrx_word' id='word_1_9' title='bbox 896 256 969 295; x_wconf 83' lang='grc' dir='ltr'>καί</span> <span class='ocrx_word' id='word_1_10' title='bbox 995 254 1156 308; x_wconf 81' lang='grc' dir='ltr'><em>ἐγένετο</em></span> <span class='ocrx_word' id='word_1_11' title='bbox 1198 255 1225 309; x_wconf 79' lang='grc' dir='ltr'><em>ἦ</em></span> <span class='ocrx_word' id='word_1_12' title='bbox 1254 254 1396 311; x_wconf 79' lang='grc' dir='ltr'><em>εἰρήνη</em></span> <span class='ocrx_word' id='word_1_13' title='bbox 1434 255 1507 298; x_wconf 75' lang='grc' dir='ltr'><em>ἐπὶ</em></span> <span class='ocrx_word' id='word_1_14' title='bbox 1515 263 1555 298; x_wconf 85' lang='grc' dir='ltr'><em>Α.</em></span> <span class='ocrx_word' id='word_1_15' title='bbox 1571 260 1711 306; x_wconf 67' lang='grc'>01348</span> 
     </span>
     <span class='ocr_line' id='line_1_3' title="bbox 60 315 1504 378; baseline 0.001 -16"><span class='ocrx_word' id='word_1_16' title='bbox 60 316 241 372; x_wconf 79' lang='grc' dir='ltr'><em>τούτοις,</em></span> <span class='ocrx_word' id='word_1_17' title='bbox 272 315 376 361; x_wconf 76' lang='grc' dir='ltr'><em>ῶστε</em></span> <span class='ocrx_word' id='word_1_18' title='bbox 403 317 671 373; x_wconf 74' lang='grc' dir='ltr'><em>παραδόντας</em></span> <span class='ocrx_word' id='word_1_19' title='bbox 697 323 871 372; x_wconf 79' lang='grc' dir='ltr'><em>βασιλεῖ’</em></span> <span class='ocrx_word' id='word_1_20' title='bbox 893 317 1072 373; x_wconf 64' lang='grc' dir='ltr'><em>αὐτούς,</em></span> <span class='ocrx_word' id='word_1_21' title='bbox 1103 321 1176 362; x_wconf 75' lang='grc' dir='ltr'><em>ἐπὶ</em></span> <span class='ocrx_word' id='word_1_22' title='bbox 1201 319 1275 362; x_wconf 88' lang='grc' dir='ltr'><em>τὸν</em></span> <span class='ocrx_word' id='word_1_23' title='bbox 1299 318 1504 378; x_wconf 87' lang='grc' dir='ltr'><em>πρότερον</em></span> 
     </span>
     <span class='ocr_line' id='line_1_4' title="bbox 57 386 1507 444; baseline 0.003 -18"><span class='ocrx_word' id='word_1_24' title='bbox 57 386 275 440; x_wconf 77' lang='grc' dir='ltr'><em>περίβολον</em></span> <span class='ocrx_word' id='word_1_25' title='bbox 313 390 483 439; x_wconf 83' lang='grc' dir='ltr'><em>χωρεῖν.</em></span> <span class='ocrx_word' id='word_1_26' title='bbox 540 386 612 426; x_wconf 79' lang='grc' dir='ltr'><em>καί</em></span> <span class='ocrx_word' id='word_1_27' title='bbox 645 389 924 440; x_wconf 74' lang='grc' dir='ltr'><em>γεγενημένων</em></span> <span class='ocrx_word' id='word_1_28' title='bbox 962 387 1044 428; x_wconf 82' lang='grc' dir='ltr'><em>τῶν</em></span> <span class='ocrx_word' id='word_1_29' title='bbox 1081 388 1302 440; x_wconf 77' lang='grc' dir='ltr'><em>σπονδῶν,</em></span> <span class='ocrx_word' id='word_1_30' title='bbox 1330 390 1507 444; x_wconf 89' lang='grc' dir='ltr'><em>παρεδί-</em></span> 
     </span>
     <span class='ocr_line' id='line_1_5' title="bbox 58 449 1506 508; baseline 0.001 -16"><span class='ocrx_word' id='word_1_31' title='bbox 58 453 189 493; x_wconf 88' lang='grc' dir='ltr'><em>δοσαν</em></span> <span class='ocrx_word' id='word_1_32' title='bbox 232 449 279 492; x_wconf 84' lang='grc' dir='ltr'><em>τὸ</em></span> <span class='ocrx_word' id='word_1_33' title='bbox 309 452 399 493; x_wconf 82' lang='grc' dir='ltr'><em>νέον</em></span> <span class='ocrx_word' id='word_1_34' title='bbox 428 450 632 506; x_wconf 82' lang='grc' dir='ltr'><em>φρούριον</em></span> <span class='ocrx_word' id='word_1_35' title='bbox 674 450 780 506; x_wconf 78' lang='grc' dir='ltr'><em>πρὸς</em></span> <span class='ocrx_word' id='word_1_36' title='bbox 819 451 1022 507; x_wconf 76' lang='grc' dir='ltr'><em>δεσπότην</em></span> <span class='ocrx_word' id='word_1_37' title='bbox 1050 451 1122 494; x_wconf 81' lang='grc' dir='ltr'><em>τὸν</em></span> <span class='ocrx_word' id='word_1_38' title='bbox 1151 456 1358 507; x_wconf 80' lang='grc' dir='ltr'><em>βασιλέως</em></span> <span class='ocrx_word' id='word_1_39' title='bbox 1385 453 1506 508; x_wconf 82' lang='grc' dir='ltr'><em>υἱὸν,</em></span> 
     </span>
     <span class='ocr_line' id='line_1_6' title="bbox 15 513 1505 573; baseline 0.001 -15"><span class='ocrx_word' id='word_1_40' title='bbox 15 513 46 561; x_wconf 69' lang='grc'><strong>5</strong></span> <span class='ocrx_word' id='word_1_41' title='bbox 58 515 232 558; x_wconf 91' lang='grc' dir='ltr'><em>ἐλθόντα</em></span> <span class='ocrx_word' id='word_1_42' title='bbox 259 515 366 569; x_wconf 78' lang='grc' dir='ltr'><em>μετὰ</em></span> <span class='ocrx_word' id='word_1_43' title='bbox 397 519 607 572; x_wconf 73' lang='grc' dir='ltr'><em>στρατιᾶς.</em></span> <span class='ocrx_word' id='word_1_44' title='bbox 662 517 863 570; x_wconf 70' lang='grc' dir='ltr'><em>βασιλεὺς</em></span> <span class='ocrx_word' id='word_1_45' title='bbox 883 519 930 560; x_wconf 76' lang='grc' dir='ltr'><em>δὲ</em></span> <span class='ocrx_word' id='word_1_46' title='bbox 960 519 1103 560; x_wconf 76' lang='grc' dir='ltr'><em>αὐτῶν</em></span> <span class='ocrx_word' id='word_1_47' title='bbox 1121 518 1505 573; x_wconf 78' lang='grc' dir='ltr'><em>μεταπεμψάμενος</em></span> 
     </span>
     <span class='ocr_line' id='line_1_7' title="bbox 57 581 1501 642; baseline 0.003 -18"><span class='ocrx_word' id='word_1_48' title='bbox 57 581 156 632; x_wconf 78' lang='grc' dir='ltr'><em>τούς</em></span> <span class='ocrx_word' id='word_1_49' title='bbox 198 584 416 639; x_wconf 75' lang='grc' dir='ltr'><em>ἀρίστους,</em></span> <span class='ocrx_word' id='word_1_50' title='bbox 452 582 619 638; x_wconf 76' lang='grc' dir='ltr'><em>ἡμέρως</em></span> <span class='ocrx_word' id='word_1_51' title='bbox 656 599 698 624; x_wconf 87' lang='grc' dir='ltr'><em>τε</em></span> <span class='ocrx_word' id='word_1_52' title='bbox 734 585 949 639; x_wconf 80' lang='grc' dir='ltr'><em>διειλέχθη</em></span> <span class='ocrx_word' id='word_1_53' title='bbox 991 587 1066 626; x_wconf 84' lang='grc' dir='ltr'><em>καί</em></span> <span class='ocrx_word' id='word_1_54' title='bbox 1091 588 1327 642; x_wconf 74' lang='grc' dir='ltr'><em>προσηνῶς,</em></span> <span class='ocrx_word' id='word_1_55' title='bbox 1357 586 1432 628; x_wconf 82' lang='grc' dir='ltr'>καί</span> <span class='ocrx_word' id='word_1_56' title='bbox 1455 585 1501 628; x_wconf 78' lang='grc' dir='ltr'><em>τὸ</em></span> 
     </span>
     <span class='ocr_line' id='line_1_8' title="bbox 54 645 1502 707; baseline 0.002 -17"><span class='ocrx_word' id='word_1_57' title='bbox 54 649 214 704; x_wconf 78' lang='grc' dir='ltr'><em>χωρίον</em></span> <span class='ocrx_word' id='word_1_58' title='bbox 246 648 374 699; x_wconf 72' lang='grc' dir='ltr'><em>αὐτὸς</em></span> <span class='ocrx_word' id='word_1_59' title='bbox 412 646 517 691; x_wconf 70' lang='grc' dir='ltr'><em>ἑκών</em></span> <span class='ocrx_word' id='word_1_60' title='bbox 554 645 660 690; x_wconf 82' lang='grc' dir='ltr'><em>εἶναι</em></span> <span class='ocrx_word' id='word_1_61' title='bbox 688 650 916 705; x_wconf 86' lang='grc' dir='ltr'><em>ἐχαρίζετο.</em></span> <span class='ocrx_word' id='word_1_62' title='bbox 973 648 1055 706; x_wconf 80' lang='grc' dir='ltr'><em>ἔφη</em></span> <span class='ocrx_word' id='word_1_63' title='bbox 1083 650 1164 706; x_wconf 75' lang='grc' dir='ltr'><em>γάρ</em></span> <span class='ocrx_word' id='word_1_64' title='bbox 1194 651 1299 707; x_wconf 84' lang='grc' dir='ltr'><em>πρὸς</em></span> <span class='ocrx_word' id='word_1_65' title='bbox 1327 648 1502 706; x_wconf 74' lang='grc' dir='ltr'><em>αὗτούς,</em></span> 
     </span>
     <span class='ocr_line' id='line_1_9' title="bbox 57 712 1541 774; baseline 0.002 -18"><span class='ocrx_word' id='word_1_66' title='bbox 57 712 108 756; x_wconf 80' lang='grc' dir='ltr'><em>οὖ</em></span> <span class='ocrx_word' id='word_1_67' title='bbox 137 714 237 771; x_wconf 79' lang='grc' dir='ltr'><em>περί</em></span> <span class='ocrx_word' id='word_1_68' title='bbox 261 718 334 771; x_wconf 75' lang='grc' dir='ltr'><em>γῆς</em></span> <span class='ocrx_word' id='word_1_69' title='bbox 363 714 565 770; x_wconf 81' lang='grc' dir='ltr'><em>τοσαύτης</em></span> <span class='ocrx_word' id='word_1_70' title='bbox 595 720 868 771; x_wconf 81' lang='grc' dir='ltr'><em>φιλονεικεῖν,</em></span> <span class='ocrx_word' id='word_1_71' title='bbox 900 716 1071 766; x_wconf 80' lang='grc' dir='ltr'><em>ου’δενὸς</em></span> <span class='ocrx_word' id='word_1_72' title='bbox 1099 718 1218 767; x_wconf 74' lang='grc' dir='ltr'><em>ἀξίας</em></span> <span class='ocrx_word' id='word_1_73' title='bbox 1246 714 1397 774; x_wconf 61' lang='grc' dir='ltr'><em>οὔσης,</em></span> <span class='ocrx_word' id='word_1_74' title='bbox 1429 715 1541 760; x_wconf 54' lang='lat' dir='ltr'><strong>vil-B</strong></span> 
     </span>
     <span class='ocr_line' id='line_1_10' title="bbox 56 782 1506 843; baseline 0.003 -20"><span class='ocrx_word' id='word_1_75' title='bbox 56 783 109 823; x_wconf 85' lang='grc' dir='ltr'><em>λὰ</em></span> <span class='ocrx_word' id='word_1_76' title='bbox 145 783 243 837; x_wconf 71' lang='grc' dir='ltr'><em>περὶ</em></span> <span class='ocrx_word' id='word_1_77' title='bbox 278 783 362 823; x_wconf 86' lang='grc' dir='ltr'><em>τῶν</em></span> <span class='ocrx_word' id='word_1_78' title='bbox 399 782 690 837; x_wconf 78' lang='grc' dir='ltr'><em>προσηκόντων</em></span> <span class='ocrx_word' id='word_1_79' title='bbox 731 784 904 824; x_wconf 85' lang='grc' dir='ltr'><em>δικαίων</em></span> <span class='ocrx_word' id='word_1_80' title='bbox 944 785 997 840; x_wconf 80' lang='grc' dir='ltr'><em>τῇ</em></span> <span class='ocrx_word' id='word_1_81' title='bbox 1035 784 1258 837; x_wconf 85' lang='grc' dir='ltr'><em>Ῥωμαίων</em></span> <span class='ocrx_word' id='word_1_82' title='bbox 1298 787 1506 843; x_wconf 70' lang='grc' dir='ltr'><em>βασιλεία.</em></span> 
     </span>
     <span class='ocr_line' id='line_1_11' title="bbox 0 842 1506 903; baseline 0.003 -14"><span class='ocrx_word' id='word_1_83' title='bbox 0 858 44 893; x_wconf 72' lang='grc' dir='ltr'><em>ιο</em></span> <span class='ocrx_word' id='word_1_84' title='bbox 57 842 211 890; x_wconf 63' lang='grc' dir='ltr'><em>ἄτοπον</em></span> <span class='ocrx_word' id='word_1_85' title='bbox 231 847 326 903; x_wconf 76' lang='grc' dir='ltr'><em>γὰρ,</em></span> <span class='ocrx_word' id='word_1_86' title='bbox 347 848 559 903; x_wconf 77' lang='grc' dir='ltr'><em>ἐπήλυδας</em></span> <span class='ocrx_word' id='word_1_87' title='bbox 581 842 705 898; x_wconf 69' lang='grc' dir='ltr'><em>ὄντας</em></span> <span class='ocrx_word' id='word_1_88' title='bbox 733 846 891 898; x_wconf 77' lang='grc' dir='ltr'><em>αὖτούς</em></span> <span class='ocrx_word' id='word_1_89' title='bbox 908 849 983 891; x_wconf 82' lang='grc' dir='ltr'><em>καί</em></span> <span class='ocrx_word' id='word_1_90' title='bbox 1005 849 1139 892; x_wconf 81' lang='grc' dir='ltr'><em>πολλὰ</em></span> <span class='ocrx_word' id='word_1_91' title='bbox 1169 848 1250 891; x_wconf 74' lang='grc' dir='ltr'><em>ὑπὸ</em></span> <span class='ocrx_word' id='word_1_92' title='bbox 1276 853 1358 892; x_wconf 86' lang='grc' dir='ltr'><em>τῶν</em></span> <span class='ocrx_word' id='word_1_93' title='bbox 1391 851 1506 894; x_wconf 75' lang='lat' dir='ltr'>‘Pm-</span> 
     </span>
     <span class='ocr_line' id='line_1_12' title="bbox 53 910 1506 970; baseline 0.001 -14"><span class='ocrx_word' id='word_1_94' title='bbox 53 917 192 968; x_wconf 88' lang='grc' dir='ltr'><em>μαίων</em></span> <span class='ocrx_word' id='word_1_95' title='bbox 218 916 425 968; x_wconf 77' lang='grc' dir='ltr'><em>βασιλέων</em></span> <span class='ocrx_word' id='word_1_96' title='bbox 453 910 806 970; x_wconf 73' lang='grc' dir='ltr'><em>εὐηργετημένους</em></span> <span class='ocrx_word' id='word_1_97' title='bbox 847 917 920 958; x_wconf 76' lang='grc' dir='ltr'><em>καί</em></span> <span class='ocrx_word' id='word_1_98' title='bbox 957 917 1145 966; x_wconf 82' lang='grc' dir='ltr'><em>δικαίους</em></span> <span class='ocrx_word' id='word_1_99' title='bbox 1178 913 1302 967; x_wconf 84' lang='grc' dir='ltr'><em>ὄντας</em></span> <span class='ocrx_word' id='word_1_100' title='bbox 1334 919 1506 959; x_wconf 80' lang='grc' dir='ltr'><em>ἐνδου-</em></span> 
     </span>
     <span class='ocr_line' id='line_1_13' title="bbox 55 978 1507 1042; baseline 0 -19"><span class='ocrx_word' id='word_1_101' title='bbox 55 980 263 1023; x_wconf 87' lang='grc' dir='ltr'><em>λευόντων</em></span> <span class='ocrx_word' id='word_1_102' title='bbox 293 978 401 1023; x_wconf 86' lang='grc' dir='ltr'><em>εἶναι</em></span> <span class='ocrx_word' id='word_1_103' title='bbox 428 982 571 1039; x_wconf 72' lang='grc' dir='ltr'><em>μοίρᾳ,</em></span> <span class='ocrx_word' id='word_1_104' title='bbox 619 980 763 1023; x_wconf 81' lang='grc' dir='ltr'><em>ἔπειτα</em></span> <span class='ocrx_word' id='word_1_105' title='bbox 793 984 1086 1037; x_wconf 77' lang='grc' dir='ltr'><em>α’ναισχυντεῖν</em></span> <span class='ocrx_word' id='word_1_106' title='bbox 1113 985 1188 1026; x_wconf 84' lang='grc' dir='ltr'><em>καί</em></span> <span class='ocrx_word' id='word_1_107' title='bbox 1214 986 1442 1042; x_wconf 73' lang='grc' dir='ltr'><em>παρασπᾷν</em></span> <span class='ocrx_word' id='word_1_108' title='bbox 1464 1000 1507 1026; x_wconf 88' lang='grc' dir='ltr'><em>τι</em></span> 
     </span>
     <span class='ocr_line' id='line_1_14' title="bbox 54 1044 1506 1106; baseline 0.001 -17"><span class='ocrx_word' id='word_1_109' title='bbox 54 1048 127 1101; x_wconf 85' lang='grc' dir='ltr'><em>τῆς</em></span> <span class='ocrx_word' id='word_1_110' title='bbox 154 1044 378 1102; x_wconf 73' lang='grc' dir='ltr'><em>ἡγεμονίας</em></span> <span class='ocrx_word' id='word_1_111' title='bbox 403 1044 637 1100; x_wconf 76' lang='grc' dir='ltr'><em>βούλεσθαι</em></span> <span class='ocrx_word' id='word_1_112' title='bbox 666 1045 864 1092; x_wconf 72' lang='grc' dir='ltr'><em>ἀκόντων.</em></span> <span class='ocrx_word' id='word_1_113' title='bbox 920 1047 991 1091; x_wconf 77' lang='grc' dir='ltr'><em>διὰ</em></span> <span class='ocrx_word' id='word_1_114' title='bbox 1019 1053 1152 1092; x_wconf 87' lang='grc' dir='ltr'><em>ταῦτα</em></span> <span class='ocrx_word' id='word_1_115' title='bbox 1184 1049 1298 1106; x_wconf 81' lang='grc' dir='ltr'><em>ἔλεγε</em></span> <span class='ocrx_word' id='word_1_116' title='bbox 1326 1049 1399 1093; x_wconf 81' lang='grc' dir='ltr'><em>τὸν</em></span> <span class='ocrx_word' id='word_1_117' title='bbox 1428 1049 1506 1092; x_wconf 91' lang='grc' dir='ltr'><em>πό-</em></span> 
     </span>
     <span class='ocr_line' id='line_1_15' title="bbox 54 1111 1509 1172; baseline 0.003 -19"><span class='ocrx_word' id='word_1_118' title='bbox 54 1117 178 1166; x_wconf 91' lang='grc' dir='ltr'><em>λεμον</em></span> <span class='ocrx_word' id='word_1_119' title='bbox 207 1111 423 1167; x_wconf 80' lang='grc' dir='ltr'><em>αἱρεῖσθαι</em></span> <span class='ocrx_word' id='word_1_120' title='bbox 450 1117 636 1167; x_wconf 77' lang='grc' dir='ltr'><em>μᾶλλον,</em></span> <span class='ocrx_word' id='word_1_121' title='bbox 659 1116 712 1156; x_wconf 81' lang='grc' dir='ltr'><em>ου’</em></span> <span class='ocrx_word' id='word_1_122' title='bbox 737 1114 810 1156; x_wconf 78' lang='grc' dir='ltr'><em>διὰ</em></span> <span class='ocrx_word' id='word_1_123' title='bbox 839 1115 916 1171; x_wconf 78' lang='grc' dir='ltr'><em>την</em></span> <span class='ocrx_word' id='word_1_124' title='bbox 944 1118 1088 1171; x_wconf 76' lang='grc' dir='ltr'><em>κτῆσιν</em></span> <span class='ocrx_word' id='word_1_125' title='bbox 1116 1118 1194 1158; x_wconf 79' lang='grc' dir='ltr'><em>τοῦ</em></span> <span class='ocrx_word' id='word_1_126' title='bbox 1219 1118 1383 1172; x_wconf 83' lang='grc' dir='ltr'><em>χωρίου</em></span> <span class='ocrx_word' id='word_1_127' title='bbox 1402 1150 1412 1169; x_wconf 79' lang='lat'><strong>,</strong></span> <span class='ocrx_word' id='word_1_128' title='bbox 1434 1118 1509 1158; x_wconf 84' lang='grc' dir='ltr'><strong><em>καί</em></strong></span> 
     </span>
     <span class='ocr_line' id='line_1_16' title="bbox 0 1178 1504 1239; baseline 0.004 -20"><span class='ocrx_word' id='word_1_129' title='bbox 0 1179 40 1222; x_wconf 82' lang='grc'><em>15</em></span> <span class='ocrx_word' id='word_1_130' title='bbox 53 1178 219 1234; x_wconf 81' lang='grc' dir='ltr'><em>γνώμην</em></span> <span class='ocrx_word' id='word_1_131' title='bbox 246 1178 359 1233; x_wconf 77' lang='grc' dir='ltr'><em>ἔχειν</em></span> <span class='ocrx_word' id='word_1_132' title='bbox 378 1211 389 1232; x_wconf 83' lang='lat'>‚</span> <span class='ocrx_word' id='word_1_133' title='bbox 409 1178 464 1229; x_wconf 82' lang='grc' dir='ltr'><em>ῶς</em></span> <span class='ocrx_word' id='word_1_134' title='bbox 492 1180 738 1236; x_wconf 83' lang='grc' dir='ltr'><em>πολεμήσων</em></span> <span class='ocrx_word' id='word_1_135' title='bbox 767 1184 964 1237; x_wconf 78' lang='grc' dir='ltr'><em>διηνεκῶς</em></span> <span class='ocrx_word' id='word_1_136' title='bbox 1001 1179 1103 1238; x_wconf 76' lang='grc' dir='ltr'><em>ἄχρι</em></span> <span class='ocrx_word' id='word_1_137' title='bbox 1131 1185 1204 1225; x_wconf 79' lang='grc' dir='ltr'><em>τοῦ</em></span> <span class='ocrx_word' id='word_1_138' title='bbox 1235 1185 1504 1239; x_wconf 73' lang='grc' dir='ltr'><em>διαφθερεῖν,</em></span> 
     </span>
     <span class='ocr_line' id='line_1_17' title="bbox 53 1244 1507 1304; baseline 0.003 -18"><span class='ocrx_word' id='word_1_139' title='bbox 53 1247 94 1288; x_wconf 87' lang='grc' dir='ltr'><em>εἰ</em></span> <span class='ocrx_word' id='word_1_140' title='bbox 118 1244 176 1300; x_wconf 82' lang='grc' dir='ltr'><em>μη</em></span> <span class='ocrx_word' id='word_1_141' title='bbox 207 1249 456 1300; x_wconf 76' lang='grc' dir='ltr'><em>βουληθεῖεν</em></span> <span class='ocrx_word' id='word_1_142' title='bbox 484 1246 533 1288; x_wconf 75' lang='grc' dir='ltr'><em>τά</em></span> <span class='ocrx_word' id='word_1_143' title='bbox 565 1247 707 1288; x_wconf 89' lang='grc' dir='ltr'><em>δίκαια</em></span> <span class='ocrx_word' id='word_1_144' title='bbox 729 1254 875 1291; x_wconf 86' lang='grc' dir='ltr'><em>ποιεῖν.</em></span> <span class='ocrx_word' id='word_1_145' title='bbox 931 1249 1024 1291; x_wconf 79' lang='grc' dir='ltr'><em>ἐπεὶ</em></span> <span class='ocrx_word' id='word_1_146' title='bbox 1051 1251 1098 1291; x_wconf 80' lang='grc' dir='ltr'><em>δὲ</em></span> <span class='ocrx_word' id='word_1_147' title='bbox 1120 1250 1248 1292; x_wconf 81' lang='grc' dir='ltr'><em>αὕτοί</em></span> <span class='ocrx_word' id='word_1_148' title='bbox 1272 1251 1343 1304; x_wconf 74' lang='grc' dir='ltr'><em>τῆς</em></span> <span class='ocrx_word' id='word_1_149' title='bbox 1371 1249 1507 1303; x_wconf 78' lang='grc' dir='ltr'><em>α’γνω-</em></span> 
     </span>
     <span class='ocr_line' id='line_1_18' title="bbox 52 1309 1507 1370; baseline 0.003 -18"><span class='ocrx_word' id='word_1_150' title='bbox 52 1309 237 1366; x_wconf 78' lang='grc' dir='ltr'><em>μοσύνης</em></span> <span class='ocrx_word' id='word_1_151' title='bbox 265 1313 490 1354; x_wconf 82' lang='grc' dir='ltr'><em>α’ποσταῖεν</em></span> <span class='ocrx_word' id='word_1_152' title='bbox 518 1314 591 1354; x_wconf 83' lang='grc' dir='ltr'><em>καί</em></span> <span class='ocrx_word' id='word_1_153' title='bbox 616 1317 905 1357; x_wconf 86' lang='grc' dir='ltr'><em>καταλείποιεν</em></span> <span class='ocrx_word' id='word_1_154' title='bbox 931 1313 981 1357; x_wconf 81' lang='grc' dir='ltr'><em>τὰ</em></span> <span class='ocrx_word' id='word_1_155' title='bbox 1009 1315 1286 1370; x_wconf 79' lang='grc' dir='ltr'><em>ἡρπασμένα,</em></span> <span class='ocrx_word' id='word_1_156' title='bbox 1315 1317 1414 1370; x_wconf 87' lang='grc' dir='ltr'><em>μηδ’</em></span> <span class='ocrx_word' id='word_1_157' title='bbox 1427 1317 1507 1357; x_wconf 81' lang='lat' dir='ltr'><em>av&#39;-</em></span> 
     </span>
     <span class='ocr_line' id='line_1_19' title="bbox 50 1375 1546 1437; baseline 0.003 -19"><span class='ocrx_word' id='word_1_158' title='bbox 50 1375 124 1419; x_wconf 82' lang='grc' dir='ltr'><em>τὸν</em></span> <span class='ocrx_word' id='word_1_159' title='bbox 161 1377 479 1433; x_wconf 79' lang='grc' dir='ltr'><em>μικρολογὴσειν</em></span> <span class='ocrx_word' id='word_1_160' title='bbox 517 1375 674 1432; x_wconf 74' lang='grc' dir='ltr'><em>οὕτως,</em></span> <span class='ocrx_word' id='word_1_161' title='bbox 704 1376 1073 1437; x_wconf 70' lang='grc' dir='ltr'><em>ὥστ’ἆποστερεῖν,</em></span> <span class='ocrx_word' id='word_1_162' title='bbox 1119 1377 1170 1424; x_wconf 75' lang='grc' dir='ltr'><em>οὗ</em></span> <span class='ocrx_word' id='word_1_163' title='bbox 1196 1384 1393 1424; x_wconf 79' lang='grc' dir='ltr'><em>τοσοῦτον</em></span> <span class='ocrx_word' id='word_1_164' title='bbox 1420 1383 1546 1431; x_wconf 52' lang='lat' dir='ltr'><strong>§ge-C</strong></span> 
     </span>
     <span class='ocr_line' id='line_1_20' title="bbox 50 1443 1508 1499; baseline 0.003 -13"><span class='ocrx_word' id='word_1_165' title='bbox 50 1460 195 1497; x_wconf 85' lang='grc' dir='ltr'><em>χονται</em></span> <span class='ocrx_word' id='word_1_166' title='bbox 225 1443 298 1485; x_wconf 74' lang='grc' dir='ltr'><em>καὶ</em></span> <span class='ocrx_word' id='word_1_167' title='bbox 325 1446 544 1486; x_wconf 78' lang='grc' dir='ltr'><em>ποιοῦνται</em></span> <span class='ocrx_word' id='word_1_168' title='bbox 567 1445 665 1499; x_wconf 73' lang='grc' dir='ltr'><em>περὶ</em></span> <span class='ocrx_word' id='word_1_169' title='bbox 685 1448 895 1489; x_wconf 88' lang='grc' dir='ltr'><em>πλείστου.</em></span> <span class='ocrx_word' id='word_1_170' title='bbox 953 1449 1028 1490; x_wconf 84' lang='grc' dir='ltr'>καί</span> <span class='ocrx_word' id='word_1_171' title='bbox 1056 1444 1208 1490; x_wconf 70' lang='grc' dir='ltr'><em>αὐτίκα</em></span> <span class='ocrx_word' id='word_1_172' title='bbox 1239 1449 1403 1490; x_wconf 81' lang='grc' dir='ltr'><em>ἐκέλευε</em></span> <span class='ocrx_word' id='word_1_173' title='bbox 1435 1447 1508 1490; x_wconf 81' lang='grc' dir='ltr'><em>τὸν</em></span> 
     </span>
     <span class='ocr_line' id='line_1_21' title="bbox 0 1508 1506 1569; baseline 0.001 -16"><span class='ocrx_word' id='word_1_174' title='bbox 0 1526 41 1556; x_wconf 75' lang='grc' dir='ltr'><em>ιο</em></span> <span class='ocrx_word' id='word_1_175' title='bbox 53 1508 143 1552; x_wconf 78' lang='grc' dir='ltr'><em>υἱὸν</em></span> <span class='ocrx_word' id='word_1_176' title='bbox 171 1509 331 1564; x_wconf 79' lang='grc' dir='ltr'><em>ἐξάγειν</em></span> <span class='ocrx_word' id='word_1_177' title='bbox 361 1510 434 1565; x_wconf 77' lang='grc' dir='ltr'><em>τὴν</em></span> <span class='ocrx_word' id='word_1_178' title='bbox 461 1510 687 1566; x_wconf 75' lang='grc' dir='ltr'><em>στρατιάν,</em></span> <span class='ocrx_word' id='word_1_179' title='bbox 722 1511 767 1554; x_wconf 83' lang='grc' dir='ltr'><em>τὸ</em></span> <span class='ocrx_word' id='word_1_180' title='bbox 795 1515 954 1569; x_wconf 84' lang='grc' dir='ltr'><em>χωρίον</em></span> <span class='ocrx_word' id='word_1_181' title='bbox 981 1519 1068 1564; x_wconf 88' lang='grc' dir='ltr'><em>τοῖς</em></span> <span class='ocrx_word' id='word_1_182' title='bbox 1097 1517 1139 1556; x_wconf 85' lang='grc' dir='ltr'><em>Γ</em></span> <span class='ocrx_word' id='word_1_183' title='bbox 1136 1514 1322 1563; x_wconf 87' lang='grc' dir='ltr'><em>αλατίοις</em></span> <span class='ocrx_word' id='word_1_184' title='bbox 1365 1531 1506 1569; x_wconf 87' lang='grc' dir='ltr'><em>παρα-</em></span> 
     </span>
     <span class='ocr_line' id='line_1_22' title="bbox 51 1574 1502 1635; baseline 0.003 -17"><span class='ocrx_word' id='word_1_185' title='bbox 51 1574 189 1618; x_wconf 83' lang='grc' dir='ltr'><em>δόντα.</em></span> <span class='ocrx_word' id='word_1_186' title='bbox 246 1575 284 1617; x_wconf 89' lang='grc' dir='ltr'><em>οἱ</em></span> <span class='ocrx_word' id='word_1_187' title='bbox 315 1577 362 1618; x_wconf 84' lang='grc' dir='ltr'><em>δὲ</em></span> <span class='ocrx_word' id='word_1_188' title='bbox 388 1580 558 1630; x_wconf 80' lang='grc' dir='ltr'><em>βασιλεῖ</em></span> <span class='ocrx_word' id='word_1_189' title='bbox 583 1577 739 1627; x_wconf 73' lang='grc' dir='ltr'><em>πολλὰς</em></span> <span class='ocrx_word' id='word_1_190' title='bbox 767 1577 1009 1633; x_wconf 71' lang='grc' dir='ltr'><em>ὡμολόγουν</em></span> <span class='ocrx_word' id='word_1_191' title='bbox 1038 1582 1221 1635; x_wconf 78' lang='grc' dir='ltr'><em>χάριτας</em></span> <span class='ocrx_word' id='word_1_192' title='bbox 1247 1580 1354 1634; x_wconf 79' lang='grc' dir='ltr'><em>μετὰ</em></span> <span class='ocrx_word' id='word_1_193' title='bbox 1385 1579 1502 1622; x_wconf 90' lang='grc' dir='ltr'><em>πλεί-</em></span> 
     </span>
     <span class='ocr_line' id='line_1_23' title="bbox 49 1643 1503 1701; baseline 0.001 -15"><span class='ocrx_word' id='word_1_194' title='bbox 49 1659 159 1686; x_wconf 84' lang='grc' dir='ltr'><em>στων</em></span> <span class='ocrx_word' id='word_1_195' title='bbox 187 1645 268 1684; x_wconf 87' lang='grc' dir='ltr'><em>τῶν</em></span> <span class='ocrx_word' id='word_1_196' title='bbox 297 1644 520 1698; x_wconf 59' lang='grc' dir='ltr'><em>εὐφημιῶν</em></span> <span class='ocrx_word' id='word_1_197' title='bbox 537 1676 549 1697; x_wconf 92' lang='grc'><em>,</em></span> <span class='ocrx_word' id='word_1_198' title='bbox 594 1645 667 1685; x_wconf 83' lang='grc' dir='ltr'><em>καί</em></span> <span class='ocrx_word' id='word_1_199' title='bbox 692 1643 794 1701; x_wconf 85' lang='grc' dir='ltr'><em>πρὸς</em></span> <span class='ocrx_word' id='word_1_200' title='bbox 822 1644 896 1688; x_wconf 86' lang='grc' dir='ltr'><em>τὸν</em></span> <span class='ocrx_word' id='word_1_201' title='bbox 925 1649 1132 1700; x_wconf 82' lang='grc' dir='ltr'><em>βασιλέως</em></span> <span class='ocrx_word' id='word_1_202' title='bbox 1160 1645 1254 1689; x_wconf 85' lang='grc' dir='ltr'><em>υὶὸν</em></span> <span class='ocrx_word' id='word_1_203' title='bbox 1282 1645 1503 1699; x_wconf 85' lang='grc' dir='ltr'><em>ἐλθόντες,</em></span> 
     </span>
     <span class='ocr_line' id='line_1_24' title="bbox 50 1707 1503 1768; baseline 0.001 -18"><span class='ocrx_word' id='word_1_204' title='bbox 50 1711 145 1751; x_wconf 76' lang='grc' dir='ltr'><em>ἐπεὶ</em></span> <span class='ocrx_word' id='word_1_205' title='bbox 176 1707 284 1751; x_wconf 83' lang='grc' dir='ltr'><em>κατὰ</em></span> <span class='ocrx_word' id='word_1_206' title='bbox 323 1707 369 1749; x_wconf 83' lang='grc' dir='ltr'><em>τὸ</em></span> <span class='ocrx_word' id='word_1_207' title='bbox 412 1712 487 1751; x_wconf 80' lang='grc' dir='ltr'><em>τοῦ</em></span> <span class='ocrx_word' id='word_1_208' title='bbox 529 1710 688 1764; x_wconf 81' lang='grc' dir='ltr'><em>πατρὸς</em></span> <span class='ocrx_word' id='word_1_209' title='bbox 726 1713 938 1766; x_wconf 82' lang='grc' dir='ltr'><em>ἐπίταγμα</em></span> <span class='ocrx_word' id='word_1_210' title='bbox 965 1712 1013 1754; x_wconf 80' lang='grc' dir='ltr'><em>τό</em></span> <span class='ocrx_word' id='word_1_211' title='bbox 1043 1715 1201 1768; x_wconf 89' lang='grc' dir='ltr'><em>χωρίον</em></span> <span class='ocrx_word' id='word_1_212' title='bbox 1228 1714 1503 1768; x_wconf 78' lang='grc' dir='ltr'><em>παρεδίδοτο,</em></span> 
     </span>
     <span class='ocr_line' id='line_1_25' title="bbox 51 1771 1504 1836; baseline 0 -18"><span class='ocrx_word' id='word_1_213' title='bbox 51 1771 180 1826; x_wconf 76' lang='grc' dir='ltr'><em>αὖθίς</em></span> <span class='ocrx_word' id='word_1_214' title='bbox 206 1790 250 1816; x_wconf 83' lang='grc' dir='ltr'><em>τε</em></span> <span class='ocrx_word' id='word_1_215' title='bbox 279 1775 502 1830; x_wconf 66' lang='grc' dir='ltr'><em>εὐφήμουν</em></span> <span class='ocrx_word' id='word_1_216' title='bbox 531 1779 737 1831; x_wconf 77' lang='grc' dir='ltr'><em>βασιλέα,</em></span> <span class='ocrx_word' id='word_1_217' title='bbox 765 1780 837 1819; x_wconf 82' lang='grc' dir='ltr'><em>καί</em></span> <span class='ocrx_word' id='word_1_218' title='bbox 863 1780 1028 1836; x_wconf 75' lang='grc' dir='ltr'><em>χρυσίῳ</em></span> <span class='ocrx_word' id='word_1_219' title='bbox 1057 1781 1195 1836; x_wconf 71' lang='grc' dir='ltr'><em>πολλῷ</em></span> <span class='ocrx_word' id='word_1_220' title='bbox 1227 1777 1302 1834; x_wconf 74' lang='grc' dir='ltr'><em>τὴν</em></span> <span class='ocrx_word' id='word_1_221' title='bbox 1338 1782 1504 1833; x_wconf 79' lang='grc' dir='ltr'><em>βασιλι-</em></span> 
     </span>
    </p>
   </div>
   <div class='ocr_carea' id='block_1_3' title="bbox 0 1897 1554 2795">
    <p class='ocr_par' dir='ltr' id='par_1_3' title="bbox 0 1897 1554 2795">
     <span class='ocr_line' id='line_1_26' title="bbox 52 1897 1506 1950; baseline 0.003 -18"><span class='ocrx_word' id='word_1_222' title='bbox 52 1900 260 1939; x_wconf 84' lang='lat' dir='ltr'><strong>contentio,</strong></span> <span class='ocrx_word' id='word_1_223' title='bbox 287 1897 404 1931; x_wconf 84' lang='lat' dir='ltr'><strong>locum</strong></span> <span class='ocrx_word' id='word_1_224' title='bbox 431 1899 616 1932; x_wconf 75' lang='lat' dir='ltr'><strong>remittere</strong></span> <span class='ocrx_word' id='word_1_225' title='bbox 640 1898 685 1932; x_wconf 87' lang='lat' dir='ltr'><em>de</em></span> <span class='ocrx_word' id='word_1_226' title='bbox 711 1906 897 1945; x_wconf 85' lang='lat' dir='ltr'><strong>compacto</strong></span> <span class='ocrx_word' id='word_1_227' title='bbox 923 1907 1152 1935; x_wconf 72' lang='lat' dir='ltr'><strong>statuerunt:</strong></span> <span class='ocrx_word' id='word_1_228' title='bbox 1174 1902 1343 1948; x_wconf 81' lang='lat' dir='ltr'><strong>factaque</strong></span> <span class='ocrx_word' id='word_1_229' title='bbox 1367 1914 1438 1950; x_wconf 85' lang='lat' dir='ltr'><em>pax</em></span> <span class='ocrx_word' id='word_1_230' title='bbox 1465 1902 1506 1936; x_wconf 87' lang='lat' dir='ltr'><em>in</em></span> 
     </span>
     <span class='ocr_line' id='line_1_27' title="bbox 50 1946 1504 1994; baseline 0.003 -16"><span class='ocrx_word' id='word_1_231' title='bbox 50 1947 145 1980; x_wconf 82' lang='lat' dir='ltr'><strong>hanc</strong></span> <span class='ocrx_word' id='word_1_232' title='bbox 177 1946 452 1987; x_wconf 78' lang='lat' dir='ltr'><strong>conditionem,</strong></span> <span class='ocrx_word' id='word_1_233' title='bbox 494 1950 535 1979; x_wconf 92' lang='lat' dir='ltr'><em>ut</em></span> <span class='ocrx_word' id='word_1_234' title='bbox 566 1947 722 1990; x_wconf 86' lang='lat' dir='ltr'><strong>spatium</strong></span> <span class='ocrx_word' id='word_1_235' title='bbox 757 1948 851 1981; x_wconf 85' lang='lat' dir='ltr'><strong>illud</strong></span> <span class='ocrx_word' id='word_1_236' title='bbox 886 1949 1095 1994; x_wconf 82' lang='lat' dir='ltr'><strong>imperatori</strong></span> <span class='ocrx_word' id='word_1_237' title='bbox 1131 1949 1348 1990; x_wconf 83' lang='lat' dir='ltr'><strong>redderent,</strong></span> <span class='ocrx_word' id='word_1_238' title='bbox 1389 1951 1504 1985; x_wconf 83' lang='lat' dir='ltr'><strong>veteri</strong></span> 
     </span>
     <span class='ocr_line' id='line_1_28' title="bbox 50 1993 1504 2042; baseline 0.003 -16"><span class='ocrx_word' id='word_1_239' title='bbox 50 1994 191 2027; x_wconf 85' lang='lat' dir='ltr'><strong>ambitu</strong></span> <span class='ocrx_word' id='word_1_240' title='bbox 229 1993 402 2026; x_wconf 84' lang='lat' dir='ltr'><strong>contenti.</strong></span> <span class='ocrx_word' id='word_1_241' title='bbox 451 1993 496 2026; x_wconf 91' lang='lat' dir='ltr'><strong>Et</strong></span> <span class='ocrx_word' id='word_1_242' title='bbox 530 1993 624 2026; x_wconf 89' lang='lat' dir='ltr'><strong>inito</strong></span> <span class='ocrx_word' id='word_1_243' title='bbox 657 1993 828 2035; x_wconf 84' lang='lat' dir='ltr'><strong>foedere,</strong></span> <span class='ocrx_word' id='word_1_244' title='bbox 865 2006 997 2029; x_wconf 84' lang='lat' dir='ltr'><strong>novam</strong></span> <span class='ocrx_word' id='word_1_245' title='bbox 1036 1997 1278 2030; x_wconf 86' lang='lat' dir='ltr'><strong>munitionem</strong></span> <span class='ocrx_word' id='word_1_246' title='bbox 1308 1996 1504 2042; x_wconf 76' lang='lat' dir='ltr'><strong>despotae,</strong></span> 
     </span>
     <span class='ocr_line' id='line_1_29' title="bbox 50 2040 1504 2086; baseline 0.003 -13"><span class='ocrx_word' id='word_1_247' title='bbox 50 2040 279 2086; x_wconf 83' lang='lat' dir='ltr'><strong>imperatoris</strong></span> <span class='ocrx_word' id='word_1_248' title='bbox 304 2040 398 2078; x_wconf 80' lang='lat' dir='ltr'><strong>filio,</strong></span> <span class='ocrx_word' id='word_1_249' title='bbox 415 2051 494 2072; x_wconf 89' lang='lat' dir='ltr'><em>cum</em></span> <span class='ocrx_word' id='word_1_250' title='bbox 522 2041 665 2085; x_wconf 83' lang='lat' dir='ltr'><strong>agmine</strong></span> <span class='ocrx_word' id='word_1_251' title='bbox 693 2048 916 2075; x_wconf 86' lang='lat' dir='ltr'><strong>armatorum</strong></span> <span class='ocrx_word' id='word_1_252' title='bbox 941 2043 1105 2076; x_wconf 82' lang='lat' dir='ltr'><strong>venienti</strong></span> <span class='ocrx_word' id='word_1_253' title='bbox 1133 2043 1381 2077; x_wconf 85' lang='lat' dir='ltr'><strong>restituerunt.</strong></span> <span class='ocrx_word' id='word_1_254' title='bbox 1431 2046 1504 2078; x_wconf 88' lang='lat' dir='ltr'><strong>Im·—</strong></span> 
     </span>
     <span class='ocr_line' id='line_1_30' title="bbox 49 2087 1505 2135; baseline 0.002 -14"><span class='ocrx_word' id='word_1_255' title='bbox 49 2092 196 2134; x_wconf 83' lang='lat' dir='ltr'><strong>perator</strong></span> <span class='ocrx_word' id='word_1_256' title='bbox 221 2087 547 2127; x_wconf 80' lang='lat' dir='ltr'><strong>autem‚accersitis</strong></span> <span class='ocrx_word' id='word_1_257' title='bbox 577 2098 701 2120; x_wconf 89' lang='lat' dir='ltr'><strong>eorum</strong></span> <span class='ocrx_word' id='word_1_258' title='bbox 727 2089 979 2132; x_wconf 85' lang='lat' dir='ltr'>optimatibus,</span> <span class='ocrx_word' id='word_1_259' title='bbox 1003 2091 1156 2124; x_wconf 88' lang='lat' dir='ltr'><strong>comiter</strong></span> <span class='ocrx_word' id='word_1_260' title='bbox 1187 2101 1228 2124; x_wconf 90' lang='lat' dir='ltr'><em>ac</em></span> <span class='ocrx_word' id='word_1_261' title='bbox 1251 2091 1395 2135; x_wconf 82' lang='lat' dir='ltr'>placide</span> <span class='ocrx_word' id='word_1_262' title='bbox 1419 2092 1505 2125; x_wconf 81' lang='lat' dir='ltr'><strong>illos</strong></span> 
     </span>
     <span class='ocr_line' id='line_1_31' title="bbox 50 2133 1506 2178; baseline 0.003 -11"><span class='ocrx_word' id='word_1_263' title='bbox 50 2135 197 2175; x_wconf 77' lang='lat' dir='ltr'><strong>affatus,</strong></span> <span class='ocrx_word' id='word_1_264' title='bbox 225 2135 343 2168; x_wconf 76' lang='lat' dir='ltr'><strong>locum</strong></span> <span class='ocrx_word' id='word_1_265' title='bbox 373 2138 503 2178; x_wconf 74' lang='lat' dir='ltr'><strong>sponte</strong></span> <span class='ocrx_word' id='word_1_266' title='bbox 528 2133 654 2169; x_wconf 84' lang='lat' dir='ltr'><strong>donat.</strong></span> <span class='ocrx_word' id='word_1_267' title='bbox 702 2135 835 2170; x_wconf 75' lang='lat' dir='ltr'><strong>Aiebat</strong></span> <span class='ocrx_word' id='word_1_268' title='bbox 860 2137 957 2170; x_wconf 90' lang='lat' dir='ltr'><strong>enim</strong></span> <span class='ocrx_word' id='word_1_269' title='bbox 978 2163 987 2178; x_wconf 90' lang='lat'><em>‚</em></span> <span class='ocrx_word' id='word_1_270' title='bbox 1008 2149 1080 2171; x_wconf 87' lang='lat' dir='ltr'><em>uon</em></span> <span class='ocrx_word' id='word_1_271' title='bbox 1106 2138 1150 2170; x_wconf 86' lang='lat' dir='ltr'><em>de</em></span> <span class='ocrx_word' id='word_1_272' title='bbox 1176 2138 1323 2172; x_wconf 78' lang='lat' dir='ltr'><strong>tantilla</strong></span> <span class='ocrx_word' id='word_1_273' title='bbox 1352 2149 1395 2172; x_wconf 89' lang='lat' dir='ltr'><em>ae</em></span> <span class='ocrx_word' id='word_1_274' title='bbox 1419 2139 1506 2172; x_wconf 86' lang='lat' dir='ltr'><strong>nul-</strong></span> 
     </span>
     <span class='ocr_line' id='line_1_32' title="bbox 50 2180 1507 2230; baseline 0.003 -15"><span class='ocrx_word' id='word_1_275' title='bbox 50 2181 122 2216; x_wconf 82' lang='lat' dir='ltr'><strong>lius</strong></span> <span class='ocrx_word' id='word_1_276' title='bbox 152 2182 261 2227; x_wconf 80' lang='lat' dir='ltr'><strong>pretii</strong></span> <span class='ocrx_word' id='word_1_277' title='bbox 288 2181 524 2226; x_wconf 79' lang='lat' dir='ltr'><strong>regiuncula,</strong></span> <span class='ocrx_word' id='word_1_278' title='bbox 559 2181 623 2214; x_wconf 79' lang='lat' dir='ltr'><em>sed</em></span> <span class='ocrx_word' id='word_1_279' title='bbox 658 2180 702 2214; x_wconf 91' lang='lat' dir='ltr'><em>de</em></span> <span class='ocrx_word' id='word_1_280' title='bbox 727 2182 806 2216; x_wconf 84' lang='lat' dir='ltr'><strong>iure</strong></span> <span class='ocrx_word' id='word_1_281' title='bbox 842 2185 990 2229; x_wconf 86' lang='lat' dir='ltr'><strong>imperii</strong></span> <span class='ocrx_word' id='word_1_282' title='bbox 1023 2184 1172 2218; x_wconf 78' lang='lat' dir='ltr'><strong>Romani</strong></span> <span class='ocrx_word' id='word_1_283' title='bbox 1204 2196 1284 2218; x_wconf 89' lang='lat' dir='ltr'><em>cum</em></span> <span class='ocrx_word' id='word_1_284' title='bbox 1312 2186 1402 2230; x_wconf 88' lang='lat' dir='ltr'><strong>ipsis</strong></span> <span class='ocrx_word' id='word_1_285' title='bbox 1433 2186 1507 2219; x_wconf 83' lang='lat' dir='ltr'><strong>sibi</strong></span> 
     </span>
     <span class='ocr_line' id='line_1_33' title="bbox 51 2227 1508 2277; baseline 0.003 -15"><span class='ocrx_word' id='word_1_286' title='bbox 51 2229 334 2262; x_wconf 78' lang='lat' dir='ltr'><strong>controversiam</strong></span> <span class='ocrx_word' id='word_1_287' title='bbox 374 2239 462 2262; x_wconf 80' lang='lat' dir='ltr'><strong>csse.</strong></span> <span class='ocrx_word' id='word_1_288' title='bbox 511 2227 619 2261; x_wconf 82' lang='lat' dir='ltr'>Haud</span> <span class='ocrx_word' id='word_1_289' title='bbox 651 2229 747 2261; x_wconf 85' lang='lat' dir='ltr'><strong>enim</strong></span> <span class='ocrx_word' id='word_1_290' title='bbox 779 2241 860 2262; x_wconf 90' lang='lat' dir='ltr'><em>eum</em></span> <span class='ocrx_word' id='word_1_291' title='bbox 896 2232 1036 2264; x_wconf 81' lang='lat' dir='ltr'><strong>ratione</strong></span> <span class='ocrx_word' id='word_1_292' title='bbox 1069 2242 1290 2277; x_wconf 82' lang='lat' dir='ltr'><strong>congruere,</strong></span> <span class='ocrx_word' id='word_1_293' title='bbox 1324 2244 1404 2265; x_wconf 92' lang='lat' dir='ltr'><em>cum</em></span> <span class='ocrx_word' id='word_1_294' title='bbox 1432 2234 1508 2266; x_wconf 88' lang='lat' dir='ltr'><strong>sint</strong></span> 
     </span>
     <span class='ocr_line' id='line_1_34' title="bbox 50 2275 1507 2323; baseline 0.003 -15"><span class='ocrx_word' id='word_1_295' title='bbox 50 2275 213 2309; x_wconf 77' lang='lat' dir='ltr'><strong>advenae</strong></span> <span class='ocrx_word' id='word_1_296' title='bbox 248 2280 286 2309; x_wconf 81' lang='lat' dir='ltr'><em>et</em></span> <span class='ocrx_word' id='word_1_297' title='bbox 318 2287 339 2308; x_wconf 84' lang='lat' dir='ltr'>a</span> <span class='ocrx_word' id='word_1_298' title='bbox 365 2276 533 2309; x_wconf 79' lang='lat' dir='ltr'><strong>Romanis</strong></span> <span class='ocrx_word' id='word_1_299' title='bbox 561 2276 845 2320; x_wconf 77' lang='lat' dir='ltr'><strong>imperatoribus</strong></span> <span class='ocrx_word' id='word_1_300' title='bbox 870 2279 1061 2323; x_wconf 86' lang='lat' dir='ltr'><strong>complura</strong></span> <span class='ocrx_word' id='word_1_301' title='bbox 1097 2280 1281 2313; x_wconf 78' lang='lat' dir='ltr'><strong>consecuti</strong></span> <span class='ocrx_word' id='word_1_302' title='bbox 1307 2279 1507 2321; x_wconf 84' lang='lat' dir='ltr'><strong>beneficia,</strong></span> 
     </span>
     <span class='ocr_line' id='line_1_35' title="bbox 49 2323 1509 2371; baseline 0.002 -14"><span class='ocrx_word' id='word_1_303' title='bbox 49 2327 94 2357; x_wconf 85' lang='lat' dir='ltr'><em>ut</em></span> <span class='ocrx_word' id='word_1_304' title='bbox 118 2323 265 2357; x_wconf 82' lang='lat' dir='ltr'><strong>subesse</strong></span> <span class='ocrx_word' id='word_1_305' title='bbox 289 2333 329 2355; x_wconf 84' lang='lat' dir='ltr'><em>ae</em></span> <span class='ocrx_word' id='word_1_306' title='bbox 348 2333 475 2367; x_wconf 83' lang='lat' dir='ltr'><strong>parere</strong></span> <span class='ocrx_word' id='word_1_307' title='bbox 500 2323 578 2356; x_wconf 89' lang='lat' dir='ltr'><strong>iure</strong></span> <span class='ocrx_word' id='word_1_308' title='bbox 602 2323 741 2367; x_wconf 86' lang='lat' dir='ltr'><strong>optimo</strong></span> <span class='ocrx_word' id='word_1_309' title='bbox 768 2324 947 2366; x_wconf 88' lang='lat' dir='ltr'><strong>debeant,</strong></span> <span class='ocrx_word' id='word_1_310' title='bbox 970 2325 1089 2359; x_wconf 87' lang='lat' dir='ltr'><strong>adhuc</strong></span> <span class='ocrx_word' id='word_1_311' title='bbox 1118 2326 1351 2371; x_wconf 85' lang='lat' dir='ltr'><strong>impudenter</strong></span> <span class='ocrx_word' id='word_1_312' title='bbox 1377 2338 1482 2371; x_wconf 80' lang='lat' dir='ltr'><strong>agere</strong></span> <span class='ocrx_word' id='word_1_313' title='bbox 1498 2352 1509 2367; x_wconf 91' lang='lat'><strong><em>‚</em></strong></span> 
     </span>
     <span class='ocr_line' id='line_1_36' title="bbox 52 2369 1506 2419; baseline 0.001 -16"><span class='ocrx_word' id='word_1_314' title='bbox 52 2375 91 2403; x_wconf 86' lang='lat' dir='ltr'><em>et</em></span> <span class='ocrx_word' id='word_1_315' title='bbox 114 2371 202 2414; x_wconf 83' lang='lat' dir='ltr'><strong>ipsis</strong></span> <span class='ocrx_word' id='word_1_316' title='bbox 226 2369 459 2408; x_wconf 79' lang='lat' dir='ltr'><strong>nolentibus.</strong></span> <span class='ocrx_word' id='word_1_317' title='bbox 500 2370 642 2415; x_wconf 87' lang='lat' dir='ltr'><strong>aliquid</strong></span> <span class='ocrx_word' id='word_1_318' title='bbox 679 2369 725 2403; x_wconf 93' lang='lat' dir='ltr'><em>de</em></span> <span class='ocrx_word' id='word_1_319' title='bbox 750 2371 904 2416; x_wconf 85' lang='lat' dir='ltr'><strong>imperio</strong></span> <span class='ocrx_word' id='word_1_320' title='bbox 932 2373 1028 2406; x_wconf 86' lang='lat' dir='ltr'><strong>velle</strong></span> <span class='ocrx_word' id='word_1_321' title='bbox 1054 2373 1261 2418; x_wconf 80' lang='lat' dir='ltr'><strong>decerpere.</strong></span> <span class='ocrx_word' id='word_1_322' title='bbox 1308 2373 1432 2419; x_wconf 77' lang='lat' dir='ltr'><strong>Atque</strong></span> <span class='ocrx_word' id='word_1_323' title='bbox 1458 2373 1506 2407; x_wconf 90' lang='lat' dir='ltr'><em>ob</em></span> 
     </span>
     <span class='ocr_line' id='line_1_37' title="bbox 51 2415 1507 2465; baseline 0.003 -15"><span class='ocrx_word' id='word_1_324' title='bbox 51 2415 146 2450; x_wconf 83' lang='lat' dir='ltr'><strong>hanc</strong></span> <span class='ocrx_word' id='word_1_325' title='bbox 170 2427 312 2449; x_wconf 80' lang='lat' dir='ltr'><strong>causam</strong></span> <span class='ocrx_word' id='word_1_326' title='bbox 336 2418 460 2460; x_wconf 82' lang='lat' dir='ltr'><strong>magis,</strong></span> <span class='ocrx_word' id='word_1_327' title='bbox 475 2428 582 2461; x_wconf 82' lang='lat' dir='ltr'><strong>quam</strong></span> <span class='ocrx_word' id='word_1_328' title='bbox 609 2416 655 2449; x_wconf 90' lang='lat' dir='ltr'><em>ob</em></span> <span class='ocrx_word' id='word_1_329' title='bbox 682 2417 752 2450; x_wconf 88' lang='lat' dir='ltr'><strong>loci</strong></span> <span class='ocrx_word' id='word_1_330' title='bbox 778 2419 1105 2464; x_wconf 81' lang='lat' dir='ltr'><strong>possessionem,se</strong></span> <span class='ocrx_word' id='word_1_331' title='bbox 1131 2421 1178 2453; x_wconf 85' lang='lat' dir='ltr'><em>ad</em></span> <span class='ocrx_word' id='word_1_332' title='bbox 1203 2419 1341 2454; x_wconf 86' lang='lat' dir='ltr'><strong>bellum</strong></span> <span class='ocrx_word' id='word_1_333' title='bbox 1366 2432 1507 2465; x_wconf 80' lang='lat' dir='ltr'><strong>aggres-</strong></span> 
     </span>
     <span class='ocr_line' id='line_1_38' title="bbox 53 2463 1508 2509; baseline 0.003 -13"><span class='ocrx_word' id='word_1_334' title='bbox 53 2474 142 2496; x_wconf 74' lang='lat' dir='ltr'><strong>sum.</strong></span> <span class='ocrx_word' id='word_1_335' title='bbox 191 2463 300 2509; x_wconf 86' lang='lat' dir='ltr'><strong>Quod</strong></span> <span class='ocrx_word' id='word_1_336' title='bbox 338 2465 409 2497; x_wconf 86' lang='lat' dir='ltr'><strong>nisi</strong></span> <span class='ocrx_word' id='word_1_337' title='bbox 442 2463 605 2498; x_wconf 85' lang='lat' dir='ltr'><strong>iustitiae</strong></span> <span class='ocrx_word' id='word_1_338' title='bbox 642 2465 824 2505; x_wconf 81' lang='lat' dir='ltr'><strong>serviant,</strong></span> <span class='ocrx_word' id='word_1_339' title='bbox 852 2473 988 2500; x_wconf 85' lang='lat' dir='ltr'><strong>certum</strong></span> <span class='ocrx_word' id='word_1_340' title='bbox 1014 2467 1087 2500; x_wconf 86' lang='lat' dir='ltr'><strong>sibi</strong></span> <span class='ocrx_word' id='word_1_341' title='bbox 1113 2479 1190 2502; x_wconf 81' lang='lat' dir='ltr'><strong>esse</strong></span> <span class='ocrx_word' id='word_1_342' title='bbox 1207 2492 1216 2508; x_wconf 94' lang='lat'><strong>,</strong></span> <span class='ocrx_word' id='word_1_343' title='bbox 1240 2468 1381 2501; x_wconf 86' lang='lat' dir='ltr'><strong>tamdiu</strong></span> <span class='ocrx_word' id='word_1_344' title='bbox 1408 2479 1508 2500; x_wconf 80' lang='lat' dir='ltr'><strong>arma</strong></span> 
     </span>
     <span class='ocr_line' id='line_1_39' title="bbox 53 2511 1507 2559; baseline 0.003 -16"><span class='ocrx_word' id='word_1_345' title='bbox 53 2511 288 2550; x_wconf 84' lang='lat' dir='ltr'><strong>continuare,</strong></span> <span class='ocrx_word' id='word_1_346' title='bbox 315 2511 435 2556; x_wconf 86' lang='lat' dir='ltr'><strong>quoad</strong></span> <span class='ocrx_word' id='word_1_347' title='bbox 461 2522 521 2544; x_wconf 85' lang='lat' dir='ltr'><em>eos</em></span> <span class='ocrx_word' id='word_1_348' title='bbox 547 2511 734 2545; x_wconf 85' lang='lat' dir='ltr'><strong>deleverit.</strong></span> <span class='ocrx_word' id='word_1_349' title='bbox 785 2512 967 2557; x_wconf 81' lang='lat' dir='ltr'><strong>Quoniam</strong></span> <span class='ocrx_word' id='word_1_350' title='bbox 991 2525 1076 2548; x_wconf 83' lang='lat' dir='ltr'><strong>vero</strong></span> <span class='ocrx_word' id='word_1_351' title='bbox 1100 2515 1172 2559; x_wconf 90' lang='lat' dir='ltr'><strong>ipsi</strong></span> <span class='ocrx_word' id='word_1_352' title='bbox 1192 2516 1329 2548; x_wconf 84' lang='lat' dir='ltr'><strong>scelere</strong></span> <span class='ocrx_word' id='word_1_353' title='bbox 1352 2515 1507 2548; x_wconf 88' lang='lat' dir='ltr'><strong>desiste-</strong></span> 
     </span>
     <span class='ocr_line' id='line_1_40' title="bbox 0 2559 1507 2606; baseline 0.003 -16"><span class='ocrx_word' id='word_1_354' title='bbox 0 2566 2 2604; x_wconf 67' lang='lat'>1</span> <span class='ocrx_word' id='word_1_355' title='bbox 52 2562 158 2597; x_wconf 81' lang='lat' dir='ltr'><strong>rent,</strong></span> <span class='ocrx_word' id='word_1_356' title='bbox 186 2562 223 2591; x_wconf 88' lang='lat' dir='ltr'><em>et</em></span> <span class='ocrx_word' id='word_1_357' title='bbox 248 2568 342 2603; x_wconf 85' lang='lat' dir='ltr'><strong>quae</strong></span> <span class='ocrx_word' id='word_1_358' title='bbox 380 2560 605 2603; x_wconf 81' lang='lat' dir='ltr'><strong>rapuissent,</strong></span> <span class='ocrx_word' id='word_1_359' title='bbox 642 2568 683 2590; x_wconf 82' lang='lat' dir='ltr'><em>ea</em></span> <span class='ocrx_word' id='word_1_360' title='bbox 720 2559 991 2604; x_wconf 85' lang='lat' dir='ltr'><strong>relinquerent,</strong></span> <span class='ocrx_word' id='word_1_361' title='bbox 1027 2573 1094 2595; x_wconf 87' lang='lat' dir='ltr'><em>uec</em></span> <span class='ocrx_word' id='word_1_362' title='bbox 1127 2573 1164 2595; x_wconf 87' lang='lat' dir='ltr'><em>se</em></span> <span class='ocrx_word' id='word_1_363' title='bbox 1191 2563 1243 2595; x_wconf 87' lang='lat' dir='ltr'><em>rei</em></span> <span class='ocrx_word' id='word_1_364' title='bbox 1280 2563 1431 2606; x_wconf 81' lang='lat' dir='ltr'><strong>exiguae</strong></span> <span class='ocrx_word' id='word_1_365' title='bbox 1457 2563 1507 2595; x_wconf 83' lang='lat' dir='ltr'><strong>ita</strong></span> 
     </span>
     <span class='ocr_line' id='line_1_41' title="bbox 0 2605 1506 2654; baseline 0.004 -19"><span class='ocrx_word' id='word_1_366' title='bbox 0 2613 2 2645; x_wconf 45' lang='lat' dir='ltr'><strong>i</strong></span> <span class='ocrx_word' id='word_1_367' title='bbox 52 2614 215 2647; x_wconf 80' lang='lat' dir='ltr'><strong>magnam</strong></span> <span class='ocrx_word' id='word_1_368' title='bbox 243 2605 417 2638; x_wconf 82' lang='lat' dir='ltr'><strong>rationem</strong></span> <span class='ocrx_word' id='word_1_369' title='bbox 446 2605 657 2639; x_wconf 83' lang='lat' dir='ltr'><strong>habiturum</strong></span> <span class='ocrx_word' id='word_1_370' title='bbox 675 2630 684 2646; x_wconf 92' lang='lat'><strong><em>‚</em></strong></span> <span class='ocrx_word' id='word_1_371' title='bbox 706 2610 747 2638; x_wconf 86' lang='lat' dir='ltr'><em>ut</em></span> <span class='ocrx_word' id='word_1_372' title='bbox 770 2617 832 2640; x_wconf 86' lang='lat' dir='ltr'><em>eos</em></span> <span class='ocrx_word' id='word_1_373' title='bbox 857 2609 998 2652; x_wconf 88' lang='lat' dir='ltr'><strong>privet,</strong></span> <span class='ocrx_word' id='word_1_374' title='bbox 1019 2608 1117 2654; x_wconf 88' lang='lat' dir='ltr'><strong>quod</strong></span> <span class='ocrx_word' id='word_1_375' title='bbox 1143 2609 1290 2642; x_wconf 83' lang='lat' dir='ltr'><strong>illorum</strong></span> <span class='ocrx_word' id='word_1_376' title='bbox 1317 2605 1506 2652; x_wconf 83' lang='lat' dir='ltr'><strong>tantopere</strong></span> 
     </span>
     <span class='ocr_line' id='line_1_42' title="bbox 52 2650 1554 2701; baseline 0.003 -19"><span class='ocrx_word' id='word_1_377' title='bbox 52 2650 220 2691; x_wconf 80' lang='lat' dir='ltr'><strong>intersit,</strong></span> <span class='ocrx_word' id='word_1_378' title='bbox 254 2651 426 2697; x_wconf 80' lang='lat' dir='ltr'><strong>quodque</strong></span> <span class='ocrx_word' id='word_1_379' title='bbox 458 2654 563 2697; x_wconf 86' lang='lat' dir='ltr'><strong>longe</strong></span> <span class='ocrx_word' id='word_1_380' title='bbox 596 2653 746 2698; x_wconf 84' lang='lat' dir='ltr'><strong>plurimi</strong></span> <span class='ocrx_word' id='word_1_381' title='bbox 787 2654 940 2688; x_wconf 79' lang='lat' dir='ltr'><strong>saciant:</strong></span> <span class='ocrx_word' id='word_1_382' title='bbox 973 2657 1170 2701; x_wconf 81' lang='lat' dir='ltr'><strong>statimque</strong></span> <span class='ocrx_word' id='word_1_383' title='bbox 1200 2656 1277 2689; x_wconf 80' lang='lat' dir='ltr'><strong>filio</strong></span> <span class='ocrx_word' id='word_1_384' title='bbox 1304 2657 1505 2701; x_wconf 81' lang='lat' dir='ltr'><strong>praecipit,</strong></span> <span class='ocrx_word' id='word_1_385' title='bbox 1550 2665 1554 2668; x_wconf 87' lang='grc'><em>·</em></span> 
     </span>
     <span class='ocr_line' id='line_1_43' title="bbox 0 2692 1505 2746; baseline 0.003 -17"><span class='ocrx_word' id='word_1_386' title='bbox 0 2692 1 2701; x_wconf 69' lang='grc'>’</span> <span class='ocrx_word' id='word_1_387' title='bbox 53 2696 132 2730; x_wconf 86' lang='lat' dir='ltr'><strong>loco</strong></span> <span class='ocrx_word' id='word_1_388' title='bbox 159 2698 232 2731; x_wconf 72' lang='lat' dir='ltr'><strong>iui-</strong></span> <span class='ocrx_word' id='word_1_389' title='bbox 270 2699 447 2732; x_wconf 69' lang='lat' dir='ltr'><strong>attributo</strong></span> <span class='ocrx_word' id='word_1_390' title='bbox 484 2701 570 2734; x_wconf 88' lang='lat' dir='ltr'><strong>inde</strong></span> <span class='ocrx_word' id='word_1_391' title='bbox 602 2701 755 2734; x_wconf 88' lang='lat' dir='ltr'><strong>militem</strong></span> <span class='ocrx_word' id='word_1_392' title='bbox 792 2700 984 2735; x_wconf 87' lang='lat' dir='ltr'><strong>abducere.</strong></span> <span class='ocrx_word' id='word_1_393' title='bbox 1035 2703 1202 2736; x_wconf 79' lang='lat' dir='ltr'><strong>Galataei</strong></span> <span class='ocrx_word' id='word_1_394' title='bbox 1235 2703 1366 2746; x_wconf 82' lang='lat' dir='ltr'><strong>gratias</strong></span> <span class='ocrx_word' id='word_1_395' title='bbox 1399 2713 1505 2746; x_wconf 80' lang='lat' dir='ltr'><strong>agere</strong></span> 
     </span>
     <span class='ocr_line' id='line_1_44' title="bbox 0 2745 1503 2795; baseline 0.005 -20"><span class='ocrx_word' id='word_1_396' title='bbox 0 2755 2 2775; x_wconf 73' lang='lat'><strong>1</strong></span> <span class='ocrx_word' id='word_1_397' title='bbox 52 2753 133 2777; x_wconf 86' lang='lat' dir='ltr'><em>cum</em></span> <span class='ocrx_word' id='word_1_398' title='bbox 159 2745 357 2779; x_wconf 81' lang='lat' dir='ltr'><strong>innumeris</strong></span> <span class='ocrx_word' id='word_1_399' title='bbox 384 2746 556 2782; x_wconf 75' lang='lat' dir='ltr'><strong>laudibus</strong></span> <span class='ocrx_word' id='word_1_400' title='bbox 571 2773 581 2790; x_wconf 95' lang='lat'>‚</span> <span class='ocrx_word' id='word_1_401' title='bbox 603 2752 640 2782; x_wconf 90' lang='lat' dir='ltr'><em>et</em></span> <span class='ocrx_word' id='word_1_402' title='bbox 661 2745 708 2781; x_wconf 82' lang='lat' dir='ltr'><em>ad</em></span> <span class='ocrx_word' id='word_1_403' title='bbox 732 2747 848 2782; x_wconf 85' lang='lat' dir='ltr'><strong>filium</strong></span> <span class='ocrx_word' id='word_1_404' title='bbox 874 2749 952 2784; x_wconf 83' lang='lat' dir='ltr'><strong>eius</strong></span> <span class='ocrx_word' id='word_1_405' title='bbox 976 2754 1060 2795; x_wconf 77' lang='lat' dir='ltr'><strong>post</strong></span> <span class='ocrx_word' id='word_1_406' title='bbox 1082 2751 1201 2787; x_wconf 87' lang='lat' dir='ltr'><strong>locum</strong></span> <span class='ocrx_word' id='word_1_407' title='bbox 1225 2750 1323 2784; x_wconf 83' lang='lat' dir='ltr'><strong>iussu</strong></span> <span class='ocrx_word' id='word_1_408' title='bbox 1350 2754 1503 2795; x_wconf 79' lang='lat' dir='ltr'><strong>paterno</strong></span> 
     </span>
    </p>
   </div>
  </div>
 </body>
</html>
