1800 3164
540 162 917 208 HISTORIARUM
959 169 1028 207 lv.
1056 172 1099 216 9.
1451 149 1518 204 61

18 276 27 283 ’“
78 264 183 317 »τοὺς
206 266 356 321 ’ἔκτῆς
384 264 560 322 ἑσπέρας
587 266 696 321 ἔχων
723 269 974 324 ἀρχιερέας,
1015 268 1096 322 ἐγώ
1127 269 1172 310 δὲ
1200 267 1297 319 τούς
1324 267 1527 325 πατριάρ-
1540 274 1578 309 Δ.
1592 273 1632 310 C.
1649 275 1733 320 ¹347

87 348 171 386 χας
207 331 280 373 καί
312 330 411 381 τούς
438 332 511 373 ὑπ’
540 333 684 382 αὐτοῖς
714 332 1214 382 τελοῦνταςὲπισκόπους.
1271 334 1454 376 πιστεύω
1483 337 1530 378 δὲ

72 400 186 453 θεῷ,
213 396 270 446 ὥς
303 394 539 453 ἀπράκτους
565 398 677 452 ἡμᾶς
709 402 953 441 ἐπανελθεῖν
981 401 1055 441 ουίι
1076 400 1206 454 ἐάσει,
1226 400 1332 442 οἷλλιὶ
1353 403 1404 457 τῇ
1423 406 1572 457 σφε-1)

89 465 188 520 τέρᾳ
213 462 475 519 χρησάμενος
503 463 812 523 φιλανθρωπίᾳ,
844 464 1039 520 ὁδηγήσει
1066 466 1174 521 ἡμᾶς
1201 469 1258 515 εἰς
1288 469 1427 513 πᾶσαν
1454 465 1531 520 την

38 530 76 570 v25
90 525 306 583 ἀλήθειαν.
367 527 439 570 ἐπὶ
454 531 566 572 τέλει
585 531 632 571 δὲ
661 532 733 572 καί
756 532 872 572 τοῦτο
903 534 1154 586 προσετίθει,
1187 532 1259 585 ὥς,
1290 533 1330 574 εἰ
1358 529 1530 586 ἇρεστὸν

88 591 154 649 εἴη
181 593 296 652 πάπᾳ
324 593 395 650 τὴν
423 593 598 637 σύνοδον
625 597 972 651 συγκροτηθῆναι,
1003 598 1182 651 τάχιστα
1205 594 1333 646 αὖθις
1352 600 1529 650 πέμπειν

33 678 38 686 ·
88 658 280 714 ἀγγελίαν
306 659 412 716 πρὸς
439 660 582 714 αὐτὸν,
611 657 678 703 ὅτι
703 677 747 703 τε
778 663 974 703 συνέθετο
991 662 1245 717 μηνύουσαν,
1276 662 1349 705 καὶ
1367 661 1440 705 τὸν
1459 661 1531 704 τό-

86 741 164 767 πον
193 724 266 767 καί
294 724 365 768 τὸν
404 724 579 782 χρόνον,
618 729 663 769 ἐν
700 721 732 785 (ᾗ
764 729 969 783 προσῆκον
996 732 1222 773 συνελθεῖν.
1280 730 1354 770 οὐκ
1386 731 1526 783 ὀλίγου

84 789 166 846 γὰρ
195 791 420 847 δεήσεσθαι
449 791 604 848 χρόνου
634 795 706 835 καί
735 793 879 847 αὐτὸν,
913 792 1010 842 τούς
1035 810 1080 836 τε
1109 792 1374 850 πατριάρχας
1400 811 1528 847 μετα-

0 871 71 918 3⁴¹⁰
86 856 345 910 πεμπόμενον
371 857 444 900 καί
470 857 566 908 τούς
594 853 745 909 ἄλλους
774 858 1040 908 ἐπισκόπους.
1095 861 1269 902 τοιαῦτα
1295 861 1373 912 μὲν
1401 859 1421 902 ὃ
1449 863 1528 914 βα-

0 919 2 923 ’
83 919 224 971 σιλεύς
250 921 356 978 πρὸς
382 923 455 979 τὴν
482 927 706 979 πρεσβείαν
732 923 848 983 ποίπᾳ
868 921 1128 981 ἀπεκρίνατο.
1184 925 1258 967 καί
1272 924 1408 967 ἐδόκει
1425 926 1521 979 βέλ-

83 1004 198 1030 τιστα
219 993 304 1037 τοῖς
331 993 672 1044 πρεσβευομένοις
707 989 956 1043 ἐπισκόποις,
991 989 1035 1032 οἳ
1059 993 1220 1033 πολλῶν
1247 990 1448 1047 πρότερόν
1480 1007 1526 1033 τε

81 1055 155 1095 καί
182 1052 403 1107 μέλλοντες
434 1057 668 1111 α’ναχωρεῖν
696 1055 812 1112 παρὰ
851 1058 1057 1110 βασιλέως
1088 1057 1339 1113 εὐεργεσιῶν
1378 1057 1526 1112 τυχόν-

81 1134 166 1173 τες,
194 1121 364 1175 οἶπῆραν
390 1119 495 1176 πρὸς
521 1120 596 1176 τὴν
624 1123 801 1164 οἰκείαν·
856 1124 930 1164 καί
959 1120 1286 1178 παραγενόμενοι
1312 1121 1416 1178 πρὸς
1443 1122 1523 1165 ποί-
1536 1129 1571 1164 Ρ.
1586 1129 1650 1174 737

0 1188 67 1242 *15
82 1200 193 1237 παν,
235 1183 314 1239 τήν
354 1201 399 1227 τε
438 1189 665 1240 πρεσβείαν
706 1186 974 1242 ἀπήγγελλον,
1004 1187 1078 1229 καί
1107 1186 1286 1238 πολλοὺς
1314 1188 1527 1246 διεξῄεσαν

78 1250 280 1299 ἐπαίνους
321 1249 425 1307 ὑπὲρ
471 1254 678 1305 βασιλέως
720 1252 792 1295 καὶ
830 1251 907 1302 τιίς
938 1255 1226 1308 γεγραμμένας
1264 1254 1525 1311 ἐφημερίδας

79 1316 395 1364 ἐπιδεικνύντες.
462 1317 603 1366 πάπας
648 1319 694 1359 δὲ
732 1319 804 1360 καί
831 1317 954 1368 αὐτὸς
985 1318 1088 1374 πρὸς
1116 1319 1190 1374 τὴν
1226 1321 1402 1362 σύνοδον
1441 1321 1525 1376 φά-

76 1396 200 1434 μενος
232 1379 364 1436 ἦδέως
404 1381 538 1436 ἔχειν,
578 1381 734 1436 ἔπεμπε
762 1383 867 1426 κατὰ
897 1383 1025 1438 τάχος
1053 1383 1150 1434 τούς
1177 1387 1375 1441 ἐροῦντας
1401 1389 1524 1439 βασι-

78 1451 158 1500 λεῖ’,
185 1447 244 1496 ὥς
265 1449 403 1503 δοκοίη
431 1451 502 1490 καί
531 1449 647 1507 αὐτῷ
666 1451 855 1505 βελτίστη
884 1450 909 1505 ἦ
937 1454 1195 1505 παραίνεσις,
1229 1452 1301 1492 καί
1325 1449 1400 1506 την
1427 1469 1525 1494 συν-

7 1529 65 1559 ⁵20
80 1515 242 1555 ε’λευσιν
267 1515 351 1555 τῶν
380 1512 616 1556 ἐπισκόπων
652 1521 810 1557 ποιοῖτο
852 1517 951 1570 περί
986 1517 1196 1559 πλείστου.
1255 1518 1346 1558 δέον
1384 1519 1526 1570 μέντοι

76 1577 178 1627 τούς
216 1578 288 1621 ὑπ’
319 1578 445 1622 αὐτόν
473 1578 658 1629 ἅπαντας
685 1583 929 1635 γενομένους
959 1582 1003 1623 ἐν
1030 1578 1165 1639 ταύτῷ
1183 1614 1195 1636 ,
1222 1581 1349 1625 τόπον
1379 1600 1423 1625 τε
1451 1601 1524 1625 κυ-

76 1646 182 1698 ροῦν
207 1647 280 1686 καί
292 1643 460 1700 χρόνον,
491 1647 590 1688 καθ’
619 1643 666 1688 ὃν
694 1646 823 1689 ἔσται.
880 1648 929 1688 οὗ
955 1651 1110 1689 πολλοῦ
1130 1650 1175 1690 δὲ
1194 1646 1351 1703 χρόνου
1369 1654 1521 1706 παρελ-

75 1709 225 1759 θόντος
252 1712 297 1752 ἐν
325 1714 383 1767 τῷ
412 1712 591 1766 μεταξὺ,
631 1714 858 1767 γράμματα
886 1709 1016 1761 αὖθις
1047 1709 1119 1767 ἧκε
1147 1714 1250 1769 πρὸς
1289 1712 1360 1756 τόν
1399 1718 1523 1767 βασι-

75 1777 151 1816 λέα
189 1775 305 1831 παρὰ
347 1776 490 1829 πάπα,
530 1780 602 1832 τῆς
633 1775 810 1819 συνόδου
841 1777 916 1832 τὴν
943 1775 1167 1834 ὑπέρθεσιν
1196 1777 1255 1833 μή
1287 1781 1421 1822 δοκεῖν
1449 1780 1523 1821 ὑπ’

12 1844 63 1885 25
77 1842 274 1894 α’μελειάς
298 1841 490 1896 γίνεσθαι
520 1844 734 1898 δηλοῦντα.
801 1837 933 1885 αὐτὸν
963 1844 1042 1897 μὲν
1069 1842 1144 1900 γὰρ
1172 1840 1386 1900 προῦργου
1417 1855 1557 1887 παν-Β

72 1979 153 2024 pis,
190 1989 253 2022 ego
277 1990 354 2012 cum
380 1976 591 2023 patriarchis
618 1987 814 2023 eorumque
835 1977 1023 2023 episcopis.
1074 1977 1118 2010 Et
1142 1978 1178 2010 in
1200 1989 1262 2023 spe
1287 1989 1377 2020 snm,
1403 1980 1520 2014 Deum

73 2025 300 2071 benignitate
324 2037 386 2059 sna
411 2025 647 2058 adducturum
673 2035 739 2058 nos
762 2025 801 2057 in
825 2035 966 2058 omnem
992 2024 1204 2063 veritatem,
1234 2037 1300 2058 uec
1323 2028 1521 2070 permissu-

74 2083 169 2113 rum,
196 2077 238 2105 ut
261 2073 405 2118 negotio
430 2072 564 2105 infecto
593 2076 822 2105 revertamur.
871 2071 924 2103 Ad
944 2076 1143 2104 extremum
1168 2069 1315 2112 adiecit,
1341 2073 1371 2106 si
1403 2085 1519 2119 papae

72 2119 234 2163 placeret
257 2119 430 2162 synodum
456 2118 590 2163 colligi,
615 2118 802 2151 celerrime
830 2117 875 2150 ad
900 2129 937 2150 se
960 2118 1129 2151 nuntium
1157 2118 1344 2162 mitteret,
1379 2122 1443 2166 qui
1468 2132 1519 2162 se,

74 2170 112 2198 et
137 2167 307 2199 annuisse
332 2166 455 2206 illum,
489 2171 526 2198 et
557 2164 600 2197 de
629 2166 706 2197 loco
739 2175 779 2197 ac
806 2169 990 2208 tempore,
1017 2163 1163 2210 quando
1197 2169 1232 2196 et
1269 2166 1332 2199 ubi
1368 2176 1522 2211 congre-

72 2211 148 2255 gari
173 2211 355 2252 debeant,
392 2212 580 2245 certiorem
608 2211 761 2244 faceret:
795 2210 867 2242 sibi
893 2211 988 2243 enim
1028 2211 1074 2244 ad
1102 2211 1322 2256 patriarchas
1353 2213 1519 2258 aliosque

73 2259 260 2304 episcopos
284 2258 531 2292 convocandos
557 2269 656 2291 mora
680 2257 842 2300 longiore
871 2267 960 2302 opus
987 2257 1077 2293 fore.
1127 2259 1224 2291 Haec
1250 2259 1443 2303 imperator
1472 2261 1520 2292 ad

72 2305 290 2348 legationem
315 2317 453 2350 papae,
492 2314 585 2350 quae
609 2304 716 2349 legati
742 2304 902 2348 episcopi
931 2303 1164 2337 vehementer
1193 2307 1458 2350 approbantes,
1483 2312 1521 2340 et

72 2362 152 2384 cum
178 2358 297 2392 antea,
325 2358 400 2384 tum
426 2351 629 2391 discessuri,
656 2350 776 2383 multis
803 2350 847 2383 ab
875 2362 916 2383 eo
942 2351 1151 2384 muneribus
1175 2351 1284 2391 culti,
1310 2353 1348 2385 in
1376 2353 1521 2386 ltaliam

71 2398 279 2432 redierunt:
307 2410 347 2431 ac
374 2399 535 2443 pontifici
562 2398 780 2442 legationem
808 2397 1078 2437 renuntiantes,
1115 2398 1239 2431 multis
1265 2399 1520 2443 imperatorem

71 2443 241 2478 laudibus
276 2446 551 2490 praedicarunt,
581 2448 819 2488 exaratasque
855 2455 873 2476 a
907 2455 945 2476 se
981 2444 1230 2488 ephemeridas
1269 2445 1519 2481 ostenderunt.

70 2491 165 2535 Papa
194 2498 230 2525 et
255 2493 343 2536 ipse,
370 2504 442 2525 non
471 2503 508 2524 se
541 2502 561 2523 a
587 2491 725 2535 synodo
750 2490 958 2530 abhorrere,
991 2491 1189 2530 consessuS,
1216 2491 1384 2526 celeriter
1407 2494 1519 2533 misit,

70 2538 137 2582 qui
162 2538 195 2570 ei
223 2538 398 2579 dicerent,
425 2538 614 2571 consilium
640 2537 717 2570 eius
751 2547 789 2569 se
812 2537 916 2569 valde
938 2538 1119 2582 amplecti,
1144 2543 1361 2571 conventum
1378 2540 1520 2583 episco-

72 2596 199 2631 porum
227 2587 297 2619 sibi
336 2595 412 2618 esse
446 2586 483 2618 in
518 2583 763 2629 optatissimis.
814 2583 981 2616 Ceterum
1007 2584 1196 2629 episcopos
1224 2596 1306 2618 suos
1331 2596 1454 2620 omnes
1479 2587 1518 2618 in

72 2642 182 2664 unum
207 2637 455 2676 congregatos,
493 2632 610 2664 locum
648 2635 685 2663 et
709 2635 847 2676 tempus
880 2629 1019 2673 synodo
1047 2631 1210 2675 agundae
1236 2633 1423 2665 nominare
1449 2633 1513 2664 de-

69 2675 165 2711 bere.
218 2679 362 2713 Interim
399 2677 497 2711 haud
523 2678 637 2709 multo
675 2681 757 2721 post
795 2688 934 2710 rursum
970 2689 988 2709 a
1016 2688 1107 2722 papa
1135 2677 1277 2710 litterae
1303 2679 1511 2723 imperatori

70 2722 282 2766 redduntur,
315 2723 449 2771 quibus
473 2723 702 2765 monebatur,
729 2728 770 2756 ut
792 2723 1155 2770 procrastinationem
1181 2725 1308 2767 synodi
1327 2726 1512 2770 negligen-
