1800 3164
522 172 898 214 HISTOMARUM
941 175 1010 214 lv.
1039 177 1106 219 33.
1209 184 1217 188 ·
1424 155 1532 222 243

94 355 160 389 νος
189 342 349 393 καλῶς,
390 336 446 388 ὦς
484 339 668 392 μάλιστα
696 342 827 396 ἑνῆν,)
859 338 1017 394 ἔπεμπέ
1046 357 1092 383 τε
1130 341 1202 382 κατ’
1229 339 1335 396 πρὸς
1362 343 1541 394 βασιλέα

93 403 165 448 τὸν
202 406 366 460 πατέρα
412 403 513 454 τούς
552 401 615 446 ὅτι
658 404 921 461 δηλώσοντας
961 405 1044 447 ὑπὸ
1087 406 1293 460 βασιλέως
1323 408 1400 448 τοῦ
1432 422 1540 459 γαμ-

91 473 198 527 βροῦ
225 476 503 525 πολιορκοῖτο.
556 471 757 526 βασιλεύς
787 474 833 513 δὲ
863 471 885 513 ὅ
916 474 1006 521 νέος
1037 472 1129 515 ἐπεὶ
1153 471 1228 527 την
1258 469 1380 514 πόλιν
1409 469 1539 526 εἶχεν,

31 533 204 595 ξδᾶγων
233 535 304 580 τὸν
334 539 464 591 δῆμον
504 541 579 580 καί
627 537 703 592 τήν
733 535 940 593 ἑπομένην
969 538 1198 593 στρατιὰν,
1241 537 1312 580 τὸν
1343 537 1542 593 γυναικὸς

93 603 279 659 α’δελφὸν
307 602 542 659 ἐπολιόρκει
572 602 674 658 πρὸς
700 603 774 659 τὴν
802 599 935 659 ἄκραν
988 605 1062 647 καί
1108 607 1382 659 τειχομαχίας
1429 606 1544 646 ἑποι-

95 675 178 712 εἴτο
214 672 462 725 καθημέραν
518 668 832 725 καρτερωτάτας
871 671 916 711 ἐκ
957 671 1170 726 διαδοχῆς.
1240 670 1417 713 ἔσπευδε
1461 669 1543 726 γὰρ

94 738 193 791 πρὶν
224 738 404 790 βασιλέα
435 733 550 791 ἥκειν
577 734 649 777 τὸν
679 733 882 791 κηδεστήν
901 735 1261 791 παραστήσασθαι
1288 736 1364 792 την
1396 732 1544 793 ἄκραν.

93 801 234 844 ἀνύειν
283 802 330 843 δὲ
364 801 569 858 ἠδύναντο
621 803 772 854 οὐδὲν,
804 805 888 844 τῶν
928 801 1045 844 ἔνδον
1086 803 1290 856 εὐψύχως
1335 803 1546 856 ἀμυνομέ-

13 866 172 914 'jovam
213 869 286 910 καί
325 866 430 924 πρὸς
470 866 547 923 τὴν
578 867 820 922 πολιορκίαν
860 868 1187 924 καρτερούντων.
1245 869 1588 923 Ἀδριανουπο-Ι)

90 934 213 976 λιτῶν
250 935 298 976 δὲ
329 931 350 974 ὃ
397 935 531 989 δῆμος
595 934 646 976 ου’
681 931 807 987 μόνον
851 935 1121 988 τειχομαχῶν
1161 934 1370 990 ὁσημέραι
1414 938 1548 989 λυπη-

90 998 165 1056 ρός
191 1002 252 1057 τῷ
276 1002 484 1052 βασιλέως
512 995 564 1055 ἦν
590 999 695 1059 υἱῷ,
725 1000 833 1043 ἀλλὰ
863 1003 936 1045 καί
975 1000 1262 1042 ἀποσκώπτων
1301 1001 1362 1050 εἰς
1395 1003 1550 1043 ἐκεῖνον

88 1067 162 1108 καί
204 1063 310 1121 πρὸς
344 1064 470 1121 ὕβριν
495 1066 849 1123 προσφερόμενος.
913 1065 1016 1109 ἔνιοι
1055 1067 1102 1107 δὲ
1141 1067 1299 1118 αὐτῶν,
1341 1063 1434 1109 ὅσοι
1479 1065 1553 1108 καὶ

86 1131 270 1185 μάλιστα
312 1134 472 1182 δύσνους
500 1130 644 1186 εἶχον,
689 1135 763 1175 καί
801 1134 958 1189 πικρῶς
997 1135 1285 1188 ἐλοιδοροῦντο
1333 1134 1405 1176 καὶ
1445 1131 1550 1188 πρὸς

18 1197 234 1254 ·15ὑ’βρεις
294 1199 551 1254 ἐξετρέποντο
605 1195 922 1255 ἀνελευθέρους.
1014 1197 1367 1255 Καντακουζηνὸς
1412 1201 1458 1241 δὲ
1525 1197 1550 1239 ὅ

68 1262 286 1324 βασιλευς
328 1265 420 1306 ἐπει
455 1265 632 1306 πύθοιτο
675 1263 1026 1321 πολιορκούμενον
1066 1265 1137 1309 τὸν
1178 1264 1291 1318 υἱὸν,
1327 1283 1396 1308 και
1442 1264 1548 1319 πρό-

84 1345 203 1384 τερον
258 1334 648 1411 παρεσκευασμένος
704 1328 763 1373 ω“ν
805 1348 874 1373 επι
924 1330 1000 1410 τὴν
1041 1330 1213 1383 ἔξοδον,
1256 1328 1410 1387 ἐχώρει
1439 1348 1544 1373 κατα

27 1434 30 1436 .
83 1395 209 1449 τάχος
259 1398 332 1439 ἐπὶ
385 1412 460 1451 την
495 1398 744 1452 Ἀδριανοῦ,
783 1414 987 1453 στρατιαν
1038 1414 1083 1439 τε
1127 1397 1357 1475 “Ρωμαι’ων
1407 1413 1545 1450 αγων,

86 1458 148 1510 οἷς
183 1462 366 1515 μάλιστα
395 1461 597 1519 ὲθάρὄι,
638 1463 710 1504 καί
739 1461 959 1519 Περσικην
1002 1463 1174 1527 ὀλίγην,
1204 1480 1256 1518 ην
1281 1461 1488 1518 Ὀρχανης
1522 1460 1545 1503 ὅ

23 1526 270 1584 ὀγαμβρός
317 1529 552 1583 παρέσχετο
583 1528 815 1584 αἰτησαντι.
874 1529 947 1571 ἐπὶ
971 1528 1134 1579 τούτοις
1164 1532 1210 1572 δὲ
1240 1546 1308 1571 και
1339 1527 1466 1582 λόχον
1496 1531 1542 1571 ἐκ

85 1594 364 1648 Κατελανων,
394 1597 432 1638 οι
464 1592 732 1637 ὑπελείποντο
758 1598 802 1637 έν
831 1597 1051 1654 Βυζαντίῳ
1095 1595 1176 1638 ἀπὸ
1203 1596 1284 1637 τῶν
1322 1598 1542 1649 τριηρέων.

83 1659 282 1714 βασιλεύς
325 1662 372 1702 δὲ
412 1659 434 1702 ὅ
473 1661 563 1709 νέος
612 1660 705 1703 ἐπεὶ
754 1660 933 1703 πύθοιτο
979 1663 1159 1715 βασιλέα
1201 1661 1239 1702 οἱ
1270 1659 1437 1703 ἐπιόντα
1469 1660 1543 1702 τὸν

85 1795 205 1839 λιστα
233 1793 533 1847 κατεχομένης,
573 1793 728 1843 δείσας,
774 1789 833 1846 μη
876 1792 1054 1834 αύτόθεν
1095 1791 1248 1850 ῥαδίως
1276 1791 1487 1833 ἁλίσκοιτο
1517 1793 1540 1847 ἡ

21 1858 72 1899 25
86 1857 235 1912 πόλις,
267 1855 468 1914 πρότερον
499 1859 633 1916 ἡμέρᾳ
666 1861 746 1914 μιᾷ
775 1857 1042 1912 καταλιπών,
1082 1859 1140 1908 εἰς
1167 1856 1244 1912 την
1283 1857 1538 1912 Τζερνομιά-

87 1974 208 1998 secum
232 1961 392 2003 babens,
419 1973 536 1995 arcem
552 1988 561 2004 ,
587 1963 645 1997 cui
670 1964 772 2007 prius
803 1969 1042 1996 commeatum
1067 1963 1291 2007 imposuerat
1307 1987 1315 2003 ,
1341 1973 1538 2009 quamque,

86 2016 128 2044 ut
152 2011 283 2051 licuit,
313 2010 594 2055 diligentissime
633 2012 941 2050 communiverat,
975 2010 1133 2050 insedit,
1166 2010 1349 2055 missoque
1389 2011 1434 2043 ad
1470 2022 1539 2054 pa·

85 2062 176 2091 trem
202 2058 357 2099 nuntio,
384 2068 422 2091 se
449 2069 469 2090 a
493 2067 624 2102 genero
653 2057 768 2102 ipsius
794 2057 988 2091 obsidione
1019 2057 1147 2090 vallari
1186 2057 1414 2102 significavit.
1465 2057 1536 2088 Im-

113 2109 232 2139 erator
255 2111 375 2138 autem
403 2105 639 2149 Palaeologus
667 2115 746 2137 eam
773 2105 938 2149 quotidie
964 2115 1101 2137 summa
1129 2115 1220 2150 ope,
1255 2103 1536 2137 succedentibus

85 2116 242 2186 fnvicem
264 2150 466 2191 militibus,
491 2151 735 2197 oppugnabat.
795 2150 1006 2185 Maturabat
1042 2152 1160 2191 enim,
1192 2151 1400 2196 priusquam
1435 2162 1538 2183 socer

85 2199 250 2240 veniret,
275 2211 354 2233 eam
380 2198 558 2243 subigere.
607 2198 867 2231 Verumtamen
896 2198 960 2244 qui
984 2199 1083 2232 intus
1110 2203 1212 2231 erant
1235 2197 1378 2231 fortiter
1402 2207 1465 2241 pro
1495 2208 1536 2230 ca

28 2270 32 2275 .
112 2246 399 2291 repugnantibus
449 2251 487 2279 et
528 2245 758 2279 obsidioncm
792 2244 1080 2290 perferentibus,
1116 2246 1295 2278 incassum
1332 2244 1534 2278 laborabat.

84 2253 243 2337 Eopulus
277 2293 625 2337 Adrianopolitanus
666 2303 739 2326 non
769 2293 885 2325 solum
921 2292 1076 2326 assiduis
1101 2292 1437 2337 oppugnationibus
1462 2292 1534 2325 im-

86 2341 264 2383 peratoris
290 2341 367 2374 filio
392 2339 573 2381 instabat,
601 2339 665 2373 sed
690 2345 727 2373 et
744 2338 916 2372 conviciis
941 2341 1045 2373 illum
1081 2345 1117 2373 ct
1153 2339 1317 2373 dicteriis
1343 2343 1534 2372 contume-

30 2419 32 2423 ,
85 2386 177 2420 liose
216 2387 421 2432 appetebat.
470 2386 627 2431 Quidam
661 2388 768 2419 ctiam
802 2387 841 2418 in
866 2386 969 2419 illum
1003 2386 1342 2420 malevolentissimi
1368 2386 1533 2419 acerbius

87 2433 122 2466 ei
169 2438 206 2467 et
241 2432 459 2467 illiberalius
496 2433 771 2467 maledicebant.
821 2432 1092 2467 Cantacuzenus
1124 2433 1188 2467 ubi
1214 2434 1329 2466 lilium
1372 2432 1533 2466 obsideri

41 2477 47 2484 '
86 2480 299 2521 intellexit,
331 2481 403 2514 iam
442 2486 527 2514 ante
552 2481 598 2514 ad
624 2483 694 2514 iter
720 2485 889 2525 paratus,
922 2480 1200 2525 Adrianopolim
1227 2492 1373 2514 manum
1404 2482 1534 2513 Roma-

87 2537 238 2566 norum,
266 2527 305 2561 in
331 2527 467 2574 quibus
494 2529 527 2562 ei
554 2528 710 2561 maxima
735 2527 891 2569 fiducia,
924 2533 962 2562 et
997 2528 1118 2562 Persas
1144 2538 1296 2571 paucos,
1341 2537 1434 2572 quos
1471 2538 1533 2559 ro-

89 2573 187 2617 ganti
222 2574 404 2609 Orchanes
442 2586 551 2619 gener
575 2576 742 2615 miserat,
773 2585 815 2608 ac
839 2579 981 2620 praeter
1004 2574 1071 2608 hos
1099 2574 1286 2609 cohortem
1314 2586 1359 2607 ex
1386 2574 1530 2607 Catala-

48 2662 54 2668 ῃ
88 2621 168 2661 nis,
203 2621 267 2666 qui
298 2633 343 2655 ex
376 2621 588 2656 triremibus
622 2622 782 2665 Byzantii
807 2626 1070 2663 remanserant,
1097 2632 1216 2654 secum
1242 2620 1381 2654 habens
1405 2630 1532 2653 accur-

89 2666 148 2699 rit.
197 2666 430 2714 Palaeologus
463 2680 626 2703 socerum
667 2668 836 2703 adversus
875 2679 912 2702 se
938 2669 1109 2708 infestum
1140 2669 1264 2702 venire
1297 2677 1533 2717 cognosceus,

91 2722 172 2745 cum
195 2722 259 2758 par
285 2715 329 2749 ad
354 2725 510 2761 pugnam
535 2727 610 2749 non
643 2721 760 2755 esset,
798 2720 835 2748 ct
872 2726 935 2748 arx
959 2716 1133 2749 acerrime
1170 2714 1454 2753 defenderetur,
1484 2713 1533 2744 ti-

90 2763 291 2805 meretque,
312 2773 359 2797 nc
384 2762 550 2809 protinus
578 2762 662 2798 urbs
689 2768 939 2808 occuparetur,
952 2762 1073 2809 pridie
1099 2772 1139 2796 ea
1166 2761 1304 2802 relicta,
1329 2759 1534 2793 Zernomia-

95 273 298 332 πρότερον
325 273 377 315 τά
408 288 454 314 τε
480 273 695 328 ἐπιτήδεια
724 275 946 328 ἐνθέμενος
973 278 1044 318 καί
1068 270 1202 317 τᾶλλα
1232 275 1537 327 ἐπεσκευασμέ-
1550 282 1639 317 A.C.
1660 282 1743 318 1353

85 1725 286 1781 κηδεστήν
313 1760 326 1780 ,
366 1721 502 1775 ἄλλως
526 1742 570 1768 τε
605 1723 680 1767 οὐκ
710 1726 942 1780 ἀξιόμαχος
970 1722 1056 1781 ὢν,
1100 1726 1174 1768 καί
1199 1729 1272 1781 τῆς
1299 1722 1431 1781 ἄκρας
1458 1725 1542 1780 μα’»
1555 1737 1588 1774 Ρ.
1614 1738 1681 1782 842
