1794 3158
396 132 470 173 AD
510 131 880 174 cANTACthENi
925 134 1023 173 mn.
1047 135 1080 173 1.
1341 116 1406 180 ίμ
1428 134 1445 167 1

30 243 140 280 tuam
172 234 322 274 Mariae
350 234 526 286 virginis.
580 233 697 272 Subit
724 236 898 274 mentem
936 232 1038 274 illud
1062 247 1107 273 ex
1137 246 1172 272 π.
1204 233 1375 273 Aeneid.
1405 233 1457 273 de

30 284 196 333 Hecuba
227 297 266 329 et
294 288 468 340 filiabus,
499 295 615 328 nocte
639 288 705 328 illa
734 303 918 342 suprema
962 297 1002 328 et
1030 288 1319 328 funestissima:
1369 288 1455 327 Ae-

29 345 140 398 dibus
191 345 234 384 in
279 344 418 383 mediis
470 343 648 399 nudoque
699 345 764 383 sub
817 346 983 384 aether-zze
1038 358 1119 383 axe
1166 349 1242 386 etc.
1324 341 1456 382 Aliter

28 400 175 454 ethnici
213 398 290 438 hoc
328 397 524 437 faciebant
541 428 552 446 ‚
594 407 640 438 ut
675 399 896 438 calamitate
927 401 970 438 in
998 412 1142 453 magna
1167 398 1332 438 deorum
1359 412 1455 437 suo-

26 464 120 506 mm
158 461 306 494 statuas
335 453 640 506 supplicabundi
684 453 1041 507 amplecterentur,
1091 453 1205 493 aliter
1248 468 1320 494 nos
1346 453 1454 492 idem

25 516 253 562 sanctorum
280 508 534 562 imaginibus,
560 509 683 562 signis
702 539 714 560 ,
742 510 905 559 statuis,
934 508 1111 563 reliquiis
1135 509 1327 558 facimus,
1361 522 1454 547 cum

26 564 78 617 ad
105 578 152 603 ea
179 576 284 617 genu
310 563 517 610 flectimus,
546 564 630 616 ipsa
657 563 933 616 amplectimur
959 572 998 603 et
1025 564 1323 603 exosculamur:
1351 564 1454 603 sicut

25 617 104 670 ¹alia
123 619 249 658 multa
274 633 511 665 exercemus,
543 621 576 657 si
606 633 688 657 non
709 617 787 658 alio
805 618 941 669 modo,
972 618 1050 658 alio
1074 626 1178 658 certe
1202 620 1280 658 fine
1300 634 1346 658 ac
1358 617 1453 657 reli-

22 674 158 727 gione,
189 688 309 727 quam
337 675 412 726 ipsi
433 673 691 713 factitarunt:
722 673 920 727 inquibus
938 673 1083 713 frustra
1097 674 1149 712 ab
1177 673 1453 727 insipientibus

18 735 61 768 et
89 728 257 768 indoctis
283 727 515 767 mortalibus
542 742 616 781 pro
642 727 863 769 idololatris
878 729 1216 782 reprehendimur.
1251 743 1423 769 PONTAN.

134 783 236 836 Pag.
259 785 403 831 13o‚2.
422 785 656 838 pappiae
681 784 1007 837 Palaeologo
1034 785 1453 838 protalagatori.

22 834 130 890 Vere
147 837 408 891 Palaeologus
436 837 510 877 'suit
534 846 699 891 paterna
726 841 894 893 origine,
922 847 969 878 ut
999 838 1166 892 liquebit
1191 854 1236 878 ex
1273 854 1362 892 cap.
1384 839 1447 879 30.

21 891 80 936 At
93 893 347 932 Andronicus
367 892 629 946 Palaeologus
658 895 1000 947 protovestiarius,
1022 902 1066 932 ut
1088 908 1134 933 ex
1158 909 1242 947 cap.
1258 894 1326 946 43.
1352 907 1451 931 con-

21 947 157 999 stabit,
186 956 356 988 matrem
382 948 522 988 habuit
542 951 718 1000 Annam,
740 964 916 989 sororem
938 950 1103 988 senioris
1124 949 1346 988 Andronici
1370 949 1450 987 Pa-

19 999 203 1056 laeologi,
231 1011 384 1057 patrem
414 1017 511 1043 vero
539 1004 776 1044 Michaelem
806 1019 828 1044 e
850 1003 1077 1044 Thessaliae
1114 1002 1298 1044 ducibus.
1341 1003 1450 1056 Ergo

18 1054 183 1097 honoris
210 1073 316 1112 ergo,
347 1060 441 1111 quia
465 1065 692 1098 maternum
719 1074 842 1113 genus
875 1059 968 1100 inde
995 1059 1174 1110 duceret,
1197 1060 1272 1099 hoc
1294 1058 1351 1098 illi
1373 1073 1448 1097 no-

19 1123 112 1150 men
145 1113 307 1161 datum,
346 1114 447 1152 sicut
482 1113 639 1154 feminis
674 1115 941 1167 quibusdam,
984 1121 1031 1152 ut
1055 1114 1260 1167 Eugeniae
1286 1113 1451 1154 Palaeo-

18 1164 132 1219 logae
171 1175 211 1207 et
259 1169 376 1207 matri
422 1170 545 1221 ipsius
588 1170 855 1209 Cantacuzeni
895 1169 1131 1210 Theodorae
1176 1169 1449 1223 Palaeologae.

28 1235 188 1275 ⁴omum.
220 1219 586 1275 πρωταλλαγάτορι
619 1226 677 1264 Μ.
708 1239 882 1278 quoque.

125 1278 228 1330 Pag.
263 1279 353 1329 132,
382 1293 423 1332 7.
467 1273 524 1325 ὡ’ς
561 1292 673 1326 τινος
711 1280 793 1319 τῶν
835 1276 1077 1331 κρειττόνων
1116 1275 1448 1329 θαυμαζόμενοι.

51 1346 104 1373 on
146 1331 338 1386 intelligo,
378 1347 502 1385 quare
540 1333 590 1372 ad
626 1334 724 1373 haec
763 1335 1063 1387 interpretanda
1106 1348 1189 1373 non
1228 1336 1379 1386 optime
1407 1340 1448 1372 et

43 1386 280 1427 ulcherrime
309 1388 506 1441 quadrent
536 1388 635 1427 haec
668 1390 724 1430 M.
756 1389 880 1429 Tullii
906 1404 951 1428 ex
977 1390 1223 1442 Pompeiana
1243 1419 1253 1437 ‚
1285 1388 1335 1427 de
1363 1389 1447 1441 ipso

23 1492 25 1494 Ι
53 1443 225 1496 ompeio,
253 1457 397 1495 magno
423 1445 687 1496 imperatore,
715 1459 829 1500 quem
853 1454 895 1485 ut
911 1446 1083 1500 aliquem
1105 1446 1211 1484 coelo
1237 1444 1447 1498 delapsum

22 1497 32 1506 ”
99 1507 222 1538 entur.
296 1498 432 1537 Simile
469 1506 529 1538 est
567 1498 669 1538 illud
702 1500 877 1539 eiusdem
918 1500 969 1539 ad
1008 1501 1208 1551 Quintum
1250 1498 1412 1537 fratrem
1433 1527 1445 1546 ,

66 1553 128 1595 ist.
151 1566 182 1592 1.
214 1551 282 1596 lib.
309 1566 345 1592 1.
360 1568 372 1592 t
428 1553 539 1592 Nam
577 1554 724 1593 Graeci
742 1556 902 1610 quidem
929 1556 986 1594 sic
1014 1565 1052 1594 te
1076 1556 1133 1594 ita
1157 1556 1356 1594 viventem
1379 1554 1445 1592 it.-

30 1608 236 1657 uehuntur,
269 1618 312 1647 uc
338 1608 546 1663 quemdam
576 1623 632 1648 ex
662 1611 869 1649 annalium
896 1611 1111 1659 memoria,
1151 1618 1219 1648 aut
1247 1611 1367 1648 etiam
1395 1609 1448 1647 de

80 1662 119 1702 lo
148 1663 331 1702 divinum
359 1664 554 1703 hominem
586 1678 666 1703 esse
694 1666 738 1705 in
771 1665 1027 1721 provinciam
1058 1665 1265 1719 delapsam
1298 1672 1450 1718 patens,

39 1731 186 1758 ORTAN.

122 1772 227 1825 Pag.
266 1773 355 1821 133,
388 1774 454 1812 23.
486 1770 592 1825 πρὸς
618 1769 663 1812 τὸ
692 1769 763 1812 τὸν
791 1772 965 1823 βασιλέα
990 1774 1047 1817 Μ.

121 1827 223 1880 Pag.
258 1828 347 1878 154,
374 1842 435 1867 12.
462 1830 652 1881 algore.
710 1829 817 1879 Quia
834 1828 1085 1882 frigidissima
1109 1828 1217 1882 regio
1240 1835 1298 1867 est
1310 1827 1446 1867 Thra-

35 1881 89 1932 ia,
114 1890 223 1922 recte
250 1882 472 1936 appellatur
514 1898 538 1922 a
567 1882 725 1922 Catullo
752 1885 941 1934 hort-ida,
981 1884 1033 1922 ab
1066 1884 1232 1922 Horatio
1264 1883 1354 1922 Ode
1383 1885 1445 1920 vi-

37 1938 159 1976 esima
189 1942 328 1991 quinta
356 1938 447 1977 libri
475 1939 583 1977 tertii
617 1940 712 1978 nive
737 1939 930 1978 candida.
985 1939 1161 1990 Quidam
1193 1938 1246 1977 ob
1276 1938 1315 1977 id
1347 1935 1441 1976 (ἶνέ-

79 2005 100 2031 ν
128 1990 421 2045 ἐργαστήριον,
453 2003 656 2032 ventorum
693 1991 893 2044 officinam
938 2008 1005 2033 seu
1029 1995 1275 2032 domicilium
1310 1994 1444 2031 nomi-

24 2054 170 2094 ,arunt.
214 2048 426 2102 Euripides
443 2048 608 2088 Hecuba
620 2046 819 2100 χιονώὸη,
848 2049 1042 2091 nivosam.
1098 2049 1161 2088 De
1187 2050 1272 2087 eius
1286 2048 1442 2101 frigori-

31 2115 86 2164 .us
113 2103 330 2155 immensis,
358 2103 574 2157 multisque
601 2103 793 2143 militibus
823 2117 961 2144 eorum
988 2103 1027 2144 vi
1043 2105 1201 2155 enectis,
1230 2103 1333 2143 libro
1361 2111 1442 2142 ter-

29 2169 67 2196 ιο
94 2165 322 2210 exponetur.
377 2172 552 2199 porrum.

115 2213 216 2266 Pag.
251 2212 341 2264 134,
380 2227 442 2268 ¹7·
483 2210 650 2266 τάγμα,
679 2220 725 2251 ut
752 2214 969 2261 cohortem,
1003 2227 1125 2267 quam
1157 2214 1348 2266 legionem
1379 2213 1442 2251 in-

97 2275 270 2307 retemur
300 2270 457 2322 potius,
486 2284 550 2308 res
581 2271 666 2322 ipsa
693 2270 811 2321 cogit.
867 2269 1001 2308 Etiam
1030 2269 1125 2307 alibi
1157 2270 1264 2308 malo
1294 2267 1441 2307 cohor-

48 2336 112 2362 m:
142 2325 257 2375 parvi
286 2326 392 2363 enim
425 2326 617 2364 exercitus
645 2323 771 2374 fuere,
799 2338 899 2377 quos
927 2324 1148 2363 Andronici
1178 2332 1217 2363 et
1243 2324 1440 2362 Cantacu-

79 2391 126 2417 us
153 2378 367 2428 duxerunt,
394 2394 467 2419 nec
494 2379 639 2418 multas
667 2378 840 2431 legiones
870 2379 1143 2421 confecerunt.
1197 2379 1343 2432 Magna
1377 2385 1438 2416 ta-

50 2445 99 2472 en
131 2432 275 2473 auxilia
303 2434 354 2473 ab
383 2434 553 2473 Amurio
583 2441 623 2474 et
650 2434 838 2473 Orchane
865 2434 1073 2487 aliquoties
1111 2441 1320 2474 venerunt.
1375 2433 1439 2471 De

54 2487 236 2528 hortibus
267 2490 539 2529 Romanorum
571 2496 670 2543 quot
697 2489 888 2528 militibus
916 2496 1156 2536 constarent,
1186 2489 1278 2529 vide
1309 2487 1439 2540 Vege-

0 2553 3 2561 “
25 2541 107 2581 'um
134 2542 205 2582 lib.
224 2558 259 2584 2.
282 2558 366 2598 cap.
388 2545 423 2583 5.
437 2552 475 2584 et
486 2545 525 2584 6.
542 2552 580 2584 et
611 2544 805 2584 Alexand.
833 2545 884 2584 ab
912 2545 1106 2584 Alexand.
1137 2544 1210 2584 lib.
1234 2559 1265 2587 1.
1294 2556 1382 2595 cap.
1397 2541 1438 2581 5.

29 2603 47 2637 t
72 2596 144 2639 lib.
173 2597 214 2637 6.
246 2613 333 2651 cap.
365 2601 423 2639 13.
480 2614 652 2639 PONTAN.

111 2654 213 2704 Pag.
250 2652 339 2703 134,
381 2656 444 2695 25.
489 2651 663 2703 αἵματος
710 2647 885 2694 ἄπιστόν
923 2669 963 2693 τι
1017 2651 1176 2704 χρῆμα.
1262 2651 1434 2703 Propria

0 2707 252 2748 ¹3raecorum
298 2708 394 2749 hacc
439 2709 630 2764 elegantia
671 2725 741 2750 scu
771 2711 928 2763 elegans
956 2708 1020 2748 hic
1052 2706 1242 2760 loquendi
1275 2707 1431 2756 modus,
