1800 3164
305 172 380 246 98
839 182 1208 227 CANTAcUzENJ

103 294 141 328 A.
155 293 191 327 C.
210 290 295 335 1348
307 290 397 330 λειά
425 303 501 331 σου
531 288 654 330 πάλιν
684 288 727 337 ἐξ
755 279 811 327 ὧν
831 283 917 337 ἔχει
947 284 1021 338 ἀφ’
1041 282 1160 336 ἡμῶν
1179 282 1368 335 σκλάβων
1387 279 1439 322 νά
1467 283 1607 336 πέμπῃ
1636 276 1739 334 πρὸς
1775 309 1782 317 .

268 352 428 409 Βῆμᾶς.
489 351 599 407 ὅμως
625 350 834 406 ὥρι’σαμεν
862 350 935 390 καί
961 346 1186 403 ἐπληρώθη
1227 346 1298 388 καί
1325 344 1369 388 τὸ
1401 345 1563 401 ζήτημα
1588 346 1738 397 τοῦτο,

306 423 378 462 καί
404 417 751 475 ἠλευθερώσαμεν
780 412 905 464 ὅσους
931 413 1126 468 ἐζήτησεν
1153 411 1175 454 ὅ
1202 409 1518 467 ἆποκρισιάριος
1535 442 1546 465 ,
1564 408 1635 451 καί
1659 425 1739 450 πα-

307 488 478 542 ρέλαβεν
519 481 685 530 αὐτούς.
741 479 865 522 πάλιν
904 478 1101 534 ἐζήτησεν
1141 478 1163 521 ὅ
1203 475 1519 533 ἅποκρισιάριος
1555 473 1609 518 νά
1649 471 1741 516 ἔναι

307 551 538 606 ἀσφάλεια,
555 550 614 595 εἰς
640 546 736 595 τούς
762 547 1013 601 ἐρχομένους
1041 542 1123 586 §dai
1153 544 1223 585 ἀπ’
1240 542 1374 585 αὐτοῦ
1400 538 1776 598 πραγματευτάς,5

305 619 379 658 καί
405 615 690 670 ἑγροικίσαμέν
717 628 787 662 το,
826 613 899 653 καί
923 612 1082 665 ἐγένετο
1113 607 1310 666 ὅρισμὸς,
1348 609 1418 651 ἵνα
1451 607 1741 661 α’ναδέχωνται

304 681 402 728 τοὺς
432 678 650 727 τοιούτους
676 675 1016 733 πραγματευτὰς,
1052 677 1125 718 καί
1154 676 1428 732 φυλάσσωσιν
1458 670 1635 725 αὕτούς,
1663 687 1740 713 κα-

305 745 394 794 θώς
424 742 616 800 ἐζήτησεν
644 741 665 785 ὃ
700 741 1029 798 α’ποκρισιάριος,
1074 740 1146 783 καί
1170 742 1224 795 μὲ
1263 740 1332 783 τὸν
1364 736 1624 795 ὑψηλότατον
1653 736 1742 794 ὁρι-

303 809 430 864 σμὸν,
469 812 543 852 καί
580 812 633 863 μὲ
661 808 736 865 τὴν
762 810 987 863 ἀπολογίαν
1014 807 1268 863 ἑγυρίσαμεν
1294 805 1363 848 τὸν
1403 802 1742 860 ἄποκρισιάριον,

304 880 377 919 καί
398 875 450 926 ἃς
471 875 652 934 ιγινώσκῃ
681 877 799 917 τοῦτο
830 872 1008 930 α’ληθινά
1038 871 1064 928 ἦ
1091 875 1286 927 βασιλεία
1314 888 1406 913 σου.
1437 869 1510 913 καὶ
1535 866 1637 912 ὅταν
1663 867 1739 925 ἔχῃ
1757 889 1797 917 ω

304 945 469 997 θέλημα
493 937 544 991 ἅς
569 957 654 995 μας
682 939 826 998 φθάνῃ
857 939 1089 994 μανδάτον,
1121 937 1172 982 νά
1198 937 1482 993 πληρώσωμεν
1505 935 1553 978 τὸ
1573 936 1742 990 θέλημα

306 1010 381 1062 ’τῆς
395 1006 609 1061 βασιλείας
630 1022 719 1050 σου.
747 1007 865 1062 ἡμεῖς
894 1005 1097 1061 πρότερον
1125 1003 1407 1059 ἐγνωρίσαμεν
1432 998 1546 1052 ὅπως
1574 998 1631 1050 ὥς
1653 1002 1742 1043 εἰσ-

268 1075 435 1128 emes»
477 1074 504 1128 ἦ
543 1074 736 1126 βασιλεία
784 1088 859 1114 σου
896 1073 950 1124 μὲ
975 1070 1048 1113 τὸν
1078 1068 1250 1125 ὁρισμὸν
1275 1071 1348 1110 τοῦ
1375 1070 1503 1121 θεοῦ,
1532 1068 1607 1109 καί
1632 1065 1740 1120 μετά

307 1137 451 1194 ἰσχύος
477 1140 660 1194 μεγάλης
695 1141 755 1187 εἰς
781 1136 859 1193 τήν
879 1136 1008 1190 πόλιν,
1050 1138 1172 1178 οὐδὲν
1199 1136 1407 1190 ἐμνήσθης
1442 1133 1601 1186 κακῶν,
1633 1129 1741 1174 ἄλλά

303 1204 509 1262 ἓφύλαξες
548 1203 623 1246 τὸν
661 1202 751 1246 υἱὸν
799 1205 878 1245 τοῦ
912 1205 1139 1257 βασιλέως,
1184 1203 1256 1243 καί
1293 1197 1602 1254 ε’συνεπάθησες
1644 1195 1743 1246 τούς
1758 1203 1795 1244 ιε

301 1269 485 1327 ἐχθρούς
513 1286 615 1323 σου,
654 1268 727 1311 καὶ
761 1271 973 1325 ἐχάρημεν
1007 1271 1067 1318 εἰς
1093 1269 1218 1310 τοῦτο
1245 1264 1404 1319 πολλὰ,
1425 1266 1498 1307 καί
1522 1264 1742 1306 ἐπαινέσα-

299 1352 377 1390 μεν
414 1334 491 1390 τήν
529 1335 748 1390 βασιλείαν
787 1350 878 1377 σου.
921 1336 1036 1388 τῶρα
1069 1332 1194 1375 πάλιν
1230 1332 1450 1386 ἐμάθαμεν
1478 1331 1597 1373 τοῦτο
1636 1332 1743 1371 πλα-

300 1401 451 1457 τύτερα
491 1400 563 1443 καί
601 1401 879 1456 καθαρώτερα
923 1402 998 1442 καί
1035 1398 1117 1442 α’πό
1157 1398 1230 1441 τὸν
1258 1396 1522 1452 πατριάρχην
1551 1394 1624 1438 τὸν
1652 1394 1743 1438 Λά-

305 1470 431 1523 ζαρον
475 1470 549 1509 καί
579 1465 662 1508 ἆπὸ
705 1465 778 1507 τὸν
806 1462 993 1520 ἄρχοντα
1022 1465 1096 1507 τὸν
1131 1461 1447 1518 ἅποκρισιάριον
1473 1459 1545 1505 τὸν
1564 1463 1744 1504 Μανθυ-

307 1534 382 1589 ὴλ,
409 1535 481 1574 καί
505 1531 551 1574 τὸ
584 1534 671 1582 πῶς
697 1529 768 1574 τὸν
798 1530 949 1580 ἔδωκες
978 1529 1055 1586 την
1083 1532 1298 1584 θυγατέρα
1325 1543 1428 1581 σου,
1456 1527 1530 1570 καί
1555 1525 1800 1582 ἕποιἠσεςπ

303 1599 430 1643 αὐτὸν
461 1598 555 1640 υἱόν
582 1613 658 1640 σου
685 1600 757 1640 καί
785 1596 975 1652 γαμβρόν
1006 1611 1108 1649 σου,
1155 1597 1228 1638 καί
1267 1595 1327 1643 εἷς
1374 1590 1479 1635 αὐτὸ
1510 1590 1742 1648 πλειότερον

302 1665 539 1721 ἐχάρημεν,
585 1663 657 1705 καί
692 1662 713 1704 ὅ
754 1661 856 1712 θεὸς
896 1663 971 1718 τὴν
1012 1662 1189 1718 καρδίαν
1219 1676 1295 1702 σου
1343 1658 1394 1702 νά
1423 1658 1496 1714 τὴν
1522 1656 1740 1715 πλατύνῃ,

302 1733 375 1773 καί
410 1729 484 1786 τήν
523 1727 671 1785 χώραν
705 1744 781 1770 σου
836 1731 895 1778 εἷς
925 1727 971 1770 τὸ
1006 1730 1051 1770 ἓν
1081 1725 1230 1769 ἑκατὸν
1259 1726 1310 1769 νὰ
1347 1724 1424 1780 τήν
1451 1724 1631 1782 ποιήσῃ,
1670 1726 1743 1765 καὶ

303 1797 350 1839 τὸ
382 1797 539 1839 ona-9132
569 1809 645 1837 σου
675 1796 734 1843 εἷς
758 1793 855 1844 τοὺς
878 1794 1065 1849 ’ἐχθρούς
1106 1808 1182 1835 σου
1212 1789 1391 1849 φοβερὸν
1418 1789 1470 1833 νά
1498 1788 1545 1832 τὸ
1574 1786 1740 1846 ποιήσῃ.
1799 1834 1800 1842 2

397 1885 429 1918 8.
453 1880 547 1929 μετὰ
570 1873 649 1916 τὸν
662 1881 698 1915 Ρ.
818 1891 873 1914 21.
899 1879 1106 1924 πλεότερον
1127 1879 1161 1912 Ρ.
1275 1877 1329 1922 24.
1352 1878 1476 1910 σπαθί
1496 1878 1545 1911 Μ.

304 1974 402 2002 mus,
440 1972 530 2006 quos
572 1963 609 1993 et
639 1969 759 1992 secum
784 1957 948 1991 abduxit.
995 1956 1172 2001 Apposuit
1199 1961 1235 1989 et
1258 1955 1327 1989 hoc
1354 1955 1486 1998 rogatis
1515 1956 1678 2002 legatus,
1700 1961 1743 1990 ut
1799 1954 1800 1960 ¹

305 2007 567 2042 mercatoribus
601 2005 687 2038 inde
712 2004 782 2036 huc
805 2003 1035 2038 venientibus
1067 2009 1147 2037 tuto
1173 2003 1383 2035 commorari
1410 2003 1527 2035 liceat.
1577 2003 1644 2036 Cui
1673 2015 1742 2036 au-

305 2067 361 2090 res
390 2053 621 2100 praebuimus
646 2052 898 2096 ediximusque
922 2050 1092 2095 publice,
1130 2053 1171 2081 ut
1194 2049 1403 2081 huiusmodi
1433 2053 1647 2082 mercatores
1674 2049 1741 2082 ad-

305 2103 498 2135 mittantur
520 2104 557 2132 et
577 2098 837 2138 defendantur,
861 2096 1162 2142 quemadmodum
1186 2096 1322 2139 legatus
1346 2101 1541 2140 rogaverat.
1577 2096 1638 2129 Sic
1661 2106 1741 2130 cum

306 2149 511 2193 gravissimo
549 2146 669 2179 edicto
711 2150 748 2178 ct
782 2144 1016 2189 responsione
1052 2143 1210 2188 legatum
1234 2141 1458 2181 dimisimus,
1492 2147 1530 2174 et
1563 2141 1634 2176 hoc
1657 2148 1741 2175 tuae

306 2194 504 2233 maiestati,
529 2198 570 2225 ut
593 2192 838 2231 verissimum,
863 2196 988 2223 notum
1015 2200 1090 2223 esse
1115 2189 1288 2234 cupimus.
1360 2187 1500 2231 Quodsi
1525 2188 1616 2234 quid
1639 2188 1742 2222 aliud

306 2241 483 2279 voluerit,
508 2238 614 2271 nobis
633 2236 787 2277 indicet,
809 2242 845 2270 et
872 2237 1050 2270 voluntati
1084 2236 1159 2269 eius
1185 2234 1452 2267 satisfaciemus.
1499 2235 1573 2268 Nos
1598 2240 1635 2267 te
1656 2241 1742 2280 post

307 2293 410 2320 tuum
431 2288 470 2319 in
493 2284 619 2318 urbem
638 2285 706 2316 Dei
725 2288 816 2316 nutu
841 2295 918 2316 cum
944 2283 1090 2316 robusta
1112 2293 1218 2315 manu
1244 2281 1440 2325 ingressum
1466 2282 1644 2315 malorum
1668 2281 1739 2315 tibi

307 2335 544 2378 irrogatorum
570 2331 726 2364 oblitum
751 2341 840 2370 esse,
858 2330 1084 2374 imperatoris
1104 2329 1217 2362 filium
1242 2338 1481 2367 conservasse,
1495 2328 1652 2362 inimicis
1665 2327 1739 2360 mi-
1773 2358 1784 2371 ,

306 2379 538 2414 sericordiam
560 2377 756 2416 tribuisse,
781 2376 933 2409 antehac
969 2378 1206 2421 cognovimus.
1253 2375 1305 2407 Ex
1339 2385 1411 2419 quo
1444 2385 1608 2418 magnam
1639 2375 1738 2419 cepi·
1772 2390 1775 2391 ⁷

308 2437 385 2461 mus
411 2425 711 2463 delectationem,
737 2427 846 2468 teque
875 2423 1209 2457 commendavimus.
1265 2420 1308 2453 Id
1333 2421 1439 2454 modo
1465 2421 1580 2454 fusius
1605 2425 1642 2454 et
1665 2421 1737 2454 cla-

309 2474 382 2506 rius
409 2483 428 2504 a
456 2470 658 2516 patriarcha
692 2470 823 2503 Lazaro
854 2476 890 2503 ct
917 2470 1099 2514 praefecto
1125 2467 1291 2502 Manuele
1319 2467 1534 2509 didicimus,
1560 2473 1601 2502 ut
1625 2468 1736 2501 etiam

309 2519 476 2560 illud‚te‚
493 2517 575 2551 data
598 2518 637 2550 in
664 2516 886 2550 matrimonii
909 2518 1116 2550 societatem
1141 2513 1357 2549 adolescenti
1381 2515 1454 2547 filia
1468 2521 1542 2555 tua,
1567 2519 1605 2547 et
1627 2525 1735 2558 gene-

309 2578 388 2600 rum
411 2565 482 2599 tihi
511 2570 549 2598 et
572 2564 687 2596 filium
722 2568 928 2607 cooptasse:
963 2563 1060 2597 unde
1092 2563 1200 2595 etiam
1233 2561 1400 2594 uberiore
1433 2561 1565 2605 gaudio
1597 2560 1734 2605 perfusi

309 2623 440 2647 sumus.
489 2611 586 2643 Deus
618 2610 745 2643 dilatet
775 2621 834 2643 cor
863 2615 964 2642 tuum
1002 2616 1112 2655 atque
1137 2607 1324 2652 imperium
1360 2612 1476 2648 tuum,
1507 2617 1549 2639 ac
1569 2617 1634 2650 pro
1660 2617 1733 2639 uno

309 2665 453 2694 centum
476 2657 637 2696 tribuat,
662 2655 893 2701 gladiumque
916 2662 1017 2690 tuum
1041 2655 1206 2690 hostibus
1229 2654 1494 2687 formidabilem
1520 2651 1648 2686 efficiat
1663 2677 1674 2692 ‚
1695 2657 1734 2686 et
1786 2669 1789 2678 ι

308 2711 346 2740 te
378 2709 582 2745 conservet,
616 2702 935 2744 misericordiaque
968 2714 1008 2736 ac
1044 2703 1283 2736 beneficentia
1320 2712 1383 2734 sua
1415 2700 1563 2734 beatum
1595 2698 1733 2732 reddat.

307 2754 447 2794 Etiam,
482 2752 533 2786 ita
567 2751 649 2793 fiat,
682 2759 829 2796 precor,
859 2751 957 2785 Deus
990 2751 1173 2784 altissime.
1222 2745 1361 2795 Scripta
1398 2752 1451 2781 cst
1488 2746 1642 2793 epistola
1672 2744 1731 2778 die
