1794 3158
404 187 478 227 ΑΙ)
514 186 887 231 εΑΝΤΑουΖΕΝι
927 190 1024 229 Lm.
1052 191 1124 229 111.
1364 171 1434 226 53
1450 193 1466 226 1

150 287 256 342 Pag.
279 288 371 341 564,
395 290 431 330 5.
463 300 618 331 testes
659 294 858 344 angeli.
917 293 1081 347 Saepius
1114 295 1155 332 in
1184 293 1380 348 scriptura
1410 295 1474 334 di-

27 343 131 396 ·vina
158 345 286 398 angeli
318 353 437 385 testes
467 349 656 390 citantur.
712 350 844 388 Lucae
881 362 969 388 12.:
1001 350 1081 403 Qui
1108 364 1170 388 me
1195 364 1266 389 con
1285 364 1384 388 essm,-
1407 366 1474 390 co⁶

18 412 127 448 'ram
154 401 397 451 hominibus,
430 403 642 458 confitebor
662 413 702 442 et
729 418 798 456 ego
829 418 918 442 eum
949 418 1084 442 coram
1113 406 1263 456 angelis
1294 404 1389 447 Dei.
1439 420 1475 444 1.

12 453 216 496 ‘Corinth
246 454 310 506 4:
345 457 624 511 Spectaculum
642 460 758 510 jacti
783 473 912 497 sumus
948 474 1083 498 coram
1112 459 1217 510 Deo,
1250 461 1404 512 angelis
1438 469 1477 500 et

29 509 265 552 hominibus.
295 511 447 554 Psalm.
475 513 590 566 137.:
625 514 677 552 In
702 523 905 568 conspecta
920 515 1149 566 angelorum
1176 516 1358 569 psallam
1389 517 1475 558 tihi.

36 563 155 603 Mitto
183 565 291 604 locos
314 566 427 606 alios.
485 568 563 606 Sed
594 576 639 607 ut
668 568 798 621 angeli
827 571 962 608 omnia
992 570 1220 608 mortalium
1248 569 1352 609 facta
1381 585 1475 623 per-

35 619 226 671 spiciant,
259 623 429 675 cogitata
466 623 627 676 quidem
665 638 746 663 non
774 626 1043 678 perspiciunt:
1085 626 1196 664 Deus
1226 624 1334 665 solus
1371 640 1476 680 καρ·
1536 647 1542 653 -

37 670 300 728 διογναὶστης.
329 692 500 717 roim-AN.

146 729 245 784 Pag.
268 731 364 782 365,
390 747 450 787 ¹7·
478 733 619 772 illud
651 733 937 777 Chabriae.
995 735 1084 774 Hoc
1112 735 1234 785 dicto,
1278 743 1476 789 quantum

35 782 76 821 in
115 785 262 825 virtute
301 787 412 826 ducis
451 789 571 826 situm
604 789 817 841 videatur,
864 789 1065 843 praeclare
1102 791 1336 830 ostenditur.
1393 793 1476 830 Leo

36 838 278 880 fortitudinis
300 872 311 891 ,
342 856 485 882 cervus
512 844 736 883 timiditatis
763 845 991 899 symbolum
1019 860 1088 885 seu
1116 846 1474 900 hieroglyphieum.

37 907 208 936 ronna·
1438 946 1441 950 ¹

13 955 19 960 '
144 950 254 1005 Pag.
284 952 378 1002 566,
410 955 474 995 23.
518 955 695 993 ludos·
717 956 1019 1008 gymnicos.
1081 956 1304 1007 Gymnicus
1344 956 1476 1008 ludas,

34 1004 166 1058 inquit
194 1007 371 1047 Isidorus
403 1009 567 1064 etymol.
600 1010 668 1052 lib.
704 1012 764 1053 18.
795 1026 882 1064 cap.
907 1025 982 1065 ¹7·’
1011 1020 1067 1050 est
1086 1012 1307 1050 velocitatis
1333 1024 1384 1049 ac
1409 1014 1475 1049 vi-

32 1061 139 1100 r'ium
160 1062 303 1113 gloria.
363 1065 481 1103 Caius
506 1066 610 1104 locas
641 1068 897 1116 gymnasium
920 1067 1097 1117 dicitur,
1143 1066 1209 1104 uhi
1245 1075 1478 1104 exercentur

32 1116 200 1156 athletae
248 1127 286 1157 et
314 1134 515 1159 cursorum
541 1121 733 1160 velocitas
765 1122 1044 1175 comprobatur
1088 1127 1165 1160 etc.
1224 1121 1476 1160 Crotoniatas

36 1170 234 1223 palaestra
272 1181 311 1213 et
350 1177 536 1228 gymnico
575 1177 791 1214 certamine
818 1178 1000 1229 inprimis
1047 1183 1087 1215 et
1118 1190 1239 1230 supra
1267 1175 1364 1215 alios
1401 1190 1474 1215 va-

34 1224 170 1273 luisse,
203 1230 405 1281 proditum
435 1238 492 1269 est
524 1230 678 1270 litteris.
710 1245 882 1270 PONTAN.

145 1282 253 1338 Pag.
279 1284 373 1336 368,
395 1286 461 1324 23.
493 1282 563 1324 διὰ
593 1282 666 1338 τήν
694 1283 817 1325 νόσον
844 1280 1013 1338 ταύτην.
1071 1284 1209 1325 Animi
1238 1288 1350 1337 vitia,
1382 1300 1477 1339 pra-

33 1337 177 1377 vitates
219 1346 258 1378 et
289 1341 596 1379 consuetudines
639 1355 780 1393 parum
811 1341 937 1379 bonas
967 1355 1012 1379 ae
1039 1339 1261 1380 laudabiles
1296 1342 1476 1380 latinita-

34 1392 85 1431 tis
116 1401 296 1433 auctores
327 1402 472 1434 vocant
500 1395 675 1443 morbos,
710 1397 852 1434 imitati
885 1396 1057 1435 Graecos
1087 1397 1298 1435 videlieet:
1334 1403 1373 1436 et
1392 1397 1476 1435 ani-

34 1451 146 1487 mum
186 1449 247 1488 his
283 1449 468 1489 affectum
510 1458 716 1503 aegrotare
762 1451 901 1490 dicunt
950 1458 990 1490 et
1030 1459 1238 1504 aegrotum
1278 1452 1473 1490 animum.

34 1502 210 1543 Proinde
255 1506 374 1544 etiam
419 1505 658 1545 medicinam
701 1508 823 1545 animi
875 1513 914 1545 et
950 1507 1081 1545 curari
1125 1508 1318 1545 animum.
1395 1507 1477 1546 Pro

34 1558 171 1598 multis
199 1574 304 1599 unus
332 1561 441 1600 testis
469 1561 637 1600 sufficiat
664 1561 802 1600 Cicero
832 1562 955 1600 Tusc.
989 1575 1029 1599 α.
1069 1576 1243 1602 romun-

149 1615 374 1670 Pag.369‚
403 1630 465 1655 12.
516 1631 722 1655 rerum
766 1627 1059 1656 naturam
1127 1631 1476 1659 sermonem.

36 1667 171 1709 Verba
199 1679 292 1709 sunt
320 1673 432 1725 signa
475 1679 512 1710 et
541 1679 657 1710 notae
689 1686 852 1722 rerum,
894 1686 976 1709 non
1014 1679 1146 1710 autem
1189 1686 1250 1711 res
1288 1675 1400 1726 signa
1439 1679 1479 1711 et

36 1727 154 1764 notae
183 1726 410 1768 verborum.
467 1727 522 1765 Et
551 1741 613 1764 res
641 1726 774 1765 verbis
804 1729 954 1779 priores
984 1734 1089 1766 sunt.
1134 1728 1275 1780 Itaque
1303 1727 1479 1766 sentien-

35 1779 134 1818 dum
163 1788 200 1819 et
232 1780 493 1834 loquendum,
531 1789 575 1819 ut
604 1796 737 1819 rerum
766 1789 911 1819 natura
940 1781 1026 1819 fert.
1057 1795 1223 1820 PONTAN.

147 1835 254 1889 Pag.
278 1838 373 1890 377,
396 1850 460 1875 22.
489 1838 685 1888 sagitta
719 1851 915 1875 veneno
950 1836 1121 1877 illita.
1151 1838 1247 1875 Fuit
1280 1837 1356 1875 hoc
1381 1836 1479 1875 olim

37 1891 78 1929 i'n
109 1905 219 1930 more
255 1892 495 1945 quibusdam
538 1892 738 1945 gentibus.
793 1893 854 1929 De
894 1892 1014 1929 Mibis
1048 1891 1286 1945 Aethiopiae
1321 1891 1480 1944 populis

36 1944 156 1984 Silius
186 1946 288 1986 libro
318 1949 391 1987 3.:
440 1948 609 2003 Spicula
638 1947 811 1999 dirigere
841 1955 878 1985 ec
897 1948 1061 1998 fimum
1078 1947 1284 1998 infamare
1312 1961 1480 1985 veneno-

37 2001 232 2055 Virgilius
262 2016 303 2056 9.
335 2003 525 2042 Aeneid.:
581 2001 734 2055 Ungerc
769 2002 849 2040 tela
876 2016 996 2040 manu
1034 2001 1274 2056 jhm-umque
1306 2015 1476 2040 armare

36 2071 202 2096 veneno.
260 2059 315 2097 Et
355 2057 459 2098 libro
497 2072 583 2097 10.:
632 2057 814 2096 Vulnera
842 2057 1017 2108 dirigere
1053 2065 1089 2094 et
1118 2058 1296 2095 calamos
1323 2071 1480 2095 armare

37 2126 199 2153 veneno.
257 2113 373 2153 Adde
403 2115 616 2154 Horatium
645 2113 736 2151 Ode
764 2126 830 2151 22.
861 2111 930 2151 lib.
969 2125 1030 2151 1.:
1076 2112 1276 2151 venenatis
1304 2111 1482 2164 gravida

36 2169 201 2220 sagittis,
234 2169 374 2219 Fusae,
398 2171 605 2224 pharetra.
637 2169 814 2209 'rourum

59 2227 62 2230 ’
149 2223 248 2276 Pag.
284 2223 378 2276 584,
408 2225 447 2264 3.
484 2225 764 2279 pulverem
801 2222 859 2261 de
909 2222 1107 2277 capite.
1185 2220 1399 2260 Veteribus
1438 2222 1480 2260 in

39 2276 166 2325 luctu,
200 2282 431 2331 praesertim
457 2279 648 2327 funebri,
681 2293 766 2317 mos
799 2279 873 2317 suit
901 2284 1020 2330 eaput
1048 2277 1180 2315 cinere
1220 2284 1290 2315 aut
1318 2276 1482 2328 pulvere

40 2336 270 2387 aspergere:
321 2349 438 2389 quem
478 2334 600 2373 habes
640 2335 759 2372 etiam
807 2333 913 2386 apud
962 2333 1170 2371 Maronem
1214 2331 1286 2370 hb.
1321 2345 1380 2373 ¹2.
1433 2332 1484 2370 (lc

42 2389 187 2428 Latino
218 2403 319 2442 rege.
382 2391 435 2428 Et
475 2389 576 2428 libro
612 2403 667 2427 10.
708 2390 757 2427 de
785 2389 982 2427 Mezentio
1019 2395 1182 2440 propter
1220 2386 1393 2424 occisum
1431 2387 1483 2424 ab

43 2442 180 2483 Aenea
210 2445 386 2483 Lausum
417 2445 558 2486 fllium.
615 2444 660 2482 In
690 2458 810 2497 quem
838 2443 972 2483 locum
1001 2443 1108 2492 vide,
1139 2443 1171 2480 si
1207 2440 1339 2487 lubet,
1373 2455 1483 2493 syrn-

40 2497 153 2538 holas
182 2507 350 2541 nostras.
428 2500 533 2539 Sane
570 2501 611 2537 in
651 2501 771 2538 sacris
811 2499 952 2538 litteris
981 2497 1159 2550 exempla
1198 2495 1320 2534 moris
1363 2495 1484 2534 huius

0 2561 1 2566 ’
41 2553 265 2606 frequentia
294 2563 396 2595 sunt.
427 2569 603 2595 romnu-
1070 2594 1072 2596 ,

154 2609 258 2661 Pag.
277 2611 377 2659 401,
403 2625 436 2652 1.
478 2609 549 2650 ἑπί
578 2604 654 2654 τὰς
687 2607 768 2647 τῶν
798 2605 1064 2661 γεγραφότων
1092 2603 1322 2655 τρέπωνται
1351 2617 1482 2656 κεφα-

41 2657 133 2708 λάς.
189 2663 320 2703 Aliter
344 2667 487 2705 Graeci
518 2666 637 2704 etiam
667 2663 743 2703 hoc
779 2664 915 2713 modo,
945 2662 1003 2707 εἰς
1031 2656 1215 2710 κεφαλήν
1249 2671 1342 2709 σοι,
1383 2661 1483 2697 citra

41 2716 303 2758 adiectionem
331 2721 457 2760 verbi.
513 2718 760 2758 Subauditur
803 2718 1005 2770 τρέποιτο.
1065 2715 1215 2752 Dicunt
1257 2715 1375 2752 etiam
1405 2714 1482 2750 La-

41 2772 115 2811 t‘mi
137 2803 150 2824 ,
176 2774 285 2828 quod
310 2775 353 2814 ἱη
382 2784 498 2830 capnt
525 2783 629 2814 tuum
656 2774 811 2813 recidat
822 2787 837 2821 ;
875 2770 982 2824 qnod
1008 2770 1049 2808 in
1075 2777 1196 2823 caput
1218 2778 1324 2808 tuum
1352 2775 1482 2806 verta-
